1894 3253
237 265 326 305 186

704 286 706 288 -
734 257 794 303 T.
847 255 1229 305 LUCRETII

238 394 348 431 1090
377 389 505 439 Quod
525 388 650 437 calor,
673 404 699 429 a
718 388 856 429 medio
875 388 1053 446 fugiens,
1074 389 1132 429 ibi
1153 388 1333 445 conligat
1354 390 1502 431 omnis:

375 463 566 518 [Quippe
586 463 708 504 etiam
731 464 836 505 vesci
856 479 879 505 e
898 463 1007 505 terra
1028 464 1216 505 mortalia
1236 464 1381 517 secla5]

374 537 464 579 Nec
483 552 675 593 prorsum
696 539 911 581 arboribus
931 555 1111 581 summos
1129 539 1391 581 frundescere
1411 554 1551 580 ramos

231 693 370 723 siderum
382 692 568 723 micantium
583 693 699 734 ignem.
744 695 851 725 Faber.

234 744 361 782 Statim,
379 744 477 774 Theb.
495 744 515 774 i.
531 748 602 775 553.

487 819 537 838 nec
548 820 604 838 non
613 814 726 845 abrupta
737 814 884 839 tremiscunt

260 852 383 884 Fulgura:

228 922 265 946 ut
280 915 406 945 Ennius
423 916 508 955 apud
524 917 740 947 Macrobium:

229 983 335 1008 Lumine
345 983 380 1007 sic
391 984 497 1008 tremulo
509 988 580 1009 terra
596 989 623 1008 et
634 991 701 1008 cava
713 984 814 1009 caerula
825 985 958 1010 candent:

227 1057 301 1077 cum
313 1058 376 1088 quo
387 1058 477 1078 versu
493 1058 652 1088 compares
663 1048 770 1078 statim
782 1049 960 1079 venientem

226 1109 288 1129 ver.
309 1103 398 1131 1089.
420 1100 458 1129 iv.
476 1104 547 1130 406.

230 1150 280 1180 Sic
303 1151 399 1180 etiam
423 1151 545 1189 Cicero,
572 1151 611 1182 de
634 1151 728 1181 divin.
752 1152 771 1182 i.
791 1156 838 1183 11.
865 1163 960 1192 quem

227 1203 432 1243 castigatione
458 1203 572 1243 leporis
606 1214 671 1233 non
695 1202 797 1232 infimi
827 1203 957 1234 donabi-

227 1264 312 1284 mus:

256 1323 324 1346 Nam
337 1323 457 1354 primum
476 1326 609 1347 astrorum
629 1322 771 1353 volumen,
793 1326 821 1348 te
837 1323 956 1353 consule,

381 1365 482 1392 motus,

255 1403 463 1433 Concursusque
469 1402 554 1434 gravi
564 1402 702 1427 stellarum
713 1404 796 1427 albore
807 1405 957 1434 micanteis,

253 1446 298 1468 Tu
317 1451 436 1475 quoque,
458 1451 542 1475 quom
558 1445 678 1470 tumulos
696 1446 800 1471 Albano
817 1447 844 1470 in
861 1450 956 1471 monte

379 1484 489 1510 nivaleis

254 1525 395 1555 Lustrasti,
407 1529 434 1550 et
447 1525 512 1550 laeto
523 1528 650 1552 mactasti
661 1527 731 1552 lacte
742 1528 861 1557 Latium,

254 1564 359 1594 Vidisti,
371 1568 398 1589 et
410 1565 482 1589 claro
493 1566 613 1590 tremulos
623 1567 714 1590 ardore
724 1571 852 1592 cometas.

226 1627 355 1667 Optime
371 1628 551 1668 Turnebus,
573 1630 625 1660 cui
640 1630 790 1661 debuerat
807 1630 954 1660 Davisius

221 1679 379 1716 assentire,
393 1683 485 1719 gravi
500 1682 651 1720 reposuit,
668 1692 725 1721 pro
737 1685 842 1721 gravis
858 1682 952 1712 libro-

220 1741 301 1761 rum.
349 1731 389 1761 In
416 1732 560 1762 hocloco
576 1743 641 1763 non
669 1739 735 1763 erat
757 1744 875 1764 nomen
894 1744 953 1763 nu-

220 1783 298 1813 dum
315 1784 453 1823 epitheto
471 1795 528 1814 suo
543 1785 800 1826 relinquendum.
848 1786 955 1826 Vulgo

220 1835 358 1875 insuper,
375 1840 486 1868 ardore
492 1854 502 1873 ;
527 1837 581 1867 sed
596 1839 793 1869 verissimum
809 1844 866 1877 est,
887 1839 952 1878 opi-

223 1898 349 1927 namur,
372 1890 422 1920 vel
439 1891 478 1920 ob
501 1890 635 1921 eandem
657 1892 828 1922 dictionem
851 1892 956 1922 statim

220 1949 446 1981 recurrentem,
464 1949 625 1974 tentamen
641 1944 787 1983 positum.
812 1949 835 1964 ‘⁶
850 1946 954 1981 Albor,

220 1995 243 2009 “
264 1994 438 2028 aeonae-⁷15„
456 2000 486 2023 et
501 1995 636 2024 vicissim
653 1999 675 2014 “
689 2002 846 2035 Λευκοτης,
861 2000 956 2039 albor,

220 2045 242 2060 “
258 2043 415 2073 caudor:”
450 2045 637 2084 glossarium
660 2052 760 2076 vetus:
799 2047 869 2078 vide
896 2060 953 2080 nos

220 2093 294 2124 Silv.
314 2094 390 2124 Crit.
407 2105 433 2124 V.
450 2105 502 2133 pp.
522 2099 571 2126 79.
592 2100 640 2126 80.
657 2100 708 2127 81.
755 2098 816 2128 Sed
831 2099 950 2130 divina-

219 2149 338 2179 tionem
362 2155 502 2180 nostram
518 2151 656 2181 maxime
673 2152 800 2191 stabilit,
827 2159 859 2183 et
884 2165 951 2185 esse

218 2200 461 2231 sincerissimam
491 2207 614 2232 tantum
644 2213 709 2233 non
744 2203 949 2244 demonstrat,

218 2252 385 2291 parallelus
403 2253 530 2294 Virgilii
545 2253 645 2293 locus,
661 2265 729 2295 geo,
745 2255 764 2285 i.
780 2258 854 2287 565.

248 2322 326 2352 Saepe
336 2321 419 2345 etiam
431 2321 526 2351 stellas,
537 2326 621 2347 vento
632 2323 807 2354 inpendente,
819 2324 920 2349 videbis

248 2360 394 2392 praecipitis
406 2361 477 2385 coelo
489 2361 555 2392 labi3
573 2363 715 2394 noctisque
726 2370 773 2395 per
783 2364 909 2389 umbram

247 2399 431 2424 Flammarum
444 2400 537 2432 longos
548 2409 564 2426 a
574 2405 652 2434 tergo
664 2402 783 2427 albescere
794 2407 906 2429 tractus.

217 2458 273 2488 Ad
312 2458 419 2489 Ovidii
441 2460 528 2499 epist.
560 2460 591 2490 ii.
621 2465 670 2492 12.
707 2462 946 2501 explicationem

219 2510 396 2541 Burmanni
411 2511 523 2542 miror:

661 2588 735 2613 saepe
745 2582 839 2613 putavi

280 2619 344 2643 Alba
355 2620 515 2652 procellosos
526 2621 589 2645 vela
602 2621 702 2647 referre
712 2626 806 2647 notos:

218 2682 239 2712 i.
257 2693 282 2713 e.
298 2687 488 2724 splendentia
504 2686 581 2724 vela,
601 2687 641 2718 ad
655 2688 756 2727 ipsam
771 2699 839 2719 rem
852 2689 946 2719 veris-

216 2733 304 2771 sime,
320 2743 365 2772 ut,
388 2739 442 2778 qui
458 2739 603 2779 viderint,
626 2746 810 2781 agnoscent3
834 2741 946 2782 pelago

216 2785 400 2826 nigricante,
429 2796 459 2819 et
484 2792 694 2830 potissimum,
721 2794 747 2823 si
762 2793 808 2823 sol
832 2793 943 2824 luceat.

216 2836 346 2875 Statius,
372 2839 471 2871 Theb.
496 2852 523 2871 v.
553 2847 624 2874 150.
652 2844 854 2884 interpretem
879 2850 945 2876 tam

215 2887 370 2930 frigidum
386 2900 449 2920 non
465 2893 542 2932 egit:

261 2969 384 2981 ——a-—-
393 2961 504 2987 adverso
515 2963 648 2989 nituerunt
658 2965 722 2989 vela
733 2966 879 2997 profundo.

1009 695 1136 725 Addam
1155 695 1316 730 Senecam,
1334 693 1464 733 Hippol.
1484 696 1556 724 246.

1052 779 1099 801 Per
1111 776 1158 800 has
1168 779 1286 801 senectae
1297 774 1441 807 splendidas
1452 774 1568 806 supplex
1578 780 1669 798 comas.

1004 847 1117 886 Porro,
1143 847 1249 878 videas
1274 858 1344 887 quae
1366 846 1481 877 dicturi
1508 856 1617 876 sumus
1644 845 1684 876 ad
1707 855 1732 876 V.

1003 903 1076 931 299.
1123 899 1187 929 Hic
1202 904 1309 929 autem
1327 909 1434 928 versus
1456 899 1578 939 integer
1592 900 1678 928 abest
1691 898 1733 928 V.

1003 951 1050 980 ed.
1067 957 1109 988 et,
1126 951 1191 980 vice
1206 952 1330 985 (ethera,
1357 956 1397 980 Π.
1414 949 1467 980 dat
1481 952 1593 980 omnia.

1048 1002 1121 1033 Ver.
1140 1006 1230 1033 1089.
1244 1004 1398 1043 flamma:
1420 1001 1516 1031 Vind.
1537 1008 1577 1032 Π.
1594 1003 1733 1042 2-flam-

1002 1067 1100 1090 marm
1127 1060 1161 1085 Δ.
1172 1056 1484 1095 flammas.—pasci.·
1510 1053 1554 1083 V.
1572 1052 1618 1084 ed.
1630 1056 1736 1093 pasti,-

1003 1107 1050 1137 uti
1065 1117 1146 1146 saepe
1160 1106 1238 1137 liber
1260 1106 1328 1142 iste,
1346 1107 1387 1136 ob
1410 1105 1650 1135 similitudinem
1665 1105 1734 1136 lite-

1003 1168 1109 1188 rarum
1124 1170 1140 1189 c
1156 1163 1186 1188 et
1201 1165 1213 1188 t
1229 1157 1262 1187 in
1278 1157 1410 1187 minoris
1427 1157 1588 1196 scripturae
1602 1157 1723 1188 formis.

1047 1209 1128 1240 Ibid.
1151 1212 1222 1240 solis
1233 1212 1401 1251 flammam
1418 1221 1478 1249 per
1492 1211 1607 1240 caerula
1622 1211 1712 1249 pasci
1719 1222 1730 1239 .-

1000 1262 1038 1291 de
1054 1263 1111 1292 hac
1126 1272 1160 1291 re
1183 1262 1223 1292 ad
1245 1262 1327 1293 dicta
1349 1262 1502 1301 superius,
1525 1262 1560 1292 in
1575 1272 1636 1292 ver.
1656 1265 1727 1292 252.

1000 1313 1207 1344 remittendus
1223 1324 1265 1344 es.

1043 1366 1118 1396 Ver.
1136 1370 1229 1397 1090.
1254 1378 1291 1396 a.⁴
1327 1367 1363 1396 Β.
1386 1367 1516 1396 e.—z'bi:
1548 1365 1654 1395 omnia
1680 1375 1732 1395 ve-

999 1424 1066 1448 tera
1091 1417 1235 1457 exempla
1260 1417 1373 1457 scripta
1399 1424 1431 1448 et
1458 1417 1552 1455 edita,
1576 1419 1651 1452 sibi,·
1678 1417 1732 1447 sed

1000 1480 1052 1499 me
1081 1469 1351 1508 persuasissimum
1383 1470 1491 1504 habeo,
1518 1479 1628 1498 vocem
1657 1479 1732 1498 con-

999 1520 1127 1550 traxisse
1148 1520 1271 1550 literam
1297 1532 1310 1551 s
1339 1531 1357 1550 a
1374 1520 1436 1550 fine
1455 1520 1596 1550 vocabuli
1617 1531 1732 1559 praece-

997 1571 1110 1610 dentis,
1135 1583 1234 1613 quum
1251 1573 1373 1603 nullam
1391 1573 1657 1603 constructionem
1676 1573 1733 1603 ali-

999 1629 1045 1653 ter
1075 1624 1287 1664 exsculpseris.
1335 1625 1446 1664 Neque
1462 1624 1548 1654 aliud
1564 1624 1665 1655 visum
1687 1630 1734 1654 est

998 1675 1177 1712 editoribus,
1202 1676 1256 1716 qui
1273 1678 1662 1716 praecessere—conligat:
1692 1677 1732 1716 G,

998 1730 1300 1767 conteges—omnis.-
1329 1729 1369 1759 G.
1387 1733 1421 1758 Δ.
1440 1735 1482 1759 Π.
1501 1730 1615 1768 igneis,·
1640 1733 1671 1758 et
1688 1728 1732 1758 ita

999 1780 1142 1820 wilgares
1157 1780 1244 1811 editi:
1271 1780 1326 1810 sed
1341 1780 1431 1811 male.
1478 1780 1569 1810 Huic
1590 1779 1730 1810 varietati

999 1832 1131 1870 praebuit
1163 1832 1317 1872 originem
1355 1831 1550 1861 consuetudo
1580 1831 1731 1869 Lucretii,

1000 1883 1138 1913 maxime
1165 1884 1193 1913 ei
1221 1884 1253 1913 in
1281 1883 1410 1921 deliciis,
1438 1883 1544 1913 minus
1565 1882 1732 1923 diligenter

1000 1936 1171 1972 observata,
1199 1945 1268 1975 quae
1284 1936 1378 1964 verba
1402 1934 1436 1964 in
1460 1933 1612 1971 absoluto,
1637 1943 1732 1974 quem

1000 1986 1120 2025 dicunt,
1136 1987 1314 2027 significatu
1330 1986 1466 2016 studiose
1482 1986 1561 2016 solet
1575 1986 1731 2016 adhibere.

1002 2040 1141 2078 Conligat
1165 2039 1272 2078 igitur,
1298 2049 1354 2077 pro
1371 2049 1401 2068 se
1424 2039 1569 2076 conligat,
1595 2037 1643 2066 vel
1658 2048 1729 2068 con-

994 2090 1120 2128 ligatur.
1160 2090 1201 2119 In
1217 2090 1319 2128 operis
1335 2089 1469 2119 decursu
1485 2098 1601 2128 magna
1615 2088 1654 2118 de
1668 2089 1728 2118 hoe

993 2151 1110 2182 genere
1131 2141 1349 2180 exemplorum
1368 2141 1413 2170 vis
1439 2141 1528 2170 nobis
1553 2140 1728 2170 obversabi-

994 2198 1052 2223 tur.
1100 2193 1155 2223 Sin
1172 2193 1279 2231 fuerit,
1297 2193 1348 2223 cui
1365 2193 1471 2223 minus
1486 2194 1553 2222 haec
1567 2192 1647 2222 ratio
1662 2192 1727 2231 pla·

994 2245 1093 2276 citura
1119 2246 1168 2282 sit,
1195 2245 1249 2275 ille
1271 2252 1391 2284 repetat
1415 2259 1475 2276 mro
1496 2258 1572 2276 nme
1586 2256 1624 2275 ex
1639 2255 1729 2276 versu

994 2297 1188 2336 praecedente
1214 2300 1445 2339 oeoflammam:
1481 2301 1502 2316 “
1520 2297 1615 2333 Quod
1644 2298 1729 2328 calor

996 2352 1017 2367 ‘⁶
1034 2349 1138 2379 omnis
1152 2349 1273 2389 utique,
1291 2349 1417 2389 fugiens
1429 2359 1447 2379 a
1462 2349 1577 2387 medio,
1591 2349 1728 2390 conligat

992 2402 1063 2431 “in
1079 2402 1156 2432 coelo
1178 2401 1375 2432 flammam.'’
1424 2402 1508 2439 Imo,
1533 2401 1599 2431 fieri
1614 2407 1724 2441 potest,

990 2453 1071 2484 illud
1085 2465 1110 2491 s,
1133 2453 1217 2494 quod
1235 2468 1276 2494 τῳ
1292 2455 1335 2484 ibi
1349 2453 1584 2494 agglutinatum
1605 2452 1728 2483 codices

992 2505 1081 2535 nobis
1096 2506 1253 2542 exhibent,
1266 2516 1372 2536 veram
1384 2505 1525 2536 Lucretii
1539 2505 1723 2545 scripturam

992 2558 1031 2588 ad
1046 2559 1132 2588 hunc
1149 2558 1281 2588 modum
1295 2558 1436 2588 fortassis
1451 2557 1601 2587 indicare:

1023 2635 1104 2667 Quod
1122 2635 1205 2665 calor,
1228 2642 1244 2659 a
1263 2635 1353 2660 medio
1374 2633 1489 2666 fugiens,
1510 2641 1534 2657 se
1552 2632 1585 2656 ibi
1604 2630 1722 2663 conligat

1147 2682 1244 2699 omms.

990 2746 1091 2777 Nobis
1114 2757 1152 2777 ex
1175 2745 1320 2787 analogia
1338 2745 1441 2784 prima
1463 2742 1542 2773 ratio
1564 2741 1719 2772 satisfacit.

990 2798 1147 2838 Denique,
1171 2809 1271 2839 quum
1296 2795 1438 2836 proclivis
1459 2794 1549 2829 foret,
1577 2792 1718 2823 intellec-

988 2850 1039 2880 tus
1064 2850 1212 2880 facilioris
1237 2848 1347 2889 gratia,
1376 2859 1414 2878 τε
1438 2848 1537 2877 onmis
1562 2846 1597 2875 in
1622 2847 1720 2885 igneis

988 2903 1132 2938 mutatio,
1155 2901 1308 2932 contraria
1322 2905 1430 2929 autem
1446 2898 1526 2928 ratio
1544 2896 1644 2928 multo
1659 2896 1718 2927 mi-

987 2964 1047 2985 nus
1061 2954 1127 2984 veri
1142 2952 1265 2994 similis,
1285 2950 1432 2982 credibile
1455 2956 1502 2981 est
1517 2949 1658 2981 librarios
1678 2947 1719 2979 ad
