1894 3253
238 250 334 291 296

740 243 800 289 T.
854 241 1234 289 LUCRETII

385 375 512 425 Quod
531 386 682 430 genere
702 386 756 414 ex
776 387 862 414 uno
883 373 1077 415 consistat
1096 373 1409 428 principiorum:

270 455 351 491 585
384 450 473 491 Nec
493 448 733 505 quidquam,
756 448 869 505 quod
889 463 975 490 non
995 449 1202 504 permixto
1222 449 1375 490 semine
1395 456 1563 491 constet.

383 524 454 575 Et,
477 539 781 581 quaequomque
800 524 931 581 magis
951 524 1010 565 vis
1031 524 1179 565 multas
1198 524 1380 580 possidet
1399 524 1442 565 in
1463 538 1520 575 se,

383 599 522 655 Atque
541 606 778 654 potestates,
799 599 858 640 ita
876 599 1055 654 plurima
1074 599 1375 655 principiorum

382 673 433 714 In
454 689 539 715 sese
557 688 726 730 genera,
749 689 797 715 ac
816 674 949 728 varias
969 674 1090 715 docet
1110 689 1194 715 esse
1213 673 1381 731 figuras.

439 748 666 803 Principio,
688 748 804 790 tellus
823 747 949 789 habet
967 749 1012 790 in
1033 764 1075 790 se
1094 763 1270 804 corpora
1288 748 1439 803 prima,

237 907 338 947 magis
348 906 592 937 nauseabundus
606 905 834 936 immanitatem
848 905 966 936 facino-

236 958 279 988 ris
294 958 492 996 abomineris,
516 957 606 988 valde
628 957 766 996 suspicor
788 957 832 986 ita
846 956 967 987 factum

237 1020 303 1040 esse
318 1015 425 1040 contra
440 1009 626 1040 unanimem
642 1009 788 1038 omnium
808 1009 966 1047 exempla-

237 1061 321 1091 rium
343 1061 578 1099 auctoritatem;
614 1067 649 1091 ut
671 1067 707 1091 ut
735 1061 793 1091 ista
815 1060 907 1091 lectio
930 1071 968 1090 ex

235 1113 448 1152 Havercampi
465 1112 589 1143 silentio
605 1112 639 1143 in
654 1113 760 1143 codice
774 1113 822 1142 M.
840 1111 967 1151 reperiri

235 1165 387 1196 videatur.

277 1225 354 1255 Ver.
381 1227 452 1256 584.
477 1226 638 1256 consistat:
670 1224 717 1254 M.
742 1231 897 1255 constare:
923 1230 964 1261 et,

236 1275 270 1305 in
285 1286 376 1305 versu
385 1281 545 1316 sequente,
561 1275 657 1305 codex
671 1281 715 1305 Ω.
728 1275 882 1305 desiderat
891 1287 964 1313 non,

235 1332 267 1357 et
288 1327 397 1356 inserit
415 1329 452 1357 de
474 1331 543 1366 post
563 1328 729 1366 permixtQ
755 1326 840 1356 unde
862 1337 968 1357 versus

235 1378 431 1408 numerosior
448 1388 485 1408 ex
501 1377 561 1407 levi
584 1377 786 1417 castigatione
802 1377 846 1407 sic
862 1387 968 1408 exsur-

236 1436 334 1471 geret:

266 1516 320 1540 Nec
333 1514 494 1545 quidquam,
508 1513 582 1544 quod
592 1519 646 1537 non
658 1513 739 1538 mixto
750 1514 780 1538 cte
791 1514 894 1539 semine
904 1520 968 1539 con-

391 1558 454 1579 stet.

280 1629 354 1660 Ver.
378 1633 450 1660 586.
474 1640 709 1670 qucequoqute:
744 1629 782 1660 P.
804 1641 862 1670 quo
884 1632 967 1670 quis-

236 1693 309 1723 que,·
336 1686 371 1712 Δ.
389 1688 429 1713 Π.
448 1688 495 1712 Ω.
520 1693 611 1722 quam
628 1683 779 1721 quidque;
808 1688 842 1712 ut
859 1681 968 1723 vulga-

235 1744 284 1764 res
299 1733 387 1763 editi:
416 1733 470 1763 scd
486 1739 618 1773 utraque
635 1733 775 1771 varietas,
788 1743 839 1763 me
850 1733 967 1773 judice,

235 1784 414 1826 glossatoris
427 1785 592 1825 ingenium
608 1784 734 1815 redolet.
774 1785 900 1815 Vetusti
915 1796 966 1816 co-

235 1837 320 1867 dices
336 1836 388 1867 Pii
402 1847 459 1876 quo
486 1838 623 1876 quodque.
650 1837 864 1868 habent—vis
886 1840 966 1868 mul-

235 1895 299 1920 tas:
342 1888 438 1918 Vind.
468 1888 591 1918 inverso
621 1888 742 1925 ordine,
772 1891 885 1920 multas
913 1893 966 1921 vis.

237 1941 460 1971 Diversitatem
486 1941 671 1978 lectionum,
696 1951 766 1982 quae
785 1941 818 1971 in
835 1942 968 1972 Priscia-

238 2003 292 2029 no,
318 1992 369 2022 lib.
390 1992 428 2022 vi.
451 2003 480 2031 p.
499 1995 570 2024 707.
594 1994 784 2030 obversatur,
808 1994 970 2024 memoriae

237 2041 383 2082 equidem
409 2043 652 2082 grammaticum
681 2043 802 2073 fallenti
832 2044 968 2084 imputa-

237 2092 350 2122 verim:
379 2097 399 2110 “
416 2093 498 2122 Haec
512 2096 568 2130 vis,
592 2094 687 2133 hujus
708 2096 768 2130 vz's‚·
792 2095 883 2135 cujus
898 2096 968 2135 plu-

239 2147 262 2163 “
278 2143 343 2174 rale
359 2143 512 2180 similiter,
535 2146 590 2182 vis,
614 2149 679 2174 tam
694 2145 860 2177 Lucretius
874 2158 970 2188 quam

239 2198 262 2214 “
280 2195 446 2226 Sallustius
461 2195 671 2235 protulerunt:

270 2279 291 2292 “
302 2277 351 2302 Sed
360 2284 436 2310 quam
449 2278 589 2303 multarum
600 2286 686 2304 rerum
697 2280 736 2305 vis
747 2281 862 2313 possidet
872 2282 900 2306 in
911 2290 938 2308 se

271 2329 291 2342 “
301 2328 393 2359 Atque
406 2330 563 2360 potestates.

239 2405 262 2421 “
281 2402 405 2433 Sallust.
429 2403 463 2432 in
486 2403 529 2433 iii.
552 2403 766 2435 historiarum:
795 2406 883 2437 Male
901 2407 969 2447 jam

240 2457 263 2472 “
276 2460 435 2484 assuetum
444 2454 485 2484 ad
490 2465 600 2486 omnes
609 2459 653 2487 vis
659 2459 969 2489 controversiarum.’'

240 2505 338 2541 Quod
367 2506 407 2537 ad
443 2507 579 2546 primam
609 2509 762 2540 Prisciani
791 2511 971 2542 varietatem

239 2558 383 2598 pertinet,
410 2569 449 2589 ex
469 2560 513 2590 Et
536 2559 628 2590 fluxit
642 2563 708 2598 Set;
731 2562 827 2599 unde,
850 2569 886 2593 ut
901 2574 969 2603 pas-

241 2609 311 2646 sim,
330 2612 397 2641 Sed.

284 2671 360 2702 Ver.
384 2674 456 2703 587.
486 2679 648 2712 potestates
670 2677 730 2704 ita.-
768 2680 805 2707 Σ.
825 2683 971 2716 potestate

242 2722 405 2753 sitm—Et
426 2724 571 2756 audaculi
586 2726 720 2757 editores
734 2726 773 2758 de
795 2738 852 2758 suo
875 2728 972 2759 infer-

242 2779 350 2802 serunt
366 2776 486 2813 pluria,
509 2776 577 2807 vice
595 2779 749 2816 plurz'ma5
772 2778 859 2809 libris
878 2780 974 2811 nullis

242 2823 317 2853 huic
332 2827 518 2865 arrogantiae
532 2828 652 2859 interea
666 2829 888 2862 addicentibus.

287 2883 363 2914 Ver.
380 2886 452 2916 589.
476 2887 576 2917 Hunc
591 2888 696 2919 locum
715 2900 780 2920 non
795 2891 905 2922 inscite
919 2901 971 2922 va-

243 2934 336 2966 riavit
349 2935 475 2974 StatiuS,
491 2939 621 2970 omnino
633 2940 749 2982 dignus
765 2943 819 2984 qui
831 2943 972 2974 confera-

922 3005 945 3032 5

1010 909 1073 935 tur:
1105 904 1204 934 Theb.
1227 904 1289 935 viii.
1312 907 1386 934 505.
1410 902 1464 933 ubi
1479 902 1641 934 Tellurem
1663 903 1740 935 allo-

1010 955 1117 996 quitur
1132 955 1341 985 Thiodamas:

1131 1026 1163 1050 0!
1182 1025 1326 1049 hominum
1338 1024 1489 1055 divumque
1499 1027 1603 1049 aetema
1614 1023 1742 1054 creatrix,

1028 1067 1097 1097 Quae
1119 1065 1224 1095 fluvios,
1245 1065 1397 1097 sylvasque,
1418 1065 1569 1089 animarum
1591 1068 1619 1090 et
1639 1065 1742 1090 semina

1166 1105 1263 1129 mundi

1028 1147 1146 1175 Cuncta,
1170 1144 1397 1175 Prometheasque
1424 1150 1532 1175 manus,
1561 1144 1742 1176 Pyrrhaeaque

1164 1192 1242 1215 saxa,

1025 1225 1137 1257 Gignis;
1162 1228 1191 1250 et
1212 1224 1332 1256 impastis
1353 1230 1416 1256 quae
1438 1223 1527 1256 prima
1547 1223 1677 1249 alimenta
1698 1223 1743 1249 de·

1167 1263 1229 1287 disti
1236 1272 1244 1294 ;

1026 1302 1192 1333 Mutastique
1210 1302 1298 1334 vices;
1317 1308 1379 1334 quae
1397 1306 1513 1334 pontum
1529 1303 1680 1335 ambisque,
1697 1309 1743 1328 ve-

1167 1342 1206 1366 his
1227 1350 1275 1367 ue:

1027 1383 1070 1406 Te
1082 1388 1162 1414 penes
1173 1385 1200 1406 et
1208 1349 1344 1412 gecudum
1357 1388 1422 1414 gens
1433 1382 1553 1415 mitiss-et
1564 1383 1602 1407 ira
1612 1382 1743 1412 ferarum,

1027 1423 1060 1446 Et
1071 1421 1215 1446 volucrum
1226 1421 1330 1452 requies
1341 1422 1346 1445 !

1014 1497 1055 1526 In
1071 1496 1184 1536 quibus
1198 1508 1279 1536 aqua
1299 1498 1462 1538 n-qafluvz'os
1476 1496 1649 1535 indicatur;
1671 1508 1742 1528 ven-

1011 1555 1060 1579 tas
1075 1548 1124 1578 vel
1144 1551 1209 1586 αἰέν,
1234 1561 1275 1588 τῳ
1290 1550 1468 1579 animarum
1487 1548 1571 1590 (vide
1586 1554 1744 1587 nostrum,

1012 1609 1039 1630 V.
1057 1599 1145 1639 257.)
1162 1602 1267 1637 (ether,
1286 1613 1329 1639 «τῳ
1341 1602 1458 1631 sentina
1474 1603 1601 1636 mundi;
1622 1607 1653 1630 et
1664 1601 1746 1640 ignis

1013 1650 1158 1692 denique,
1182 1664 1224 1691 τῳ
1241 1652 1437 1683 Prometheus
1452 1663 1572 1683 manus.
1618 1651 1745 1683 Phrasis

1013 1707 1120 1732 autem
1142 1704 1297 1734 volucrum
1321 1705 1440 1743 requies
1465 1703 1626 1744 egregiam
1654 1706 1748 1733 navat

1012 1764 1142 1794 operam
1153 1754 1312 1793 Lucretio,
1328 1754 1369 1785 ad
1384 1754 1405 1785 i.
1423 1758 1496 1787 599.

1239 1824 1407 1856 montivagae
1419 1830 1540 1856 persaepe
1548 1824 1627 1856 semi·

1045 1866 1156 1891 Naribus
1167 1866 1320 1897 inveniunt,
1331 1866 1435 1898 injectis
1445 1866 1554 1897 fmnde,
1570 1865 1673 1899 quietes.

1058 1934 1132 1965 Ver.
1163 1937 1235 1966 590.
1248 1933 1396 1976 frigora:
1432 1934 1468 1965 P.
1491 1936 1651 1976 flumina‚·
1680 1931 1746 1971 sed,

1014 1986 1134 2024 opinor,
1160 1996 1198 2016 ex
1214 1986 1416 2024 correctione,
1442 1985 1585 2027 quamvis
1608 1985 1643 2015 in
1665 1983 1748 2015 notis

1015 2038 1066 2068 Pii
1094 2038 1174 2068 nihil
1209 2049 1303 2078 super
1327 2040 1385 2068 hac
1411 2049 1445 2068 re
1470 2038 1510 2068 sit
1531 2037 1729 2068 admonitum
1736 2047 1746 2073 ;

1014 2100 1091 2120 nam
1113 2096 1221 2120 contra
1241 2095 1324 2120 stant
1338 2090 1445 2120 omnia
1460 2089 1522 2120 alia
1536 2088 1742 2127 exemplaria:

1014 2147 1108 2182 atque
1136 2141 1299 2172 undenam
1330 2141 1460 2172 librariis
1490 2154 1523 2172 w
1539 2140 1680 2182 frigora,
1721 2139 1747 2170 si

1003 2195 1145 2235 flumina
1183 2194 1222 2223 ab
1253 2192 1345 2223 initio
1379 2191 1606 2232 comparuerit?
1643 2192 1743 2232 Ergo,

1012 2243 1133 2283 phrasis
1143 2245 1288 2275 volventes
1295 2243 1423 2285 frigora
1441 2243 1591 2274 audacius
1605 2242 1680 2283 poni
1695 2243 1745 2273 in-

1012 2293 1173 2335 telligatur
1186 2294 1292 2331 velim,
1314 2305 1370 2334 pro
1385 2306 1498 2335 aquam
1510 2295 1669 2336 frigidam
1684 2296 1747 2326 vol-

1012 2352 1111 2376 ventes
1117 2362 1127 2382 ;
1166 2345 1437 2387 quemadmodum
1465 2346 1564 2386 po'etis
1593 2346 1676 2382 licet,
1713 2351 1745 2376 et

1003 2396 1109 2437 fontes
1132 2396 1286 2427 nimirum
1315 2403 1465 2436 perpetuo
1497 2397 1744 2438 distinguuntur.

1014 2448 1181 2488 Virgilius,
1197 2448 1253 2479 ecl.
1271 2459 1299 2479 x.
1318 2452 1369 2480 42.

1046 2516 1110 2542 Heic
1120 2517 1197 2549 gelidi
1206 2517 1306 2549 sontes,
1316 2517 1377 2543 heic
1388 2517 1480 2543 mollia
1490 2520 1578 2550 prata,
1589 2516 1696 2550 Lycori-

1016 2593 1090 2622 Hoc
1105 2598 1211 2622 autem
1237 2593 1412 2632 epithetum
1437 2595 1512 2624 rivis
1532 2592 1607 2623 inde
1627 2589 1742 2630 proflu-

1015 2645 1140 2675 entibus
1156 2645 1273 2685 optime
1288 2646 1475 2683 conveniret,
1496 2647 1536 2676 ob
1550 2653 1641 2674 auras
1653 2642 1743 2683 frigi—

1016 2696 1080 2733 das,
1108 2707 1146 2726 ex
1161 2702 1301 2727 veterum
1317 2696 1482 2735 sententia,
1506 2696 1546 2725 ab
1559 2694 1621 2724 illis
1636 2703 1744 2733 proce-

1016 2747 1133 2778 dentes.
1179 2748 1353 2787 Homerus,
1375 2748 1435 2779 Od.
1452 2753 1485 2777 E.
1500 2750 1572 2777 469.

1089 2826 1157 2861 Αυρη
1171 2825 1193 2852 δ’
1205 2835 1233 2852 εκ
1247 2835 1355 2860 avorum-⁸
1367 2825 1458 2860 ψυχρῇ
1471 2832 1530 2850 amc
1543 2822 1596 2853 ηωθι
1610 2830 1662 2858 προ.

1018 2893 1108 2924 Hinc
1136 2891 1353 2925 venustissime
1384 2892 1463 2924 Cato
1493 2891 1528 2922 in
1553 2889 1650 2927 Diris,
1679 2898 1740 2920 ver.

1018 2948 1068 2977 49.
