1894 3253
199 255 291 294 110

694 246 756 293 Τ.
810 245 1193 293 LUCRETII

341 380 436 421 Non
457 379 607 434 poterit
627 377 733 418 ratio
752 376 886 418 reddi:
918 391 1016 418 nam
1035 376 1220 419 funditus
1240 377 1380 420 omnis·

338 454 548 507 Principio
568 451 826 493 fundamenti
847 461 996 493 natura
1016 452 1184 493 carebit.

223 531 303 569 575
340 530 443 569 Sunt
464 527 590 584 igitur
611 527 738 568 solid&
758 527 955 583 pollentia
975 527 1232 583 simplicitate
1239 546 1253 578 ;

335 602 528 650 Quorum
549 603 761 644 condenso
781 603 912 660 magis
934 603 1075 644 omnia
1095 603 1314 644 conciliatu

335 678 477 718 Artari
498 687 684 732 possunt,
706 677 941 734 validasque
962 678 1187 719 obtendere
1207 678 1340 719 vireis.

393 751 546 802 Porro,
569 753 603 792 si
622 753 734 794 nulla
754 761 813 794 est
835 752 1079 810 frangundis
1100 752 1261 794 reddita
1279 751 1375 792 finis

335 826 606 882 Corporibus,
628 835 770 869 tamen
791 842 845 869 ex
867 836 1024 869 aeterno
1045 836 1232 883 tempore
1253 841 1428 884 quaeque

222 905 303 941 580
337 899 461 941 Nunc
482 902 607 942 etiam
629 917 824 956 superare
844 916 1007 943 necesse
1027 910 1086 942 est
1109 915 1284 956 corpora
1303 900 1440 950 rebus,

335 974 443 1023 Quae
464 990 549 1015 non
571 975 671 1016 dnm
692 975 854 1016 clueant
874 976 958 1016 ullo
979 983 1141 1016 tentata
1160 974 1329 1030 periclo.

191 1134 213 1148 ‘⁶
230 1141 295 1161 esse
317 1140 421 1160 rcmm
444 1129 689 1169 frangendarum
712 1129 820 1168 finem,
844 1130 921 1160 mihi

191 1186 211 1201 “
228 1193 353 1213 necesse
368 1188 414 1212 est
428 1181 564 1212 vicissim
581 1181 741 1217 concedas,
759 1188 841 1212 certa
856 1193 922 1213 esse

190 1237 212 1252 “
228 1243 368 1272 corpora,
399 1243 468 1273 quae
501 1232 645 1262 nondum
677 1233 918 1274 diffringantur:

190 1288 212 1302 ‘⁵
228 1285 309 1314 hanc
325 1283 412 1313 enim
434 1283 665 1313 concessionem
681 1284 736 1314 tibi
759 1291 922 1325 extorque-

192 1341 214 1354 “
231 1337 276 1366 bit
301 1335 529 1366 validissimum
555 1335 720 1366 oculorum
749 1337 923 1367 testimoni-

193 1393 215 1407 “
233 1399 295 1419 um.
341 1389 428 1428 Ergo
452 1387 618 1424 conclusio,
643 1399 738 1428 quam
761 1389 840 1425 volo,
868 1400 922 1419 ne-

193 1443 215 1458 “
232 1440 363 1470 cessario
393 1439 547 1479 exsurgit;
582 1441 677 1469 solida
709 1440 819 1479 utique
845 1451 922 1478 esse,

194 1495 213 1509 “
231 1501 294 1521 non
310 1496 416 1520 contra
433 1492 547 1527 mollia,
570 1500 676 1520 rerum
699 1491 843 1521 omnium
860 1492 922 1530 pri-

194 1548 217 1562 “
234 1545 366 1575 mordia:
395 1544 485 1574 aliter
500 1544 596 1582 enim,
623 1545 785 1575 undenam
800 1557 856 1585 per
875 1546 924 1575 in-

195 1599 217 1613 “
234 1595 359 1625 finitum
378 1596 476 1626 aetatis
499 1602 572 1626 ante
594 1603 670 1627 acta:
693 1603 828 1637 tempus,
853 1608 926 1628 cum

195 1651 214 1666 “
231 1654 278 1677 tot
292 1648 392 1689 plagis
408 1659 529 1688 semper
544 1649 753 1679 tuditantibus
767 1650 926 1681 conflicta-

195 1703 215 1717 “
232 1705 274 1738 ta,
306 1699 338 1729 in
363 1710 467 1730 aevum
490 1706 632 1730 nostrum
662 1700 774 1731 durare
805 1702 924 1741 potuis-

194 1754 216 1769 “
233 1750 343 1782 sent?’'
380 1751 468 1781 Hinc
483 1758 593 1782 autem
612 1752 818 1793 liquidissime
832 1761 927 1793 patet,

196 1812 265 1840 nos,
289 1801 443 1841 prudente
466 1803 598 1833 consilio
616 1804 776 1843 subnixos,
799 1805 833 1835 in
849 1806 929 1836 hanc

193 1854 466 1894 transpositionem
499 1861 620 1895 septem
653 1867 811 1895 versuum,
856 1869 930 1889 eum

196 1906 309 1945 quibus
320 1906 389 1946 jam
405 1917 490 1937 nunc
505 1917 676 1944 versamur,
693 1910 886 1940 concessisse.

240 1958 314 1987 Ver.
328 1960 399 1988 579.
422 1970 566 1998 qumque:
591 1959 611 1989 i.
627 1970 652 1990 e.
668 1960 794 2001 singula
809 1972 845 1991 ea
861 1972 928 1992 cor-

195 2018 284 2047 pora,
310 2019 349 2038 ex
364 2009 476 2048 quibus
498 2020 548 2039 res
562 2011 757 2048 peculiariter
774 2020 928 2049 constant,

198 2066 292 2100 atquc
314 2059 502 2089 efficiuntur.
548 2061 644 2091 Hanc
667 2061 834 2093 lectionem
849 2074 927 2102 prae-

197 2113 271 2142 bent
290 2112 331 2141 G.
350 2112 388 2141 P.
404 2111 500 2142 Vind.
517 2112 561 2142 V.
581 2112 629 2142 ed.
652 2113 688 2143 L.
712 2114 758 2144 M.
778 2114 816 2144 O.
835 2120 871 2145 Δ.
891 2121 924 2146 Σ.

202 2171 247 2195 Ω.
269 2163 390 2204 reliqui,
413 2167 565 2204 quaeclam,
589 2164 758 2195 editoribus
776 2166 864 2196 avide
880 2177 928 2196 ar·

196 2222 330 2255 reptam,
357 2215 422 2254 sed,
457 2226 508 2246 me
526 2216 643 2256 judice,
668 2217 774 2248 minus
788 2228 929 2248 necessa-

200 2269 255 2299 rio.

242 2323 318 2353 Ver.
333 2325 405 2354 580.
430 2325 545 2354 λἰιηος
581 2330 625 2354 Ω.
651 2325 766 2360 Hunc;
791 2334 850 2355 nec
871 2325 932 2355 mi-

202 2384 288 2411 rum;
314 2385 388 2403 nam
411 2373 507 2404 litera·
531 2374 712 2415 majusculae
737 2377 778 2406 N
795 2382 825 2406 et
842 2377 881 2406 H
899 2376 932 2406 in

201 2425 289 2455 libris
310 2431 383 2455 sunt
405 2436 500 2465 quam
523 2426 788 2458 simillimae.—11.
810 2427 933 2458 infercit

200 2482 227 2506 rt
247 2483 315 2515 post
329 2483 379 2507 est.

196 2518 201 2522 ’
225 2567 227 2570 Ι
246 2528 327 2558 Ibid.
343 2540 505 2568 superare:
531 2529 551 2560 i.
567 2540 592 2560 e.
609 2540 779 2570 superesse:
807 2537 843 2562 ut
859 2531 930 2561 Vir-

202 2577 307 2618 gilius,
326 2581 400 2610 AEn.
417 2580 459 2610 iii.
475 2583 547 2612 559.

203 2653 273 2684 Quid
285 2662 350 2685 puer
362 2658 504 2682 AscanIus?
523 2661 668 2689 superatne,
685 2662 712 2682 et
724 2658 841 2683 vescitur
851 2659 930 2684 aura?

206 2727 270 2756 Ubi
287 2729 401 2767 turbas,
419 2741 494 2770 quas
510 2731 569 2761 ciet
583 2731 718 2770 Servius,
734 2732 774 2763 de
788 2734 847 2764 hoc
861 2744 932 2764 scn-

205 2788 241 2807 su
257 2778 352 2816 verbi,
368 2781 440 2809 satis
455 2782 561 2812 mirari
578 2793 711 2823 nequeo,
728 2791 797 2824 post
815 2785 933 2815 Carum

205 2835 359 2865 nostrum,
384 2836 477 2869 atque
501 2833 685 2864 Sallustium
700 2836 733 2866 in
751 2837 848 2867 Gellii
869 2837 933 2868 col-

204 2881 364 2918 lectaneis,
391 2882 411 2911 i.
429 2886 479 2912 22.
507 2885 561 2923 qui
587 2887 798 2920 consulendus
811 2895 867 2927 est,
893 2899 934 2921 ne

201 2932 328 2973 longior
343 2932 431 2963 nullo
446 2943 520 2964 cum
537 2934 641 2966 fructu
656 2938 726 2969 sim.

1008 1130 1084 1160 Ver.
1107 1132 1178 1161 581.
1202 1141 1262 1160 non
1288 1132 1378 1159 dum:
1417 1135 1463 1159 Ω.
1490 1140 1551 1159 non
1565 1130 1699 1160 dura.—

966 1183 1104 1212 clueant:
1131 1181 1167 1211 L.
1199 1181 1246 1211 M.
1270 1183 1389 1216 cicant;
1417 1180 1511 1211 Vind.
1539 1181 1578 1212 O.
1600 1186 1635 1211 Δ.
1653 1187 1696 1212 Π.

966 1240 1097 1273 queant,-
1125 1239 1158 1265 Σ.
1171 1235 1420 1273 possint—ullo.-
1448 1240 1488 1264 Π.
1505 1237 1587 1265 nullo
1595 1249 1606 1269 ‚·
1632 1233 1654 1265 i.
1671 1244 1698 1265 e.

967 1287 1005 1315 ab
1024 1287 1094 1315 sallo.

1010 1337 1085 1367 Ver.
1112 1339 1182 1367 585.
1209 1338 1390 1376 De'screpat:
1416 1337 1435 1366 i.
1452 1347 1477 1366 e.
1503 1337 1578 1366 huic
1603 1347 1698 1377 argu-

966 1394 1075 1418 mento
1090 1390 1227 1425 dissidet,
1248 1398 1311 1417 non
1327 1387 1483 1428 congruit,
1499 1388 1701 1425 contradicit;

967 1440 1007 1470 ad
1022 1441 1162 1478 verbum,
1179 1442 1266 1470 aliud
1282 1442 1355 1471 elicit
1373 1440 1413 1478 ci,
1429 1439 1513 1480 quod
1528 1450 1698 1481 argumen-

968 1492 992 1521 ti
1008 1492 1054 1521 tui
1070 1497 1159 1521 tenor
1174 1491 1318 1530 postulat.

1020 1542 1093 1572 Ver.
1121 1546 1195 1573 585.
1217 1544 1405 1581 generatim:
1442 1542 1482 1572 B.
1506 1548 1701 1582 generatam,-

970 1593 1007 1624 L.
1025 1594 1074 1623 M.
1089 1596 1256 1633 genev-aim.

1013 1644 1084 1674 Ver.
1103 1648 1176 1675 586.
1199 1646 1384 1675 cresccndis:
1409 1643 1453 1673 ita
1468 1643 1566 1674 Vind.
1589 1644 1627 1675 L.
1651 1644 1700 1675 Μ.

972 1696 1014 1727 Ο.
1032 1702 1069 1727 Δ.
1089 1703 1129 1727 Π.
1144 1702 1180 1726 ut
1200 1706 1262 1726 ver.
1291 1699 1361 1727 555.
1373 1696 1564 1736 frangendis
1587 1696 1698 1726 rebus:

971 1749 1067 1789 vulgo
1093 1749 1196 1779 editur
1225 1759 1299 1778 cum
1327 1747 1463 1788 reliquis,
1494 1749 1702 1779 crescendi.—

972 1804 1096 1832 tenendi
1104 1815 1114 1831 .-
1140 1802 1183 1831 ita
1199 1801 1236 1831 P.
1252 1800 1351 1830 vind.
1365 1801 1408 1830 V.
1423 1800 1469 1830 ed.
1487 1801 1526 1830 Β.
1540 1800 1578 1830 L.
1598 1800 1646 1830 M.
1660 1806 1702 1831 Π.

974 1859 1009 1886 Σ.
1035 1861 1079 1885 Ω.
1112 1855 1262 1893 probante
1286 1853 1446 1883 Bentleio:
1481 1852 1546 1890 alii,
1571 1853 1700 1884 tuendi.-

973 1918 1043 1948 quae
1063 1917 1122 1937 vox
1144 1914 1190 1937 est
1211 1907 1246 1937 in
1261 1907 1320 1937 hoc
1342 1917 1402 1936 usu
1418 1905 1624 1946 pervagatior,
1647 1915 1703 1936 ne-

972 1970 1033 2000 que
1048 1960 1153 1989 invitis
1168 1958 1359 1990 membranis
1370 1957 1554 1997 arripienda.
1581 1957 1703 1996 Cicero,

973 2016 1036 2040 nat.
1060 2010 1145 2041 deor.
1161 2011 1194 2040 ii.
1212 2014 1264 2041 54.
1287 2014 1308 2028 “
1325 2010 1422 2047 Nam,
1447 2019 1520 2039 cum
1542 2008 1640 2038 tribus
1654 2018 1702 2038 re-

973 2064 995 2078 “
1011 2062 1071 2090 bus
1085 2061 1297 2091 animantium
1311 2063 1373 2091 vita
1385 2067 1537 2097 teneatur,
1552 2059 1631 2095 cibo,
1647 2069 1704 2098 po-

974 2114 996 2129 “
1012 2112 1106 2148 tione,
1123 2112 1250 2151 spiritu;
1273 2111 1313 2141 ad
1326 2113 1394 2141 haec
1408 2111 1518 2141 omnia
1531 2110 1704 2150 percipien-

973 2166 996 2181 “
1010 2163 1051 2194 da
1065 2174 1100 2193 os
1116 2170 1161 2194 est
1181 2163 1407 2203 aptissimum.”
1456 2163 1584 2200 Seneca,
1606 2162 1704 2193 Herc.

975 2216 1040 2246 OEt.
1060 2219 1097 2246 17
1102 2218 1151 2247 75.

976 2289 1057 2321 Quid,
1069 2288 1175 2319 misera,
1186 2290 1275 2319 duras,
1286 2288 1358 2313 vita?
1377 2288 1441 2320 quid
1452 2287 1531 2312 lucem
1542 2287 1613 2312 hanc
1623 2288 1705 2312 tenes?

976 2360 1086 2396 Porro,
1111 2360 1150 2390 de
1175 2360 1372 2390 librariorum
1401 2359 1647 2390 aberrationibus
1670 2359 1707 2390 iu

977 2412 1076 2442 verbis
1094 2414 1175 2442 tueri
1193 2418 1223 2441 et
1238 2418 1350 2448 tenere,
1365 2418 1397 2441 te
1411 2411 1553 2442 conferas
1567 2410 1607 2441 ad
1622 2411 1705 2441 Bur-

977 2474 1060 2494 man.
1087 2464 1121 2494 in
1149 2464 1241 2495 Ovid.
1264 2464 1332 2495 fast.
1354 2463 1394 2494 iv.
1417 2467 1490 2495 225.
1514 2470 1545 2494 et
1559 2462 1707 2493 Draken-

975 2516 1078 2545 borch.
1096 2515 1129 2545 in
1144 2516 1212 2546 Liv.
1228 2526 1257 2546 x.
1272 2519 1301 2546 5.
1319 2519 1349 2546 2.

1019 2569 1093 2598 Ver.
1118 2571 1190 2600 587.
1215 2569 1275 2599 Et.-
1310 2569 1347 2598 B.
1375 2569 1444 2605 Sed,
1471 2565 1556 2607 quod
1570 2564 1661 2595 fluxit
1686 2574 1707 2594 a.

977 2623 1210 2661 Set.—-queant.·
1238 2627 1278 2651 Π.
1302 2619 1554 2661 queat.-Porro‚
1580 2616 1706 2656 punctis

976 2673 1129 2710 pensitate
1155 2672 1320 2711 dispositis,
1345 2671 1388 2701 ivi
1413 2675 1554 2705 cautum,
1577 2677 1619 2697 ne
1643 2666 1707 2696 alio

976 2722 1092 2753 referas
1100 2723 1255 2754 dictiones
1263 2722 1448 2763 perfoedera
1459 2718 1600 2756 natura'i,
1609 2727 1706 2758 quarn

977 2774 1018 2804 ad
1032 2777 1194 2806 sancitum.

1021 2828 1095 2858 Ver.
1111 2830 1184 2859 588.
1205 2828 1358 2858 sancitum
1377 2834 1436 2864 per
1450 2822 1584 2866 foedera.
1627 2821 1703 2852 Vir-

977 2878 1082 2919 gilius,
1099 2879 1172 2908 ΖΕΒ.
1188 2878 1238 2907 xii.
1256 2880 1326 2907 5200.

1274 2950 1320 2981 qui
1327 2948 1431 2980 foedera
1442 2947 1556 2973 fulmine
1566 2945 1659 2971 sancit.
