1894 3253
548 219 784 269 LIBER
832 214 1253 266 SECUNDUS.

1541 218 1627 257 341

288 360 528 415 Augescunt
549 355 667 404 vires,
690 361 730 394 et
750 365 925 406 corpora
943 348 1298 405 pennipotentum.

289 433 405 490 Ergo
426 431 582 473 omneis
602 437 750 471 natura
770 427 882 468 cibos
902 425 945 465 in
966 438 1141 479 corpora
1160 423 1254 463 viva

290 507 444 557 vortit,
472 514 512 546 et
531 505 630 545 hinc
650 517 789 543 sensus
809 499 1066 541 animantum
1085 503 1276 551 procreat
1295 493 1466 536 omneis:

178 587 258 623 880
291 581 390 623 Non
411 580 488 621 alifi
509 579 631 635 longe
651 577 824 625 ratione,
853 581 975 629 atque
995 571 1111 612 arida
1130 570 1242 627 ligna

294 654 485 710 Explicat
505 654 548 694 in
568 653 770 700 flammas,
792 657 832 690 et
851 649 893 688 in
914 648 1045 703 igneis
1065 648 1206 686 omnia
1224 652 1373 685 vorsat.

351 728 500 770 Jamne
519 726 631 767 vides
651 725 791 782 igitur,
813 722 954 779 magni
974 719 1202 776 primordia
1221 731 1360 761 rerum

295 802 466 845 Referre
485 802 528 841 in
549 800 657 856 quali
678 800 759 841 sint
779 798 924 839 ordine
943 811 1118 853 quaeque
1137 795 1283 844 locata,

293 877 349 919 Et
370 876 580 918 conmixta
600 874 748 930 quibus
768 873 868 914 dent
886 880 1038 920 motus,
1061 866 1374 924 adcipiantque?

179 957 259 994 885

180 1110 266 1138 Turn,
283 1114 346 1140 quae
361 1108 442 1140 pallet
454 1107 541 1137 humi,
558 1112 620 1138 qua:
629 1106 739 1139 frondes
750 1109 880 1138 purpurat

309 1156 385 1178 auro,

183 1193 301 1215 Ponatur
312 1190 396 1214 viola.

156 1266 230 1296 Hoc
245 1265 355 1296 saltem
371 1264 496 1302 melius,
519 1274 614 1305 quam
636 1269 744 1294 contra
761 1262 882 1293 codices

156 1316 314 1347 editorum
329 1318 453 1346 turbam
468 1316 567 1356 sequi,
584 1313 800 1345 scribentium:

187 1394 303 1417 Vertunt
313 1398 341 1416 se
351 1391 436 1422 fluvii,
444 1391 568 1423 frundes,
586 1394 613 1416 et
625 1390 722 1422 pabula
734 1390 810 1420 laeta,

186 1433 217 1456 In
229 1432 354 1464 pecudes.

156 1507 234 1536 Dixi
249 1512 368 1544 autem,
391 1512 498 1537 contra
520 1505 653 1543 codices,
678 1504 819 1544 quamvis
842 1504 886 1534 ita

154 1559 355 1597 imprimatur
374 1558 408 1588 in
424 1557 593 1597 exemplari
615 1557 656 1587 ad
671 1556 807 1587 Vindob.
831 1566 885 1586 ex-

155 1615 235 1645 acto,
251 1615 282 1640 et
297 1609 336 1640 Ο.
352 1611 464 1639 habeat
487 1613 509 1626 “
524 1616 550 1639 et
567 1608 730 1645 frondes;'’
748 1618 823 1637 nam
835 1608 886 1637 hic

157 1660 236 1690 liber
250 1660 415 1698 recentior,
438 1670 534 1700 quam
549 1659 599 1690 cui
615 1670 669 1699 per
691 1670 724 1689 se
740 1659 817 1690 fides
832 1661 887 1689 ha-

156 1711 259 1742 benda
279 1712 329 1750 sit,
352 1718 383 1741 et
397 1711 436 1742 de
451 1711 553 1750 priore
574 1717 715 1750 suspecta
729 1716 775 1740 est
795 1710 888 1741 colla-

156 1764 234 1793 toris
257 1762 428 1803 diligentia.
473 1762 622 1802 Vulgatis
643 1762 789 1802 equidem
811 1772 889 1800 prae-

161 1815 335 1853 posuerim,
347 1813 568 1860 quaesdederim
583 1824 684 1853 nuper
698 1824 736 1844 ex
752 1813 890 1854 ingenio,

162 1867 196 1896 in
215 1867 286 1897 Silv.
305 1867 381 1897 Crit.
406 1867 445 1897 iv,
467 1878 496 1906 p.
513 1870 562 1898 89.
585 1867 625 1897 ad
640 1877 735 1908 quam
750 1877 782 1896 se
797 1866 893 1896 lector

160 1927 263 1955 meus,
278 1918 304 1947 si
324 1918 406 1954 velit,
424 1923 456 1948 et
469 1918 548 1948 tanti
563 1918 613 1956 sit,
631 1918 765 1957 recipiat.

204 1969 278 2000 Ver.
300 1972 372 2018 876.
395 1976 494 2000 ¹nostro
510 1972 546 2000 de
562 1981 683 2010 corpore
708 1981 786 2010 saepe
802 1970 893 2011 fi’ra-

163 2033 232 2052 rum
262 2023 439 2061 Augescunt
465 2024 550 2052 vires.
596 2022 647 2053 De
662 2023 720 2052 hac
735 2032 768 2052 re
791 2028 896 2052 noster

163 2073 373 2104 conferendus
399 2080 456 2112 est,
483 2074 524 2104 ad
538 2074 581 2104 iii.
598 2078 668 2105 855.
686 2078 757 2106 893.
773 2077 844 2106 901.
868 2084 896 2104 v,

164 2128 236 2156 989.
315 2124 317 2127 ’

210 2176 282 2207 Ver.
300 2178 372 2207 877.
394 2183 421 2207 et
445 2187 589 2216 corpora:
617 2177 652 2207 P.
667 2176 766 2207 Vind.
784 2176 824 2206 V.
849 2176 897 2208 ed.

168 2228 208 2259 O.
225 2236 259 2259 Δ.
276 2235 316 2259 Π.
333 2234 370 2261 Σ.
394 2232 428 2260 in
440 2241 561 2271 corpore
567 2246 578 2267 ;
605 2229 704 2269 prisca
722 2229 776 2260 Pii
791 2239 895 2260 exem-

170 2279 281 2317 plaria,
295 2286 324 2310 et
340 2291 470 2320 corpore.

213 2330 288 2360 Ver.
305 2334 378 2362 879.
410 2334 506 2362 Vertit
529 2339 576 2363 et:
602 2333 643 2363 V.
662 2333 708 2364 ed.
734 2338 770 2364 Δ.
801 2335 897 2365 Verti-

173 2387 235 2416 cet;
261 2391 316 2420 per
337 2381 573 2413 usitatissimam
595 2383 839 2425 facillimamque
861 2384 899 2414 li-

173 2441 309 2465 terarum
338 2442 351 2466 t
380 2442 411 2466 et
436 2447 452 2467 c
475 2437 897 2469 commutationem—hinc:

176 2489 301 2518 1’1.lzic:
325 2492 428 2528 atque,
455 2488 488 2518 in
517 2489 710 2528 praecedente
736 2500 838 2527 versu,
865 2495 900 2521 Δ.

174 2539 251 2580 legit
270 2550 408 2579 corpore:
435 2546 466 2570 et
482 2547 523 2571 Π.
549 2541 583 2570 in
608 2551 668 2571 ver.
686 2545 756 2572 830.
782 2544 902 2582 lingua,

174 2600 230 2629 pro
243 2592 347 2630 ligna‚·
371 2597 407 2621 ut
421 2591 516 2621 etiam
529 2594 659 2632 linguis,
674 2603 736 2623 ver.
755 2596 825 2624 896.

218 2652 293 2681 Ver.
313 2655 386 2682 881.
409 2654 460 2682 in:
486 2652 572 2683 deest
586 2653 627 2683 V.
650 2653 696 2684 ed.
720 2654 759 2684 L.
790 2654 836 2683 M.
864 2660 904 2684 Π.

176 2708 371 2734 Σ.-υονεαι.·
399 2709 439 2733 Π.
455 2705 542 2734 visae.

219 2753 301 2784 Ibid.
333 2756 495 2794 Explicat:
521 2754 638 2785 scilicet
664 2756 793 2785 Natura.
837 2755 903 2785 Lu-

179 2814 284 2841 canus,
300 2806 350 2837 vii.
366 2809 439 2837 201.
461 2806 529 2837 loco
545 2807 690 2848 gemello,
706 2813 737 2838 et
751 2807 901 2847 elegante:

209 2877 367 2905 Dissimilem
378 2882 452 2905 certe
462 2880 577 2910 cunctis,
594 2888 649 2912 quo
660 2880 780 2914 explicat,
791 2880 845 2913 egit

212 2917 395 2947 Thessalicum
406 2924 508 2948 Natura
520 2921 594 2947 diem.

352 950 465 992 Tum
485 964 627 1004 porro,
650 947 751 1004 quid
770 947 814 988 id
833 954 908 997 est,
933 945 1118 987 animum
1138 942 1249 999 quod
1269 941 1445 1001 percutit
1464 940 1615 996 ipsum,

925 1106 1038 1147 Neque
1053 1104 1141 1135 aliter
1156 1102 1304 1134 Valerius
1320 1100 1460 1136 Flaccus,
1477 1098 1538 1128 viii.
1556 1096 1629 1128 247.

956 1180 1005 1205 Sed
1017 1186 1104 1210 neque
1115 1185 1142 1203 se
1158 1178 1268 1209 pingues
1279 1178 1340 1199 tum
1358 1174 1473 1199 candida
1481 1172 1590 1203 stamma
1601 1176 1650 1202 per

1081 1224 1157 1241 auras

956 1257 1127 1290 Explicuit—.

926 1313 1015 1344 Hinc
1046 1317 1152 1342 autem
1183 1311 1245 1341 loci
1277 1309 1434 1350 depravati
1464 1310 1499 1339 in
1525 1306 1655 1338 Valerio

929 1365 1074 1396 Maximo
1097 1363 1263 1403 probabilis
1296 1362 1434 1392 exoritur
1464 1360 1655 1397 emendatio,

929 1417 960 1447 ii.
973 1421 1002 1447 4.
1018 1419 1116 1447 5.-“
1131 1414 1295 1445 contractis
1309 1413 1438 1451 levibus,
1451 1418 1491 1450 et,
1507 1422 1577 1453 quae
1593 1411 1658 1441 fors

930 1473 952 1488 “
967 1469 1133 1505 obtulerat,
1152 1466 1366 1503 nutrimentis,
1382 1465 1531 1504 pertinaci
1547 1464 1657 1503 spiritu

931 1523 1124 1562 “flammam
1141 1520 1245 1550 evolvit
1253 1518 1286 1548 :⁵³
1312 1518 1331 1548 i.
1348 1528 1373 1547 e.
1393 1516 1552 1556 explicuit,
1572 1529 1658 1546 ανεπ-

932 1575 1022 1611 τοξεν,
1054 1573 1164 1610 εξελιξε.
1211 1569 1342 1601 Codices
1371 1570 1520 1609 praebent,
1551 1570 1658 1599 emovit

931 1630 962 1654 et
978 1626 1116 1655 evomuit.
1163 1623 1290 1653 Certam
1311 1631 1377 1651 esse
1398 1621 1479 1650 hanc
1494 1618 1659 1649 divinatio-

932 1685 1006 1705 nem
1022 1685 1126 1705 meam
1142 1673 1282 1704 arbitror.

975 1728 1049 1758 ver.
1076 1729 1148 1758 885.
1171 1729 1204 1757 id
1227 1732 1287 1757 est:
1315 1732 1355 1756 Π.
1383 1726 1460 1755 idem
1469 1740 1479 1761 ;
1510 1728 1603 1763 atque
1625 1721 1660 1752 in

934 1791 994 1811 ver.
1010 1783 1084 1810 886.
1105 1780 1221 1818 praebet
1236 1778 1332 1808 etiam
1346 1788 1497 1817 eiponere.

938 1832 1108 1869 Caeterum,
1126 1831 1177 1861 vix
1192 1830 1289 1871 digne
1304 1829 1364 1859 diei
1379 1834 1491 1868 potest,
1514 1828 1547 1858 in
1562 1837 1661 1868 quan-

937 1890 1007 1914 tum
1030 1884 1164 1913 editores
1179 1881 1388 1912 aberraverint
1410 1881 1443 1910 in
1459 1879 1589 1920 hujusce
1602 1878 1664 1909 loci

938 1946 1030 1966 sensu
1053 1933 1251 1965 declarando:
1290 1942 1424 1973 quorum
1446 1938 1551 1962 tamen
1574 1939 1664 1960 enar-

938 1987 1073 2017 rationes
1088 1986 1175 2026 piget
1195 1994 1362 2015 recensere.
1408 1982 1597 2022 Exposuisse
1612 1991 1665 2011 ve-

939 2049 1006 2068 ram
1019 2037 1159 2067 sufficiat.
1197 2039 1219 2054 ‘⁴
1238 2035 1337 2065 Aliud
1353 2039 1588 2075 argumentum,
1604 2042 1667 2073 quo

942 2094 964 2109 “
980 2088 1133 2120 sententia
1162 2093 1268 2118 nostra
1296 2086 1510 2124 confirmatur,
1540 2085 1667 2115 animus

942 2145 965 2161 ‘⁶
979 2141 1226 2181 uniuscujusque
1250 2141 1373 2179 praebet.
1419 2137 1590 2168 Undenam
1615 2135 1669 2165 ille

942 2196 964 2212 “
981 2199 1012 2224 et
1037 2192 1180 2227 afficitur,
1210 2196 1242 2221 et
1270 2195 1422 2225 movetur,
1448 2194 1478 2218 et
1504 2187 1543 2217 ad
1568 2187 1669 2216 varios

942 2249 965 2264 “
981 2256 1090 2276 sensus
1105 2242 1294 2284 promendos
1308 2239 1448 2282 cogitur?
1468 2239 1556 2270 Huic
1567 2249 1667 2279 quaes-

943 2301 965 2317 “
980 2298 1059 2328 tioni
1074 2305 1257 2335 responsum
1272 2294 1345 2324 dare
1365 2302 1528 2333 nunquam
1543 2291 1668 2327 valebis,

944 2354 966 2369 “
983 2350 1043 2381 nisi
1061 2348 1200 2380 confiteri
1223 2347 1310 2384 velis,
1333 2356 1442 2376 sensus
1463 2346 1555 2375 rebus
1576 2354 1670 2374 sensu

945 2405 968 2420 “
984 2401 1160 2431 carentibus
1175 2398 1301 2429 excitari
1323 2397 1432 2434 solere,
1455 2403 1486 2426 et
1501 2395 1666 2435 procreari:

946 2458 968 2473 “
985 2465 1060 2485 nam
1070 2456 1119 2484 hae
1134 2464 1184 2483 res
1193 2453 1337 2483 animum
1352 2450 1535 2490 impellunt;
1559 2455 1589 2480 et
1600 2459 1670 2480 mo-

947 2510 968 2525 “
985 2512 1035 2537 tus
1057 2506 1123 2547 ejus
1148 2511 1240 2546 atque
1262 2504 1465 2544 cogitationes
1486 2502 1560 2532 inde
1581 2512 1672 2532 enas-

947 2563 969 2577 “
985 2559 1129 2590 cuntur.'’
1176 2559 1257 2588 Haec
1281 2562 1326 2587 est
1351 2555 1529 2596 argumenti
1555 2555 1600 2584 vis
1619 2564 1671 2585 co-

948 2610 1071 2651 lorque;
1094 2616 1124 2639 et
1146 2607 1304 2647 simplicis,
1327 2614 1357 2637 et
1371 2606 1563 2646 perspicacis,
1579 2612 1609 2636 et
1624 2616 1672 2635 ar-

949 2663 1028 2703 guti.
1072 2662 1093 2692 J
1097 2672 1158 2696 am,
1183 2661 1207 2690 si
1222 2660 1297 2690 velis
1314 2669 1431 2689 errores
1444 2659 1584 2698 priorum
1599 2668 1672 2698 cog-

948 2723 1085 2750 noscere,
1101 2722 1156 2751 per
1169 2723 1221 2742 me
1236 2722 1405 2752 cognoscas
1422 2712 1505 2741 licet:
1534 2711 1673 2741 invenies

948 2770 1054 2794 autem
1067 2774 1176 2793 eorum
1190 2763 1362 2793 rationibus
1374 2762 1453 2792 nihil
1467 2762 1570 2802 magis
1585 2772 1672 2791 coac-

949 2822 1017 2846 tum
1034 2815 1111 2856 fingi
1126 2826 1226 2855 posse,
1249 2822 1304 2845 aut
1320 2815 1454 2845 orationi
1476 2814 1674 2844 Lucretianae

949 2867 1088 2897 alienius.

949 2918 1116 2950 immorari.

1142 2867 1202 2898 Sed
1225 2868 1270 2898 rei
1296 2866 1555 2898 manifestissimae
1578 2862 1673 2903 pudet
