1894 3253
628 225 866 279 LIBER
914 221 1225 273 PRIMUS.

319 367 565 426 Significant
592 365 754 410 initum,
784 358 984 418 perculsae
1011 357 1141 405 corda
1169 354 1240 398 tua
1269 354 1323 396 vi.

318 443 424 485 Inde
452 442 550 485 ferae
569 439 746 498 pecudes
775 435 1000 492 persultant
1027 432 1179 490 pabula
1207 431 1318 482 laeta,

170 585 280 618 mendi
295 584 543 626 persuasionem3
566 583 689 613 frustra.
735 576 900 610 Plurada-

172 640 278 672 bimus
293 647 386 678 super
400 638 458 667 hac
473 646 507 666 re
521 635 663 673 inferius,
685 632 726 663 ad
741 642 803 663 ver.
825 633 900 662 475.

167 699 204 723 ⁴et
218 690 320 722 simile
335 688 517 728 exemplum
532 686 637 717 videas
651 685 692 716 ad
715 684 808 716 Ovid.
825 688 902 713 met.

172 755 221 775 xv.
235 747 311 775 214.
329 743 440 781 Porro,
456 741 500 772 V.
517 740 568 772 ed.
584 741 723 778 simulas,
739 749 797 780 pro
812 740 905 770 simul

172 809 219 829 ac.

214 848 292 878 Ver.
320 851 366 878 11.
393 847 581 887 genitabilis.
639 846 689 877 Sic
705 856 816 877 omnes
841 856 907 876 uno

172 911 327 933 consensu
343 901 450 931 nostri.
485 900 639 939 Avienus,
655 901 719 930 orb.
736 899 817 930 desc.
833 902 906 930 577.

235 961 327 986 Altera
338 960 458 992 pulsatur
467 959 611 992 genitabilis
623 966 668 984 ore
681 958 792 983 Favonii
802 967 811 982 .-

174 1013 269 1044 Idem
283 1013 317 1042 in
336 1011 471 1049 Arateis,
486 1021 547 1041 ver.
567 1014 658 1041 1853.

238 1081 322 1106 Solers
333 1082 444 1109 Natura,
456 1084 483 1104 et
494 1087 583 1104 rerum
592 1078 737 1111 genitabilis
747 1078 828 1104 ordo:

175 1137 206 1160 et
222 1131 255 1160 in
271 1129 334 1160 alio
347 1129 417 1159 loco
439 1128 569 1166 ibidem,
593 1139 688 1169 quem
711 1128 909 1168 proferemus

175 1190 282 1213 tamen
299 1182 394 1220 infra,
410 1182 468 1210 sub
482 1192 544 1211 ver.
567 1184 636 1211 180.
652 1191 715 1220 quo
731 1191 763 1210 se
779 1181 909 1211 lectores

175 1234 348 1266 conferant.
394 1232 567 1270 Amobius‚
584 1231 637 1262 lib.
653 1231 690 1262 iv.
707 1243 736 1271 p.
754 1235 825 1262 146.
841 1232 907 1261 Lu·

175 1285 307 1317 cretiani
338 1285 492 1315 sermonis
520 1283 696 1314 indefessus
726 1289 904 1314 assectator:

176 1342 199 1356 “
217 1337 298 1373 Quis
310 1343 355 1366 est
370 1336 465 1374 enim,
482 1335 536 1376 qui
552 1335 669 1373 credat,
693 1335 719 1364 si
735 1335 829 1365 modo
853 1345 908 1375 ag-

176 1393 198 1408 “
214 1389 316 1419 noscit
345 1399 380 1418 ac
404 1387 546 1427 percipit,
577 1387 622 1416 vis
648 1386 738 1417 istius
761 1387 909 1426 potentiae

175 1445 197 1460 ‘⁵
213 1451 284 1482 quae
294 1440 568 1480 sit‚-—ge›1ilabiles
578 1439 723 1469 habuisse
732 1445 836 1478 partes
844 1439 910 1469 De-

178 1497 202 1511 “
218 1492 362 1524 um-?’'
400 1493 515 1530 Varro,
541 1492 580 1522 de
603 1491 682 1532 ling.
711 1492 783 1522 Lat.
807 1492 846 1522 iv.

179 1549 201 1564 ‘⁴
218 1545 386 1576 Lucretius
408 1555 538 1574 suorum
561 1545 658 1574 unius
681 1550 712 1574 et
735 1544 849 1584 viginti
873 1544 910 1574 li-

179 1600 202 1616 “
218 1599 347 1628 brorum
362 1596 491 1626 initium
507 1596 581 1626 fecit
595 1597 668 1626 hoc:

879 1496 898 1505 n

877 1504 907 1522 ι).

210 1658 230 1671 “
241 1656 359 1681 AEtheris
369 1660 397 1681 et
408 1660 489 1681 terrae
496 1655 633 1688 genitabile
645 1661 767 1687 quaerere
775 1657 915 1688 tempus.”

181 1714 315 1744 Habent
330 1719 438 1743 autem
464 1714 503 1744 G.
521 1713 562 1744 V.
579 1713 626 1743 ed.
646 1714 684 1743 Β.
702 1714 741 1744 L.
761 1714 810 1744 M.
823 1716 913 1753 geni-

178 1767 268 1796 talis:
301 1776 399 1805 quam
428 1770 535 1794 tamen
566 1765 750 1794 varietatem
779 1764 915 1794 breviori

179 1816 342 1855 scripturae
357 1815 577 1854 imputandam
593 1815 738 1852 dixerim,
755 1825 826 1854 quae
842 1815 913 1844 nul-

179 1866 212 1896 lo
234 1867 363 1906 negotio
386 1866 419 1895 in
442 1865 661 1905 hujuscemodi
684 1865 786 1894 verbis
808 1867 916 1895 turbas

181 1917 249 1948 ciet.
295 1917 434 1953 Tacitus,
451 1927 523 1947 ann.
539 1927 589 1947 xv.
608 1920 726 1947 44.—“
750 1919 916 1948 exitiabilis

182 1974 203 1987 ⁸⁴
218 1969 396 2008 superstitio
411 1979 519 1998 rursus
534 1969 757 2008 erumpebat:”
781 1969 835 1999 sed
851 1969 915 1999 duo

179 2019 302 2051 codices
331 2021 448 2050 habent
476 2021 620 2050 exitialis.
678 2020 731 2050 De
761 2020 915 2050 similibus

181 2071 432 2109 confusionibus,
458 2071 530 2101 vide
560 2071 837 2111 Oudendorpium,
866 2072 914 2101 A·

178 2123 245 2164 pul.
260 2130 335 2153 met.
350 2133 478 2163 prooem.
492 2133 522 2162 p.
541 2127 568 2154 9.
606 2123 712 2161 Quod,
729 2123 754 2152 si
768 2125 915 2163 genitalis

179 2176 301 2206 sincera
316 2175 356 2205 sit
370 2175 473 2211 lectio,
497 2185 629 2216 sequens
651 2187 730 2206 aura
748 2176 916 2215 depravata

180 2233 238 2266 est,
255 2233 291 2258 ut
306 2238 345 2258 ex
361 2227 483 2257 violatis
498 2227 592 2257 metri
607 2227 730 2268 legibus
745 2229 824 2258 bene
846 2239 914 2258 ma-

179 2280 343 2310 nifestum.
383 2279 483 2315 Hinc,
500 2279 526 2308 si
541 2279 800 2320 gravissimorum
817 2281 915 2311 MSS.

181 2331 314 2371 ponderi
330 2331 568 2372 obsequendum
580 2332 748 2371 arbitreris,
766 2343 831 2363 non
847 2333 915 2363 ille-

182 2383 257 2422 pide
285 2384 459 2422 reposueris
487 2384 627 2423 profecto
663 2385 703 2415 ad
732 2386 817 2415 hunc
847 2395 915 2415 mo-

182 2433 279 2464 dum:

215 2503 294 2531 Nam,
305 2501 384 2525 simul
395 2509 427 2527 ac
437 2503 537 2534 species
547 2504 683 2535 patefacta
695 2508 734 2529 est
745 2511 828 2529 verna
839 2504 901 2536 diei,

215 2543 248 2566 Et
260 2546 375 2566 reserata
387 2543 472 2574 viget,
480 2544 599 2574 genitazis
610 2551 675 2568 cura
687 2545 836 2569 Favonii-—.

183 2600 260 2631 Hoc
276 2601 394 2631 scilicet
409 2603 650 2633 constructionis
673 2603 800 2634 ordine:
830 2608 849 2623 “
869 2606 915 2636 Si-

185 2659 205 2671 ·‘
221 2653 290 2683 mul
305 2663 342 2683 ac
358 2653 476 2692 specics
491 2664 587 2684 verna
603 2655 675 2691 diei,
692 2657 837 2696 genitalis
854 2659 913 2688 Pa-

183 2708 207 2723 ·‘
223 2705 307 2734 vonii
319 2701 404 2741 cura,
421 2705 575 2744 patefacta
591 2712 648 2744 est,
665 2714 695 2737 et
706 2708 789 2748 viget
797 2719 914 2739 resera-

185 2759 208 2774 “
223 2755 294 2786 ta:'’
319 2757 341 2786 i.
359 2767 386 2787 e.
404 2756 485 2786 illud
500 2767 561 2792 ver,
587 2760 667 2797 quod
691 2767 802 2790 curant
825 2761 914 2802 etsi]-

182 2813 253 2838 vent
269 2807 413 2847 Zephyri.
460 2808 625 2849 Virgilius,
641 2819 710 2850 geo.
727 2810 759 2840 ii.
776 2814 847 2841 265.

605 2870 708 2900 optima
719 2870 792 2901 putri

216 2918 288 2943 Arva
297 2919 368 2944 solo:
386 2921 414 2944 id
424 2921 500 2946 venti
510 2925 612 2952 cuma-t,
624 2921 775 2954 gelidaeque
783 2924 898 2956 pruina*-

273 2970 323 3001 Vo
332 2981 363 3002 1..
390 2972 416 3003 Ι.
919 2981 947 3012 Β

949 577 1031 606 Cura
1054 584 1140 612 sane,
1156 583 1214 613 pro
1236 583 1328 607 aura,
1350 568 1450 600 voluit
1472 566 1610 599 Horatio
1625 577 1683 599 suo

946 626 1073 665 inferre,
1089 626 1130 657 ad
1152 626 1204 656 od.
1222 625 1254 655 ii.
1272 628 1300 655 8.
1325 627 1374 654 24.
1391 621 1446 653 sed
1467 620 1682 652 infelicissimo

948 678 1102 718 exemplo,
1122 677 1297 709 Bentleius.
1344 676 1467 706 Verum
1488 674 1575 705 enim
1597 684 1683 712 vero,

948 738 986 762 ut
1000 730 1171 771 saepissime
1194 734 1414 769 permutantur
1437 740 1491 759 ora
1507 733 1539 758 et
1552 738 1632 758 aura
1650 727 1684 757 in

949 784 1036 815 libris
1051 783 1212 820 omnibus,
1231 781 1317 824 (vide
1341 781 1383 811 ad
1397 791 1475 811 verr.
1492 784 1544 811 40.
1562 779 1628 819 74.)
1644 789 1684 810 nc

950 837 1028 879 quid
1062 835 1271 873 diss1mulem,
1305 834 1462 873 scripsisse
1498 832 1686 865 Lucretium

952 900 1016 920 non
1032 898 1138 920 verear
1153 887 1282 918 tandem
1298 885 1501 917 contendere:

1015 949 1047 972 Et
1058 950 1175 972 reserata
1187 947 1261 977 viget
1273 944 1423 977 genitabilis
1435 952 1480 969 ora
1492 944 1613 969 Favonii.

954 999 1029 1029 Hoc
1055 998 1136 1029 mihi
1160 997 1312 1038 persuasit
1337 997 1494 1035 Avienus,
1517 997 1582 1026 orb.
1606 995 1686 1027 desc.

957 1055 1050 1082 1140-

1375 1107 1440 1132 lnde
1452 1106 1563 1131 Favonii

985 1151 1044 1182 Qua
1053 1151 1130 1182 plaga
1133 1149 1257 1181 fecundis
1268 1149 1315 1173 alit
1326 1152 1413 1180 aspros
1416 1147 1550 1179 fructibus
1560 1153 1649 1179 agros,

983 1190 1098 1214 Barbara
1109 1189 1282 1220 montivagos
1292 1187 1371 1212 tellus
1382 1187 1508 1212 extendit
1520 1187 1657 1212 Erembos.

954 1239 996 1269 In
1013 1238 1181 1270 Maittairii
1203 1248 1276 1268 vero
1292 1236 1490 1267 collectaneis
1514 1246 1621 1266 versus
1643 1246 1690 1266 se-

954 1290 1078 1321 cundus
1094 1291 1137 1320 sic
1153 1289 1317 1320 exhibetur
1332 1288 1438 1318 nobis:

986 1343 1045 1374 Qua
1056 1341 1134 1374 plaga
1138 1341 1278 1373 saeczmdos
1288 1340 1336 1365 alit
1348 1339 1555 1370 almosstuctihus
1567 1346 1657 1371 agros:

954 1389 1049 1428 longe
1066 1387 1312 1427 cormptissime,
1329 1386 1355 1416 si
1370 1386 1566 1416 audiendum
1582 1386 1622 1416 sit
1637 1395 1690 1416 cx-

956 1439 1088 1479 emplar,
1105 1439 1300 1479 Dionysium
1317 1438 1400 1477 dico,
1417 1437 1458 1468 ad
1474 1447 1534 1468 ver.
1553 1441 1625 1469 965.

995 1506 1089 1539 Aua-go»
1101 1514 1223 1540 οξεσκωων
1233 1511 1420 1539 augmentaverat
1433 1502 1497 1530 εδσις
1509 1499 1632 1537 Εξεμῗων.

957 1557 1009 1587 De
1032 1557 1245 1587 contractione
1271 1567 1386 1596 aspros,
1414 1555 1560 1585 consulas
1586 1554 1692 1585 Sidon.

959 1609 1064 1648 Apoll.
1089 1609 1119 1639 ii.
1136 1613 1209 1641 419.
1225 1608 1299 1639 xxii.
1325 1612 1395 1638 151.
1442 1607 1533 1648 Virg.
1559 1607 1636 1637 AEn.
1659 1606 1692 1636 ii.

959 1663 1032 1692 379.
1047 1661 1122 1690 Stat.
1139 1661 1239 1690 Theb.
1260 1660 1279 1690 i.
1293 1664 1366 1690 622.
1379 1659 1477 1690 Prisc.
1487 1659 1604 1699 perieg.
1620 1661 1693 1688 481.

1630 1710 1694 1739 His

957 1764 1124 1799 admoniti,
1163 1763 1346 1802 scriptorem
1384 1761 1692 1801 ingeniosissimum,

959 1815 1142 1845 Palladium
1158 1814 1319 1844 Rutilium
1333 1814 1492 1852 Taurum,
1508 1814 1542 1844 in
1557 1814 1638 1845 libro
1654 1814 1694 1844 de

959 1866 1117 1904 insitione,
1129 1876 1190 1897 ver.
1209 1869 1260 1896 67.
1280 1865 1536 1896 emendabimus:

961 1713 1012 1743 Sic
1036 1713 1584 1752 aspreta111—-aspredo—aspretuclo.

992 1927 1147 1954 castaneae,
1158 1927 1247 1956 septos
1257 1928 1331 1956 aspro
1342 1923 1500 1954 vallamine,
1512 1924 1584 1950 fetus

1022 1966 1115 1995 Exuit,
1126 1969 1153 1989 et
1165 1965 1271 1996 placido
1282 1965 1402 1997 pondere
1418 1969 1509 1990 mutat
1519 1973 1597 1990 onus.

960 2014 1079 2054 Vulgo,
1104 2016 1253 2045 velamine
1261 2028 1271 2045 .·
1299 2014 1370 2044 vide
1397 2025 1455 2044 nos
1481 2014 1523 2045 ad
1548 2015 1588 2046 ἰν.
1616 2018 1689 2048 591.

960 2067 1012 2097 De
1026 2077 1103 2106 pyro
1121 2067 1276 2097 nimirum
1292 2066 1434 2107 loquitur
1449 2068 1549 2107 poeta.

1003 2118 1084 2149 lbid.
1109 2125 1242 2149 reserata
1274 2130 1354 2149 aura
1387 2121 1533 2150 Favonii.
1589 2120 1694 2150 Hunc

958 2171 1076 2208 locum,
1092 2171 1147 2202 sed
1162 2181 1227 2201 non
1249 2170 1294 2201 ita
1309 2181 1414 2210 presso
1429 2171 1521 2210 pede,
1537 2172 1695 2203 institerat

959 2223 1118 2254 maximus
1135 2223 1345 2261 Mantuanus,
1361 2223 1401 2254 ad
1416 2234 1486 2264 ge0.
1500 2224 1539 2254 iv.
1556 2227 1607 2255 51.

1130 2283 1236 2315 pulsam
1247 2283 1377 2314 hyemem
1389 2283 1427 2308 sol
1439 2290 1534 2308 aureus
1544 2284 1600 2315 egit

991 2324 1044 2348 Sub
1055 2328 1148 2353 terras,
1159 2323 1297 2356 coelumque
1308 2323 1408 2348 aestivci
1419 2323 1474 2347 luce
1484 2322 1597 2347 reulum.

962 2374 1063 2404 Haud
1077 2373 1184 2404 minus
1196 2373 1374 2414 elegantem
1390 2373 1424 2403 in
1440 2375 1498 2403 hac
1508 2374 1640 2404 materIe
1662 2385 1696 2406 se

960 2426 1104 2465 praestitit
1119 2425 1267 2456 Valerius
1284 2426 1426 2464 Flaccus,
1444 2426 1464 2455 i.
1482 2428 1554 2456 655.

993 2485 1110 2510 Emicuit
1122 2489 1232 2510 reserata
1249 2486 1312 2516 dies,
1324 2486 1483 2516 coelumque
1493 2485 1604 2510 resolvit

992 2527 1087 2556 Arcus,
1098 2530 1126 2551 et
1137 2526 1164 2550 in
1175 2533 1296 2550 summos
1307 2526 1446 2551 redierunt
1458 2525 1548 2549 nubila
1560 2530 1678 2552 montes.

962 2576 1027 2606 L'bi
1053 2577 1254 2615 cupientibus
1280 2577 1361 2606 hanc
1378 2575 1514 2616 figuram
1541 2577 1695 2616 exemplis

960 2627 1127 2666 aptissimis
1143 2628 1332 2657 illustratam
1355 2626 1503 2657 adeunda
1518 2635 1604 2666 sunt,
1622 2636 1693 2669 quae

958 2679 1112 2708 WVeitzius
1127 2685 1158 2708 ct
1174 2679 1380 2708 Burmannus
1394 2678 1574 2710 doctissimo
1589 2680 1696 2711 labore

959 2735 1193 2770 congesserunt.

1005 2782 1085 2812 Ibid.
1109 2784 1187 2821 viget
1208 2793 1306 2812 aura:
1331 2788 1369 2813 ut
1390 2793 1500 2814 rursus
1526 2784 1621 2824 infra,
1646 2785 1692 2815 iii.

963 2836 1036 2863 284.

1315 2897 1423 2924 ventus,
1435 2898 1462 2919 et
1473 2896 1531 2924 εἴν,

1006 2935 1036 2958 tt
1048 2933 1133 2964 calor,
1147 2934 1217 2959 inter
1227 2941 1254 2959 se
1265 2934 1426 2966 vigesn:—;
