<?xml version="1.0" encoding="UTF-8"?>
<!DOCTYPE html PUBLIC "-//W3C//DTD XHTML 1.0 Transitional//EN"
    "http://www.w3.org/TR/xhtml1/DTD/xhtml1-transitional.dtd">
<html xmlns="http://www.w3.org/1999/xhtml" xml:lang="en" lang="en">
 <head>
  <title>
</title>
<meta http-equiv="Content-Type" content="text/html;charset=utf-8" />
  <meta name='ocr-system' content='tesseract 3.04.00' />
  <meta name='ocr-capabilities' content='ocr_page ocr_carea ocr_par ocr_line ocrx_word'/>
</head>
<body>
  <div class='ocr_page' id='page_1' title='image "./tlucretiicarider01lucruoft_0315.png"; bbox 0 0 1894 3253; ppageno 0'>
   <div class='ocr_carea' id='block_1_1' title="bbox 547 257 1247 307">
    <p class='ocr_par' dir='ltr' id='par_1_1' title="bbox 547 257 1247 307">
     <span class='ocr_line' id='line_1_1' title="bbox 547 257 1247 307; baseline 0.001 -1"><span class='ocrx_word' id='word_1_1' title='bbox 547 257 780 306; x_wconf 87' lang='lat' dir='ltr'>LIBER</span> <span class='ocrx_word' id='word_1_2' title='bbox 833 257 1247 307; x_wconf 88' lang='lat' dir='ltr'>SECUNDUS.</span> 
     </span>
    </p>
   </div>
   <div class='ocr_carea' id='block_1_2' title="bbox 180 389 1282 520">
    <p class='ocr_par' dir='ltr' id='par_1_2' title="bbox 180 389 1282 520">
     <span class='ocr_line' id='line_1_2' title="bbox 297 389 1282 445; baseline 0 -14"><span class='ocrx_word' id='word_1_3' title='bbox 297 389 407 431; x_wconf 86' lang='lat' dir='ltr'><strong>Nam</strong></span> <span class='ocrx_word' id='word_1_4' title='bbox 428 397 515 432; x_wconf 88' lang='lat' dir='ltr'><strong>tum</strong></span> <span class='ocrx_word' id='word_1_5' title='bbox 536 390 747 431; x_wconf 85' lang='lat' dir='ltr'><strong>materiem</strong></span> <span class='ocrx_word' id='word_1_6' title='bbox 767 391 891 432; x_wconf 85' lang='lat' dir='ltr'><strong>totius</strong></span> <span class='ocrx_word' id='word_1_7' title='bbox 911 391 1095 445; x_wconf 88' lang='lat' dir='ltr'><strong>corporis</strong></span> <span class='ocrx_word' id='word_1_8' title='bbox 1115 405 1282 432; x_wconf 89' lang='lat' dir='ltr'><strong>omnem</strong></span> 
     </span>
     <span class='ocr_line' id='line_1_3' title="bbox 180 463 1242 520; baseline 0.002 -17"><span class='ocrx_word' id='word_1_9' title='bbox 180 465 262 505; x_wconf 72' lang='lat'><strong>275</strong></span> <span class='ocrx_word' id='word_1_10' title='bbox 300 464 566 519; x_wconf 87' lang='lat' dir='ltr'>Perspicuum</span> <span class='ocrx_word' id='word_1_11' title='bbox 586 472 645 506; x_wconf 90' lang='lat' dir='ltr'><strong>est</strong></span> <span class='ocrx_word' id='word_1_12' title='bbox 666 464 784 505; x_wconf 86' lang='lat' dir='ltr'><strong>nobis</strong></span> <span class='ocrx_word' id='word_1_13' title='bbox 803 463 939 504; x_wconf 88' lang='lat' dir='ltr'><strong>invitis</strong></span> <span class='ocrx_word' id='word_1_14' title='bbox 959 465 1034 515; x_wconf 89' lang='lat' dir='ltr'><strong>ire,</strong></span> <span class='ocrx_word' id='word_1_15' title='bbox 1057 465 1242 520; x_wconf 82' lang='lat' dir='ltr'>rapique,</span> 
     </span>
    </p>
   </div>
   <div class='ocr_carea' id='block_1_3' title="bbox 294 538 1309 594">
    <p class='ocr_par' dir='ltr' id='par_1_3' title="bbox 294 538 1309 594">
     <span class='ocr_line' id='line_1_4' title="bbox 294 538 1309 594; baseline -0.001 -14"><span class='ocrx_word' id='word_1_16' title='bbox 294 538 443 580; x_wconf 82' lang='lat' dir='ltr'><strong>Donec</strong></span> <span class='ocrx_word' id='word_1_17' title='bbox 463 554 554 580; x_wconf 84' lang='lat' dir='ltr'><strong>eam</strong></span> <span class='ocrx_word' id='word_1_18' title='bbox 573 538 792 580; x_wconf 85' lang='lat' dir='ltr'>refrenavit</span> <span class='ocrx_word' id='word_1_19' title='bbox 810 553 884 594; x_wconf 91' lang='lat' dir='ltr'><strong>per</strong></span> <span class='ocrx_word' id='word_1_20' title='bbox 904 538 1092 579; x_wconf 88' lang='lat' dir='ltr'><strong>membra</strong></span> <span class='ocrx_word' id='word_1_21' title='bbox 1111 539 1309 580; x_wconf 87' lang='lat' dir='ltr'><strong>voluntas.</strong></span> 
     </span>
    </p>
   </div>
   <div class='ocr_carea' id='block_1_4' title="bbox 293 612 1426 669">
    <p class='ocr_par' dir='ltr' id='par_1_4' title="bbox 293 612 1426 669">
     <span class='ocr_line' id='line_1_5' title="bbox 293 612 1426 669; baseline 0.002 -15"><span class='ocrx_word' id='word_1_22' title='bbox 293 613 321 654; x_wconf 90' lang='lat' dir='ltr'>J</span> <span class='ocrx_word' id='word_1_23' title='bbox 323 628 443 653; x_wconf 83' lang='lat' dir='ltr'><strong>amne</strong></span> <span class='ocrx_word' id='word_1_24' title='bbox 463 613 575 654; x_wconf 82' lang='lat' dir='ltr'><strong>vides</strong></span> <span class='ocrx_word' id='word_1_25' title='bbox 595 613 736 669; x_wconf 87' lang='lat' dir='ltr'><strong>igitur,</strong></span> <span class='ocrx_word' id='word_1_26' title='bbox 759 626 1008 668; x_wconf 87' lang='lat' dir='ltr'><strong>quamquam</strong></span> <span class='ocrx_word' id='word_1_27' title='bbox 1030 612 1089 653; x_wconf 86' lang='lat' dir='ltr'><strong>vis</strong></span> <span class='ocrx_word' id='word_1_28' title='bbox 1110 621 1253 655; x_wconf 86' lang='lat' dir='ltr'><strong>extera</strong></span> <span class='ocrx_word' id='word_1_29' title='bbox 1273 613 1426 656; x_wconf 71' lang='lat' dir='ltr'><strong>multos</strong></span> 
     </span>
    </p>
   </div>
   <div class='ocr_carea' id='block_1_5' title="bbox 294 686 1203 744">
    <p class='ocr_par' dir='ltr' id='par_1_5' title="bbox 294 686 1203 744">
     <span class='ocr_line' id='line_1_6' title="bbox 294 686 1203 744; baseline 0.002 -17"><span class='ocrx_word' id='word_1_30' title='bbox 294 686 439 736; x_wconf 81' lang='lat' dir='ltr'><strong>Peflat‚</strong></span> <span class='ocrx_word' id='word_1_31' title='bbox 462 695 502 727; x_wconf 88' lang='lat' dir='ltr'><strong>et</strong></span> <span class='ocrx_word' id='word_1_32' title='bbox 521 687 671 728; x_wconf 85' lang='lat' dir='ltr'><strong>invitos</strong></span> <span class='ocrx_word' id='word_1_33' title='bbox 690 696 813 744; x_wconf 84' lang='lat' dir='ltr'><strong>cogat</strong></span> <span class='ocrx_word' id='word_1_34' title='bbox 835 687 1058 742; x_wconf 85' lang='lat' dir='ltr'><strong>procedere</strong></span> <span class='ocrx_word' id='word_1_35' title='bbox 1079 702 1203 743; x_wconf 85' lang='lat' dir='ltr'><strong>saepe,</strong></span> 
     </span>
    </p>
   </div>
   <div class='ocr_carea' id='block_1_6' title="bbox 291 760 1427 818">
    <p class='ocr_par' dir='ltr' id='par_1_6' title="bbox 291 760 1427 818">
     <span class='ocr_line' id='line_1_7' title="bbox 291 760 1427 818; baseline 0.003 -17"><span class='ocrx_word' id='word_1_36' title='bbox 291 760 610 817; x_wconf 76' lang='lat' dir='ltr'><strong>Praecipitesque</strong></span> <span class='ocrx_word' id='word_1_37' title='bbox 629 762 717 817; x_wconf 88' lang='lat' dir='ltr'><strong>rapi</strong></span> <span class='ocrx_word' id='word_1_38' title='bbox 724 780 737 812; x_wconf 88' lang='lat'>;</span> <span class='ocrx_word' id='word_1_39' title='bbox 770 770 908 804; x_wconf 84' lang='lat' dir='ltr'><strong>tamen</strong></span> <span class='ocrx_word' id='word_1_40' title='bbox 928 777 1013 804; x_wconf 90' lang='lat' dir='ltr'><strong>esse</strong></span> <span class='ocrx_word' id='word_1_41' title='bbox 1033 763 1077 803; x_wconf 93' lang='lat' dir='ltr'><strong>in</strong></span> <span class='ocrx_word' id='word_1_42' title='bbox 1098 770 1264 818; x_wconf 87' lang='lat' dir='ltr'><strong>pectore</strong></span> <span class='ocrx_word' id='word_1_43' title='bbox 1284 771 1427 804; x_wconf 88' lang='lat' dir='ltr'><strong>nostro</strong></span> 
     </span>
    </p>
   </div>
   <div class='ocr_carea' id='block_1_7' title="bbox 176 834 1490 893">
    <p class='ocr_par' dir='ltr' id='par_1_7' title="bbox 176 834 1490 893">
     <span class='ocr_line' id='line_1_8' title="bbox 176 834 1490 893; baseline 0.003 -18"><span class='ocrx_word' id='word_1_44' title='bbox 176 839 259 876; x_wconf 83' lang='grc'><strong>280</strong></span> <span class='ocrx_word' id='word_1_45' title='bbox 291 834 520 885; x_wconf 86' lang='lat' dir='ltr'><strong>Quiddam,</strong></span> <span class='ocrx_word' id='word_1_46' title='bbox 542 835 656 891; x_wconf 93' lang='lat' dir='ltr'><strong>quod</strong></span> <span class='ocrx_word' id='word_1_47' title='bbox 675 844 821 877; x_wconf 89' lang='lat' dir='ltr'><strong>contra</strong></span> <span class='ocrx_word' id='word_1_48' title='bbox 839 850 1042 893; x_wconf 82' lang='lat' dir='ltr'><strong>pugnare,</strong></span> <span class='ocrx_word' id='word_1_49' title='bbox 1064 836 1324 892; x_wconf 81' lang='lat' dir='ltr'><strong>obstareque,</strong></span> <span class='ocrx_word' id='word_1_50' title='bbox 1346 838 1490 892; x_wconf 84' lang='lat' dir='ltr'><strong>possit:</strong></span> 
     </span>
    </p>
   </div>
   <div class='ocr_carea' id='block_1_8' title="bbox 292 909 1300 967">
    <p class='ocr_par' dir='ltr' id='par_1_8' title="bbox 292 909 1300 967">
     <span class='ocr_line' id='line_1_9' title="bbox 292 909 1300 967; baseline 0.002 -17"><span class='ocrx_word' id='word_1_51' title='bbox 292 909 454 959; x_wconf 81' lang='lat' dir='ltr'><strong>Quoius</strong></span> <span class='ocrx_word' id='word_1_52' title='bbox 474 910 527 951; x_wconf 85' lang='lat' dir='ltr'><strong>ad</strong></span> <span class='ocrx_word' id='word_1_53' title='bbox 547 911 763 952; x_wconf 85' lang='lat' dir='ltr'><strong>arbitrium</strong></span> <span class='ocrx_word' id='word_1_54' title='bbox 783 925 949 967; x_wconf 89' lang='lat' dir='ltr'><strong>quoque</strong></span> <span class='ocrx_word' id='word_1_55' title='bbox 968 911 1088 967; x_wconf 85' lang='lat' dir='ltr'><strong>copia</strong></span> <span class='ocrx_word' id='word_1_56' title='bbox 1111 912 1300 953; x_wconf 71' lang='lat' dir='ltr'><strong>materiai</strong></span> 
     </span>
    </p>
   </div>
   <div class='ocr_carea' id='block_1_9' title="bbox 291 983 1390 1041">
    <p class='ocr_par' dir='ltr' id='par_1_9' title="bbox 291 983 1390 1041">
     <span class='ocr_line' id='line_1_10' title="bbox 291 983 1390 1041; baseline 0.004 -17"><span class='ocrx_word' id='word_1_57' title='bbox 291 983 467 1041; x_wconf 85' lang='lat' dir='ltr'><strong>Cogitur</strong></span> <span class='ocrx_word' id='word_1_58' title='bbox 486 983 696 1025; x_wconf 86' lang='lat' dir='ltr'><strong>interdum</strong></span> <span class='ocrx_word' id='word_1_59' title='bbox 716 984 825 1026; x_wconf 89' lang='lat' dir='ltr'><strong>flecti</strong></span> <span class='ocrx_word' id='word_1_60' title='bbox 845 1000 919 1040; x_wconf 90' lang='lat' dir='ltr'><strong>per</strong></span> <span class='ocrx_word' id='word_1_61' title='bbox 938 985 1139 1036; x_wconf 88' lang='lat' dir='ltr'><strong>membra,</strong></span> <span class='ocrx_word' id='word_1_62' title='bbox 1161 1001 1236 1041; x_wconf 89' lang='lat' dir='ltr'><strong>per</strong></span> <span class='ocrx_word' id='word_1_63' title='bbox 1256 994 1368 1028; x_wconf 85' lang='lat' dir='ltr'><strong>artus</strong></span> <span class='ocrx_word' id='word_1_64' title='bbox 1375 1003 1390 1036; x_wconf 88' lang='lat'>;</span> 
     </span>
    </p>
   </div>
   <div class='ocr_carea' id='block_1_10' title="bbox 139 1137 876 1762">
    <p class='ocr_par' dir='ltr' id='par_1_10' title="bbox 143 1137 872 1231">
     <span class='ocr_line' id='line_1_11' title="bbox 145 1137 872 1180; baseline 0 -10"><span class='ocrx_word' id='word_1_65' title='bbox 145 1138 295 1180; x_wconf 82' lang='lat' dir='ltr'><strong>suffragio</strong></span> <span class='ocrx_word' id='word_1_66' title='bbox 321 1137 803 1179; x_wconf 74' lang='lat' dir='ltr'><strong>comprobandam—sequatur.-</strong></span> <span class='ocrx_word' id='word_1_67' title='bbox 832 1145 872 1170; x_wconf 91' lang='grc' dir='ltr'><strong>Π.</strong></span> 
     </span>
     <span class='ocr_line' id='line_1_12' title="bbox 143 1197 321 1231; baseline -0.017 -9"><span class='ocrx_word' id='word_1_68' title='bbox 143 1197 321 1231; x_wconf 79' lang='lat' dir='ltr'><strong>sequantur.</strong></span> 
     </span>
    </p>

    <p class='ocr_par' dir='ltr' id='par_1_11' title="bbox 139 1247 876 1595">
     <span class='ocr_line' id='line_1_13' title="bbox 189 1247 876 1288; baseline 0 -9"><span class='ocrx_word' id='word_1_69' title='bbox 189 1249 264 1279; x_wconf 79' lang='lat' dir='ltr'><strong>Ver.</strong></span> <span class='ocrx_word' id='word_1_70' title='bbox 281 1252 352 1280; x_wconf 83' lang='lat'><strong>269.</strong></span> <span class='ocrx_word' id='word_1_71' title='bbox 376 1250 506 1279; x_wconf 81' lang='lat' dir='ltr'><strong>initum:</strong></span> <span class='ocrx_word' id='word_1_72' title='bbox 537 1247 580 1278; x_wconf 89' lang='lat' dir='ltr'><strong>sic</strong></span> <span class='ocrx_word' id='word_1_73' title='bbox 602 1248 640 1278; x_wconf 93' lang='lat' dir='ltr'><strong>P.</strong></span> <span class='ocrx_word' id='word_1_74' title='bbox 664 1252 702 1279; x_wconf 86' lang='grc' dir='ltr'><strong>Δ.</strong></span> <span class='ocrx_word' id='word_1_75' title='bbox 726 1248 796 1288; x_wconf 73' lang='lat' dir='ltr'><strong>vide</strong></span> <span class='ocrx_word' id='word_1_76' title='bbox 818 1259 876 1279; x_wconf 91' lang='lat' dir='ltr'><strong>nos</strong></span> 
     </span>
     <span class='ocr_line' id='line_1_14' title="bbox 142 1299 874 1339; baseline -0.001 -8"><span class='ocrx_word' id='word_1_77' title='bbox 142 1300 185 1331; x_wconf 85' lang='lat' dir='ltr'><strong>ad</strong></span> <span class='ocrx_word' id='word_1_78' title='bbox 210 1300 230 1330; x_wconf 88' lang='lat' dir='ltr'><strong>i.</strong></span> <span class='ocrx_word' id='word_1_79' title='bbox 249 1303 296 1330; x_wconf 83' lang='lat'><strong>15.</strong></span> <span class='ocrx_word' id='word_1_80' title='bbox 319 1299 443 1339; x_wconf 85' lang='lat' dir='ltr'><strong>reliqui,</strong></span> <span class='ocrx_word' id='word_1_81' title='bbox 466 1301 610 1330; x_wconf 80' lang='lat' dir='ltr'><strong>initium:</strong></span> <span class='ocrx_word' id='word_1_82' title='bbox 635 1299 714 1329; x_wconf 86' lang='lat' dir='ltr'><strong>nihil</strong></span> <span class='ocrx_word' id='word_1_83' title='bbox 734 1300 874 1338; x_wconf 78' lang='lat' dir='ltr'><strong>interest,</strong></span> 
     </span>
     <span class='ocr_line' id='line_1_15' title="bbox 141 1349 875 1389; baseline -0.001 -7"><span class='ocrx_word' id='word_1_84' title='bbox 141 1358 175 1382; x_wconf 88' lang='lat' dir='ltr'><strong>et</strong></span> <span class='ocrx_word' id='word_1_85' title='bbox 203 1351 323 1382; x_wconf 85' lang='lat' dir='ltr'><strong>nescias</strong></span> <span class='ocrx_word' id='word_1_86' title='bbox 344 1356 447 1380; x_wconf 89' lang='lat' dir='ltr'><strong>utram</strong></span> <span class='ocrx_word' id='word_1_87' title='bbox 477 1349 541 1379; x_wconf 88' lang='lat' dir='ltr'><strong>utri</strong></span> <span class='ocrx_word' id='word_1_88' title='bbox 569 1349 729 1389; x_wconf 83' lang='lat' dir='ltr'><strong>praeferas;</strong></span> <span class='ocrx_word' id='word_1_89' title='bbox 766 1351 875 1381; x_wconf 88' lang='lat' dir='ltr'><strong>confer</strong></span> 
     </span>
     <span class='ocr_line' id='line_1_16' title="bbox 142 1401 871 1442; baseline 0 -8"><span class='ocrx_word' id='word_1_90' title='bbox 142 1403 257 1434; x_wconf 81' lang='lat' dir='ltr'><strong>Horat.</strong></span> <span class='ocrx_word' id='word_1_91' title='bbox 272 1402 322 1433; x_wconf 92' lang='lat' dir='ltr'><strong>od.</strong></span> <span class='ocrx_word' id='word_1_92' title='bbox 338 1402 381 1432; x_wconf 87' lang='lat' dir='ltr'><strong>iii.</strong></span> <span class='ocrx_word' id='word_1_93' title='bbox 403 1405 434 1432; x_wconf 90' lang='lat'><strong>4.</strong></span> <span class='ocrx_word' id='word_1_94' title='bbox 452 1405 502 1432; x_wconf 85' lang='lat'><strong>41.</strong></span> <span class='ocrx_word' id='word_1_95' title='bbox 526 1406 558 1431; x_wconf 84' lang='lat' dir='ltr'><strong>et</strong></span> <span class='ocrx_word' id='word_1_96' title='bbox 572 1401 712 1442; x_wconf 82' lang='lat' dir='ltr'><strong>ejusdem</strong></span> <span class='ocrx_word' id='word_1_97' title='bbox 727 1402 810 1441; x_wconf 87' lang='lat' dir='ltr'><strong>libri,</strong></span> <span class='ocrx_word' id='word_1_98' title='bbox 833 1403 871 1434; x_wconf 90' lang='lat' dir='ltr'><strong>vi.</strong></span> 
     </span>
     <span class='ocr_line' id='line_1_17' title="bbox 139 1453 872 1496; baseline -0.005 -10"><span class='ocrx_word' id='word_1_99' title='bbox 139 1459 170 1486; x_wconf 88' lang='lat'><strong>6.</strong></span> <span class='ocrx_word' id='word_1_100' title='bbox 192 1455 230 1486; x_wconf 87' lang='lat' dir='ltr'><strong>de</strong></span> <span class='ocrx_word' id='word_1_101' title='bbox 249 1464 386 1496; x_wconf 87' lang='lat' dir='ltr'><strong>quorum</strong></span> <span class='ocrx_word' id='word_1_102' title='bbox 408 1453 551 1484; x_wconf 86' lang='lat' dir='ltr'><strong>locorum</strong></span> <span class='ocrx_word' id='word_1_103' title='bbox 573 1454 794 1494; x_wconf 54' lang='lat' dir='ltr'><strong>orthographia</strong></span> <span class='ocrx_word' id='word_1_104' title='bbox 816 1455 872 1485; x_wconf 85' lang='lat' dir='ltr'><strong>ali.</strong></span> 
     </span>
     <span class='ocr_line' id='line_1_18' title="bbox 141 1503 873 1546; baseline -0.001 -9"><span class='ocrx_word' id='word_1_105' title='bbox 141 1506 215 1537; x_wconf 88' lang='lat' dir='ltr'><strong>cubi</strong></span> <span class='ocrx_word' id='word_1_106' title='bbox 230 1505 349 1546; x_wconf 88' lang='lat' dir='ltr'><strong>puerile</strong></span> <span class='ocrx_word' id='word_1_107' title='bbox 364 1504 460 1535; x_wconf 85' lang='lat' dir='ltr'><strong>nimis</strong></span> <span class='ocrx_word' id='word_1_108' title='bbox 468 1504 628 1546; x_wconf 86' lang='lat' dir='ltr'><strong>judicium</strong></span> <span class='ocrx_word' id='word_1_109' title='bbox 642 1503 716 1535; x_wconf 85' lang='lat' dir='ltr'><strong>tulit</strong></span> <span class='ocrx_word' id='word_1_110' title='bbox 729 1506 749 1537; x_wconf 92' lang='lat' dir='ltr'>J</span> <span class='ocrx_word' id='word_1_111' title='bbox 751 1506 873 1536; x_wconf 85' lang='lat' dir='ltr'><strong>ortinus</strong></span> 
     </span>
     <span class='ocr_line' id='line_1_19' title="bbox 139 1564 272 1595; baseline -0.008 -5"><span class='ocrx_word' id='word_1_112' title='bbox 139 1564 272 1595; x_wconf 71' lang='lat' dir='ltr'><strong>nostras.</strong></span> 
     </span>
    </p>

    <p class='ocr_par' dir='ltr' id='par_1_12' title="bbox 140 1617 872 1762">
     <span class='ocr_line' id='line_1_20' title="bbox 184 1617 870 1658; baseline -0.003 -8"><span class='ocrx_word' id='word_1_113' title='bbox 184 1619 260 1650; x_wconf 90' lang='lat' dir='ltr'><strong>Ver.</strong></span> <span class='ocrx_word' id='word_1_114' title='bbox 272 1621 346 1649; x_wconf 86' lang='grc'><strong>271.</strong></span> <span class='ocrx_word' id='word_1_115' title='bbox 363 1628 474 1658; x_wconf 76' lang='lat' dir='ltr'><strong>porro:</strong></span> <span class='ocrx_word' id='word_1_116' title='bbox 499 1617 521 1648; x_wconf 88' lang='lat' dir='ltr'><strong>i.</strong></span> <span class='ocrx_word' id='word_1_117' title='bbox 539 1627 565 1647; x_wconf 89' lang='lat' dir='ltr'><strong>e.</strong></span> <span class='ocrx_word' id='word_1_118' title='bbox 588 1617 716 1648; x_wconf 81' lang='lat' dir='ltr'><strong>alterius</strong></span> <span class='ocrx_word' id='word_1_119' title='bbox 730 1628 785 1657; x_wconf 89' lang='lat' dir='ltr'><strong>per</strong></span> <span class='ocrx_word' id='word_1_120' title='bbox 799 1627 870 1657; x_wconf 88' lang='lat' dir='ltr'><strong>pro·</strong></span> 
     </span>
     <span class='ocr_line' id='line_1_21' title="bbox 140 1668 872 1712; baseline -0.003 -11"><span class='ocrx_word' id='word_1_121' title='bbox 140 1670 344 1712; x_wconf 84' lang='lat' dir='ltr'><strong>gressionem.</strong></span> <span class='ocrx_word' id='word_1_122' title='bbox 389 1674 410 1687; x_wconf 76' lang='lat'><strong>‘⁵</strong></span> <span class='ocrx_word' id='word_1_123' title='bbox 427 1671 533 1704; x_wconf 82' lang='lat' dir='ltr'><strong>Porro,</strong></span> <span class='ocrx_word' id='word_1_124' title='bbox 558 1668 662 1707; x_wconf 78' lang='grc' dir='ltr'><strong>ἑξης.·”</strong></span> <span class='ocrx_word' id='word_1_125' title='bbox 684 1669 872 1709; x_wconf 78' lang='lat' dir='ltr'><strong>glossarium</strong></span> 
     </span>
     <span class='ocr_line' id='line_1_22' title="bbox 141 1721 794 1762; baseline -0.003 -8"><span class='ocrx_word' id='word_1_126' title='bbox 141 1729 230 1754; x_wconf 84' lang='lat' dir='ltr'><strong>vetus</strong></span> <span class='ocrx_word' id='word_1_127' title='bbox 236 1735 246 1762; x_wconf 92' lang='lat'>;</span> <span class='ocrx_word' id='word_1_128' title='bbox 267 1724 356 1753; x_wconf 90' lang='lat' dir='ltr'><strong>bene.</strong></span> <span class='ocrx_word' id='word_1_129' title='bbox 400 1721 564 1762; x_wconf 84' lang='lat' dir='ltr'><strong>Virgilius,</strong></span> <span class='ocrx_word' id='word_1_130' title='bbox 582 1722 658 1752; x_wconf 85' lang='lat' dir='ltr'><strong>AEn.</strong></span> <span class='ocrx_word' id='word_1_131' title='bbox 676 1732 704 1752; x_wconf 92' lang='lat' dir='ltr'><strong>v.</strong></span> <span class='ocrx_word' id='word_1_132' title='bbox 720 1726 794 1753; x_wconf 91' lang='lat'>600.</span> 
     </span>
    </p>
   </div>
   <div class='ocr_carea' id='block_1_11' title="bbox 186 1802 796 1875">
    <p class='ocr_par' dir='ltr' id='par_1_13' title="bbox 186 1802 796 1875">
     <span class='ocr_line' id='line_1_23' title="bbox 506 1802 796 1835; baseline 0.003 -9"><span class='ocrx_word' id='word_1_133' title='bbox 506 1802 569 1827; x_wconf 82' lang='lat' dir='ltr'><strong>hinc</strong></span> <span class='ocrx_word' id='word_1_134' title='bbox 580 1809 714 1828; x_wconf 77' lang='lat' dir='ltr'><strong>maxuma</strong></span> <span class='ocrx_word' id='word_1_135' title='bbox 722 1806 796 1835; x_wconf 80' lang='lat' dir='ltr'><strong>porro</strong></span> 
     </span>
     <span class='ocr_line' id='line_1_24' title="bbox 186 1843 400 1875; baseline -0.009 -7"><span class='ocrx_word' id='word_1_136' title='bbox 186 1843 293 1875; x_wconf 82' lang='lat' dir='ltr'><strong>Excepit</strong></span> <span class='ocrx_word' id='word_1_137' title='bbox 304 1845 400 1867; x_wconf 83' lang='lat' dir='ltr'><strong>Roma.</strong></span> 
     </span>
    </p>
   </div>
   <div class='ocr_carea' id='block_1_12' title="bbox 138 1916 870 2312">
    <p class='ocr_par' dir='ltr' id='par_1_14' title="bbox 138 1916 870 2312">
     <span class='ocr_line' id='line_1_25' title="bbox 142 1916 870 1957; baseline -0.005 -7"><span class='ocrx_word' id='word_1_138' title='bbox 142 1921 250 1954; x_wconf 84' lang='lat' dir='ltr'><strong>Porro,</strong></span> <span class='ocrx_word' id='word_1_139' title='bbox 279 1927 334 1957; x_wconf 85' lang='lat' dir='ltr'><strong>per</strong></span> <span class='ocrx_word' id='word_1_140' title='bbox 364 1916 593 1947; x_wconf 84' lang='lat' dir='ltr'><strong>successionem</strong></span> <span class='ocrx_word' id='word_1_141' title='bbox 619 1916 735 1957; x_wconf 83' lang='lat' dir='ltr'><strong>utique.</strong></span> <span class='ocrx_word' id='word_1_142' title='bbox 780 1916 870 1946; x_wconf 87' lang='lat' dir='ltr'><strong>Nihil</strong></span> 
     </span>
     <span class='ocr_line' id='line_1_26' title="bbox 142 1969 870 2012; baseline -0.001 -11"><span class='ocrx_word' id='word_1_143' title='bbox 142 1972 208 2012; x_wconf 87' lang='lat' dir='ltr'><strong>agit</strong></span> <span class='ocrx_word' id='word_1_144' title='bbox 224 1970 348 2001; x_wconf 83' lang='lat' dir='ltr'><strong>Servius</strong></span> <span class='ocrx_word' id='word_1_145' title='bbox 362 1969 403 2000; x_wconf 82' lang='lat' dir='ltr'><strong>ad</strong></span> <span class='ocrx_word' id='word_1_146' title='bbox 425 1969 540 2000; x_wconf 91' lang='lat' dir='ltr'><strong>locum.</strong></span> <span class='ocrx_word' id='word_1_147' title='bbox 584 1969 628 1999; x_wconf 91' lang='lat' dir='ltr'><strong>Et</strong></span> <span class='ocrx_word' id='word_1_148' title='bbox 642 1969 686 1999; x_wconf 81' lang='lat' dir='ltr'><strong>ita</strong></span> <span class='ocrx_word' id='word_1_149' title='bbox 700 1969 870 2009; x_wconf 89' lang='lat' dir='ltr'><strong>legendum</strong></span> 
     </span>
     <span class='ocr_line' id='line_1_27' title="bbox 139 2020 869 2062; baseline -0.004 -7"><span class='ocrx_word' id='word_1_150' title='bbox 139 2030 198 2061; x_wconf 84' lang='lat' dir='ltr'><strong>est,</strong></span> <span class='ocrx_word' id='word_1_151' title='bbox 219 2022 250 2052; x_wconf 88' lang='lat' dir='ltr'><strong>vi</strong></span> <span class='ocrx_word' id='word_1_152' title='bbox 265 2022 347 2052; x_wconf 84' lang='lat' dir='ltr'><strong>vocis</strong></span> <span class='ocrx_word' id='word_1_153' title='bbox 360 2024 476 2062; x_wconf 73' lang='lat' dir='ltr'><strong>excipio</strong></span> <span class='ocrx_word' id='word_1_154' title='bbox 492 2021 629 2051; x_wconf 71' lang='lat' dir='ltr'><strong>maxime</strong></span> <span class='ocrx_word' id='word_1_155' title='bbox 643 2020 781 2060; x_wconf 67' lang='lat' dir='ltr'><strong>proprifi:</strong></span> <span class='ocrx_word' id='word_1_156' title='bbox 807 2021 827 2051; x_wconf 92' lang='lat' dir='ltr'><strong>i.</strong></span> <span class='ocrx_word' id='word_1_157' title='bbox 842 2031 869 2052; x_wconf 85' lang='lat' dir='ltr'><strong>e.</strong></span> 
     </span>
     <span class='ocr_line' id='line_1_28' title="bbox 138 2073 868 2114; baseline -0.004 -8"><span class='ocrx_word' id='word_1_158' title='bbox 138 2081 161 2095; x_wconf 84' lang='lat'><strong>“</strong></span> <span class='ocrx_word' id='word_1_159' title='bbox 178 2076 283 2106; x_wconf 87' lang='lat' dir='ltr'><strong>Roma</strong></span> <span class='ocrx_word' id='word_1_160' title='bbox 297 2074 407 2104; x_wconf 82' lang='lat' dir='ltr'><strong>habuit</strong></span> <span class='ocrx_word' id='word_1_161' title='bbox 427 2080 497 2114; x_wconf 82' lang='lat' dir='ltr'><strong>post</strong></span> <span class='ocrx_word' id='word_1_162' title='bbox 518 2073 686 2104; x_wconf 90' lang='lat' dir='ltr'><strong>decursum</strong></span> <span class='ocrx_word' id='word_1_163' title='bbox 709 2073 868 2113; x_wconf 83' lang='lat' dir='ltr'><strong>temporis,</strong></span> 
     </span>
     <span class='ocr_line' id='line_1_29' title="bbox 139 2125 867 2168; baseline -0.004 -10"><span class='ocrx_word' id='word_1_164' title='bbox 139 2131 162 2147; x_wconf 90' lang='lat'><strong>“</strong></span> <span class='ocrx_word' id='word_1_165' title='bbox 177 2138 232 2168; x_wconf 88' lang='lat' dir='ltr'><strong>per</strong></span> <span class='ocrx_word' id='word_1_166' title='bbox 247 2137 360 2157; x_wconf 88' lang='lat' dir='ltr'><strong>manus</strong></span> <span class='ocrx_word' id='word_1_167' title='bbox 381 2125 478 2156; x_wconf 87' lang='lat' dir='ltr'><strong>altero</strong></span> <span class='ocrx_word' id='word_1_168' title='bbox 493 2125 582 2157; x_wconf 79' lang='lat' dir='ltr'><strong>alteri</strong></span> <span class='ocrx_word' id='word_1_169' title='bbox 597 2125 748 2156; x_wconf 83' lang='lat' dir='ltr'><strong>traditum</strong></span> <span class='ocrx_word' id='word_1_170' title='bbox 763 2136 801 2156; x_wconf 88' lang='lat' dir='ltr'><strong>ex</strong></span> <span class='ocrx_word' id='word_1_171' title='bbox 817 2136 867 2156; x_wconf 92' lang='lat' dir='ltr'><strong>or-</strong></span> 
     </span>
     <span class='ocr_line' id='line_1_30' title="bbox 139 2176 869 2217; baseline -0.003 -8"><span class='ocrx_word' id='word_1_172' title='bbox 139 2182 164 2198; x_wconf 87' lang='lat'>“</span> <span class='ocrx_word' id='word_1_173' title='bbox 179 2178 284 2209; x_wconf 80' lang='lat' dir='ltr'><strong>dine.’‘</strong></span> <span class='ocrx_word' id='word_1_174' title='bbox 330 2177 448 2217; x_wconf 88' lang='lat' dir='ltr'><strong>Vulgo,</strong></span> <span class='ocrx_word' id='word_1_175' title='bbox 480 2178 608 2217; x_wconf 77' lang='lat' dir='ltr'><strong>Accepit</strong></span> <span class='ocrx_word' id='word_1_176' title='bbox 614 2191 625 2213; x_wconf 90' lang='lat'><em>;</em></span> <span class='ocrx_word' id='word_1_177' title='bbox 662 2176 760 2207; x_wconf 84' lang='lat' dir='ltr'><strong>male:</strong></span> <span class='ocrx_word' id='word_1_178' title='bbox 797 2176 869 2207; x_wconf 88' lang='lat' dir='ltr'><strong>vide</strong></span> 
     </span>
     <span class='ocr_line' id='line_1_31' title="bbox 140 2227 867 2266; baseline -0.003 -6"><span class='ocrx_word' id='word_1_179' title='bbox 140 2240 193 2260; x_wconf 88' lang='lat' dir='ltr'><strong>me</strong></span> <span class='ocrx_word' id='word_1_180' title='bbox 206 2229 247 2260; x_wconf 80' lang='lat' dir='ltr'><strong>ad</strong></span> <span class='ocrx_word' id='word_1_181' title='bbox 263 2229 338 2260; x_wconf 87' lang='lat' dir='ltr'><strong>AEn.</strong></span> <span class='ocrx_word' id='word_1_182' title='bbox 350 2228 370 2260; x_wconf 90' lang='lat' dir='ltr'><strong>i.</strong></span> <span class='ocrx_word' id='word_1_183' title='bbox 385 2232 457 2259; x_wconf 78' lang='lat'><strong>454.</strong></span> <span class='ocrx_word' id='word_1_184' title='bbox 480 2236 510 2258; x_wconf 85' lang='lat' dir='ltr'><strong>et</strong></span> <span class='ocrx_word' id='word_1_185' title='bbox 525 2238 599 2259; x_wconf 87' lang='lat' dir='ltr'><strong>mox</strong></span> <span class='ocrx_word' id='word_1_186' title='bbox 615 2227 656 2258; x_wconf 90' lang='lat' dir='ltr'><strong>ad</strong></span> <span class='ocrx_word' id='word_1_187' title='bbox 670 2227 867 2266; x_wconf 85' lang='lat' dir='ltr'><strong>Lucretium,</strong></span> 
     </span>
     <span class='ocr_line' id='line_1_32' title="bbox 141 2284 259 2312; baseline -0.008 -1"><span class='ocrx_word' id='word_1_188' title='bbox 141 2291 171 2312; x_wconf 84' lang='lat' dir='ltr'><strong>v.</strong></span> <span class='ocrx_word' id='word_1_189' title='bbox 187 2284 259 2312; x_wconf 87' lang='grc'><strong>827.</strong></span> 
     </span>
    </p>
   </div>
   <div class='ocr_carea' id='block_1_13' title="bbox 142 2344 870 2480">
    <p class='ocr_par' dir='ltr' id='par_1_15' title="bbox 142 2344 870 2480">
     <span class='ocr_line' id='line_1_33' title="bbox 182 2344 870 2386; baseline 0 -11"><span class='ocrx_word' id='word_1_190' title='bbox 182 2345 258 2375; x_wconf 85' lang='lat' dir='ltr'><strong>Ver.</strong></span> <span class='ocrx_word' id='word_1_191' title='bbox 273 2348 346 2376; x_wconf 85' lang='grc'><strong>272.</strong></span> <span class='ocrx_word' id='word_1_192' title='bbox 361 2347 510 2385; x_wconf 82' lang='lat' dir='ltr'><strong>inpulsei:</strong></span> <span class='ocrx_word' id='word_1_193' title='bbox 539 2352 585 2376; x_wconf 81' lang='grc' dir='ltr'><strong>Ω..</strong></span> <span class='ocrx_word' id='word_1_194' title='bbox 604 2347 739 2386; x_wconf 80' lang='lat' dir='ltr'><strong>impulsu</strong></span> <span class='ocrx_word' id='word_1_195' title='bbox 745 2360 756 2382; x_wconf 91' lang='lat'><em>;</em></span> <span class='ocrx_word' id='word_1_196' title='bbox 781 2344 870 2376; x_wconf 86' lang='lat' dir='ltr'><strong>unde</strong></span> 
     </span>
     <span class='ocr_line' id='line_1_34' title="bbox 143 2397 869 2437; baseline -0.003 -9"><span class='ocrx_word' id='word_1_197' title='bbox 143 2407 209 2428; x_wconf 87' lang='lat' dir='ltr'><strong>non</strong></span> <span class='ocrx_word' id='word_1_198' title='bbox 230 2397 406 2437; x_wconf 85' lang='lat' dir='ltr'><strong>inelegante</strong></span> <span class='ocrx_word' id='word_1_199' title='bbox 436 2397 658 2427; x_wconf 85' lang='lat' dir='ltr'><strong>constitutione</strong></span> <span class='ocrx_word' id='word_1_200' title='bbox 687 2397 794 2428; x_wconf 88' lang='lat' dir='ltr'><strong>locum</strong></span> <span class='ocrx_word' id='word_1_201' title='bbox 826 2397 869 2427; x_wconf 87' lang='lat' dir='ltr'><strong>sic</strong></span> 
     </span>
     <span class='ocr_line' id='line_1_35' title="bbox 142 2448 274 2480; baseline -0.015 0"><span class='ocrx_word' id='word_1_202' title='bbox 142 2448 274 2480; x_wconf 84' lang='lat' dir='ltr'><strong>reficias:</strong></span> 
     </span>
    </p>
   </div>
   <div class='ocr_carea' id='block_1_14' title="bbox 172 2532 867 2647">
    <p class='ocr_par' dir='ltr' id='par_1_16' title="bbox 172 2532 867 2647">
     <span class='ocr_line' id='line_1_36' title="bbox 172 2532 867 2566; baseline -0.004 -6"><span class='ocrx_word' id='word_1_203' title='bbox 172 2535 227 2560; x_wconf 84' lang='lat' dir='ltr'><strong>Nec</strong></span> <span class='ocrx_word' id='word_1_204' title='bbox 239 2533 323 2558; x_wconf 82' lang='lat' dir='ltr'><strong>simile</strong></span> <span class='ocrx_word' id='word_1_205' title='bbox 337 2536 386 2563; x_wconf 82' lang='lat' dir='ltr'><strong>est,</strong></span> <span class='ocrx_word' id='word_1_206' title='bbox 405 2536 447 2562; x_wconf 85' lang='lat' dir='ltr'><strong>ut,</strong></span> <span class='ocrx_word' id='word_1_207' title='bbox 466 2539 550 2564; x_wconf 88' lang='lat' dir='ltr'><strong>quom</strong></span> <span class='ocrx_word' id='word_1_208' title='bbox 567 2533 670 2566; x_wconf 81' lang='lat' dir='ltr'><strong>inpulm</strong></span> <span class='ocrx_word' id='word_1_209' title='bbox 687 2532 867 2565; x_wconf 74' lang='lat' dir='ltr'><strong>procedimus,</strong></span> 
     </span>
     <span class='ocr_line' id='line_1_37' title="bbox 297 2575 352 2599; baseline 0 0"><span class='ocrx_word' id='word_1_210' title='bbox 297 2575 306 2599; x_wconf 83' lang='grc' dir='ltr'><em>ὶ</em></span> <span class='ocrx_word' id='word_1_211' title='bbox 321 2579 330 2599; x_wconf 80' lang='lat' dir='ltr'><em>t</em></span> <span class='ocrx_word' id='word_1_212' title='bbox 347 2575 352 2579; x_wconf 88' lang='grc'><em>“</em></span> 
     </span>
     <span class='ocr_line' id='line_1_38' title="bbox 173 2583 553 2647; baseline -0.003 -7"><span class='ocrx_word' id='word_1_213' title='bbox 173 2616 280 2641; x_wconf 75' lang='lat' dir='ltr'><strong>Viribus</strong></span> <span class='ocrx_word' id='word_1_214' title='bbox 289 2583 398 2640; x_wconf 58' lang='lat' dir='ltr'><strong>alctgius</strong></span> <span class='ocrx_word' id='word_1_215' title='bbox 408 2614 553 2647; x_wconf 76' lang='lat' dir='ltr'><strong>magnis-—.</strong></span> 
     </span>
    </p>
   </div>
   <div class='ocr_carea' id='block_1_15' title="bbox 143 2690 566 2733">
    <p class='ocr_par' dir='ltr' id='par_1_17' title="bbox 143 2690 566 2733">
     <span class='ocr_line' id='line_1_39' title="bbox 143 2690 566 2733; baseline 0 -11"><span class='ocrx_word' id='word_1_216' title='bbox 143 2691 309 2733; x_wconf 84' lang='lat' dir='ltr'><strong>Virgilius,</strong></span> <span class='ocrx_word' id='word_1_217' title='bbox 325 2691 401 2722; x_wconf 71' lang='lat' dir='ltr'><strong>AEn.</strong></span> <span class='ocrx_word' id='word_1_218' title='bbox 416 2690 478 2721; x_wconf 80' lang='lat' dir='ltr'><strong>viij.</strong></span> <span class='ocrx_word' id='word_1_219' title='bbox 495 2693 566 2722; x_wconf 87' lang='grc'><strong>259.</strong></span> 
     </span>
    </p>
   </div>
   <div class='ocr_carea' id='block_1_16' title="bbox 276 2775 820 2808">
    <p class='ocr_par' dir='ltr' id='par_1_18' title="bbox 276 2775 820 2808">
     <span class='ocr_line' id='line_1_40' title="bbox 276 2775 820 2808; baseline -0.002 -8"><span class='ocrx_word' id='word_1_220' title='bbox 276 2776 378 2808; x_wconf 77' lang='lat' dir='ltr'><strong>inpulsu</strong></span> <span class='ocrx_word' id='word_1_221' title='bbox 389 2782 444 2807; x_wconf 88' lang='lat' dir='ltr'><strong>quo</strong></span> <span class='ocrx_word' id='word_1_222' title='bbox 455 2781 604 2800; x_wconf 78' lang='lat' dir='ltr'><strong>maxumus</strong></span> <span class='ocrx_word' id='word_1_223' title='bbox 614 2775 713 2799; x_wconf 67' lang='lat' dir='ltr'><strong>intona?</strong></span> <span class='ocrx_word' id='word_1_224' title='bbox 719 2775 820 2800; x_wconf 75' lang='lat' dir='ltr'><strong>aether.</strong></span> 
     </span>
    </p>
   </div>
   <div class='ocr_carea' id='block_1_17' title="bbox 172 2789 266 2797">
    <p class='ocr_par' dir='ltr' id='par_1_19' title="bbox 172 2789 266 2797">
     <span class='ocr_line' id='line_1_41' title="bbox 172 2789 266 2797; baseline 0 0"><span class='ocrx_word' id='word_1_225' title='bbox 172 2789 266 2797; x_wconf 95' lang='lat' dir='ltr'><strong> </strong></span> 
     </span>
    </p>
   </div>
   <div class='ocr_carea' id='block_1_18' title="bbox 136 2849 869 2991">
    <p class='ocr_par' dir='ltr' id='par_1_20' title="bbox 136 2849 869 2991">
     <span class='ocr_line' id='line_1_42' title="bbox 185 2849 869 2882; baseline -0.003 0"><span class='ocrx_word' id='word_1_226' title='bbox 185 2851 261 2882; x_wconf 88' lang='lat' dir='ltr'><strong>Ver.</strong></span> <span class='ocrx_word' id='word_1_227' title='bbox 284 2854 355 2882; x_wconf 83' lang='grc'><strong>275.</strong></span> <span class='ocrx_word' id='word_1_228' title='bbox 383 2854 527 2882; x_wconf 79' lang='lat' dir='ltr'><strong>alterius:</strong></span> <span class='ocrx_word' id='word_1_229' title='bbox 563 2857 603 2881; x_wconf 82' lang='lat' dir='ltr'><strong>n.</strong></span> <span class='ocrx_word' id='word_1_230' title='bbox 625 2852 769 2882; x_wconf 79' lang='lat' dir='ltr'><strong>alternis:</strong></span> <span class='ocrx_word' id='word_1_231' title='bbox 798 2849 869 2880; x_wconf 88' lang='lat' dir='ltr'><strong>vide</strong></span> 
     </span>
     <span class='ocr_line' id='line_1_43' title="bbox 136 2900 540 2934; baseline 0 -1"><span class='ocrx_word' id='word_1_232' title='bbox 136 2900 184 2933; x_wconf 62' lang='lat' dir='ltr'><strong>ad</strong></span> <span class='ocrx_word' id='word_1_233' title='bbox 198 2911 258 2932; x_wconf 86' lang='lat' dir='ltr'><strong>ver.</strong></span> <span class='ocrx_word' id='word_1_234' title='bbox 274 2906 347 2934; x_wconf 84' lang='grc'><strong>257.</strong></span> <span class='ocrx_word' id='word_1_235' title='bbox 364 2909 395 2933; x_wconf 83' lang='lat' dir='ltr'><strong>et</strong></span> <span class='ocrx_word' id='word_1_236' title='bbox 410 2903 429 2933; x_wconf 90' lang='lat' dir='ltr'><strong>i.</strong></span> <span class='ocrx_word' id='word_1_237' title='bbox 450 2907 540 2933; x_wconf 91' lang='grc'><strong>1010.</strong></span> 
     </span>
     <span class='ocr_line' id='line_1_44' title="bbox 187 2951 869 2991; baseline 0.001 -9"><span class='ocrx_word' id='word_1_238' title='bbox 187 2951 268 2983; x_wconf 85' lang='lat' dir='ltr'><strong>Ibid.</strong></span> <span class='ocrx_word' id='word_1_239' title='bbox 290 2960 405 2985; x_wconf 80' lang='lat' dir='ltr'><strong>coactu.</strong></span> <span class='ocrx_word' id='word_1_240' title='bbox 451 2953 525 2991; x_wconf 58' lang='lat' dir='ltr'><strong>Qua</strong></span> <span class='ocrx_word' id='word_1_241' title='bbox 554 2963 629 2985; x_wconf 87' lang='lat' dir='ltr'><strong>voce</strong></span> <span class='ocrx_word' id='word_1_242' title='bbox 658 2953 761 2984; x_wconf 83' lang='lat' dir='ltr'><strong>Caesar</strong></span> <span class='ocrx_word' id='word_1_243' title='bbox 793 2963 869 2984; x_wconf 87' lang='lat' dir='ltr'><strong>usus</strong></span> 
     </span>
    </p>
   </div>
   <div class='ocr_carea' id='block_1_19' title="bbox 186 3011 327 3042">
    <p class='ocr_par' dir='ltr' id='par_1_21' title="bbox 186 3011 327 3042">
     <span class='ocr_line' id='line_1_45' title="bbox 186 3011 327 3042; baseline 0.014 -2"><span class='ocrx_word' id='word_1_244' title='bbox 186 3011 275 3041; x_wconf 73' lang='lat' dir='ltr'><strong>Vox..</strong></span> <span class='ocrx_word' id='word_1_245' title='bbox 301 3011 327 3042; x_wconf 94' lang='lat' dir='ltr'><strong>I.</strong></span> 
     </span>
    </p>
   </div>
   <div class='ocr_carea' id='block_1_20' title="bbox 917 1139 1647 1231">
    <p class='ocr_par' dir='ltr' id='par_1_22' title="bbox 917 1139 1647 1231">
     <span class='ocr_line' id='line_1_46' title="bbox 917 1139 1647 1177; baseline 0.003 -8"><span class='ocrx_word' id='word_1_246' title='bbox 917 1146 977 1177; x_wconf 85' lang='lat' dir='ltr'><strong>est,</strong></span> <span class='ocrx_word' id='word_1_247' title='bbox 999 1139 1070 1170; x_wconf 85' lang='lat' dir='ltr'><strong>bell.</strong></span> <span class='ocrx_word' id='word_1_248' title='bbox 1089 1139 1171 1170; x_wconf 86' lang='lat' dir='ltr'><strong>Gall.</strong></span> <span class='ocrx_word' id='word_1_249' title='bbox 1187 1150 1214 1170; x_wconf 82' lang='lat' dir='ltr'><strong>v.</strong></span> <span class='ocrx_word' id='word_1_250' title='bbox 1241 1142 1291 1171; x_wconf 87' lang='grc'><strong>27.</strong></span> <span class='ocrx_word' id='word_1_251' title='bbox 1307 1143 1337 1170; x_wconf 81' lang='grc'><strong>5.</strong></span> <span class='ocrx_word' id='word_1_252' title='bbox 1369 1144 1393 1159; x_wconf 88' lang='grc'>“</span> <span class='ocrx_word' id='word_1_253' title='bbox 1408 1147 1515 1171; x_wconf 71' lang='lat' dir='ltr'><strong>coactu</strong></span> <span class='ocrx_word' id='word_1_254' title='bbox 1541 1140 1647 1171; x_wconf 85' lang='lat' dir='ltr'><strong>civita.-</strong></span> 
     </span>
     <span class='ocr_line' id='line_1_47' title="bbox 918 1191 1511 1231; baseline 0.002 -10"><span class='ocrx_word' id='word_1_255' title='bbox 918 1198 938 1210; x_wconf 90' lang='lat'>“</span> <span class='ocrx_word' id='word_1_256' title='bbox 954 1191 1031 1221; x_wconf 85' lang='lat' dir='ltr'><strong>tis:’&#39;</strong></span> <span class='ocrx_word' id='word_1_257' title='bbox 1056 1197 1087 1221; x_wconf 89' lang='lat' dir='ltr'><strong>et</strong></span> <span class='ocrx_word' id='word_1_258' title='bbox 1104 1191 1278 1227; x_wconf 86' lang='lat' dir='ltr'><strong>Ausonius,</strong></span> <span class='ocrx_word' id='word_1_259' title='bbox 1295 1191 1376 1231; x_wconf 83' lang='lat' dir='ltr'><strong>epig.</strong></span> <span class='ocrx_word' id='word_1_260' title='bbox 1396 1195 1466 1222; x_wconf 83' lang='lat'><strong>128.</strong></span> <span class='ocrx_word' id='word_1_261' title='bbox 1481 1196 1511 1222; x_wconf 84' lang='lat'><strong>4.</strong></span> 
     </span>
    </p>
   </div>
   <div class='ocr_carea' id='block_1_21' title="bbox 979 1275 1526 1306">
    <p class='ocr_par' dir='ltr' id='par_1_23' title="bbox 979 1275 1526 1306">
     <span class='ocr_line' id='line_1_48' title="bbox 979 1275 1526 1306; baseline 0.002 -7"><span class='ocrx_word' id='word_1_262' title='bbox 979 1275 1127 1306; x_wconf 86' lang='lat' dir='ltr'><strong>Triquetro</strong></span> <span class='ocrx_word' id='word_1_263' title='bbox 1137 1278 1224 1299; x_wconf 84' lang='lat' dir='ltr'><strong>coactu</strong></span> <span class='ocrx_word' id='word_1_264' title='bbox 1235 1275 1314 1300; x_wconf 85' lang='lat' dir='ltr'><strong>Delta</strong></span> <span class='ocrx_word' id='word_1_265' title='bbox 1324 1275 1430 1300; x_wconf 79' lang='lat' dir='ltr'><strong>literam</strong></span> <span class='ocrx_word' id='word_1_266' title='bbox 1442 1276 1526 1300; x_wconf 80' lang='lat' dir='ltr'><strong>ducit.</strong></span> 
     </span>
    </p>
   </div>
   <div class='ocr_carea' id='block_1_22' title="bbox 913 1350 1647 1808">
    <p class='ocr_par' dir='ltr' id='par_1_24' title="bbox 919 1350 1433 1381">
     <span class='ocr_line' id='line_1_49' title="bbox 919 1350 1433 1381; baseline -0.002 0"><span class='ocrx_word' id='word_1_267' title='bbox 919 1351 971 1381; x_wconf 86' lang='lat' dir='ltr'><strong>Sic</strong></span> <span class='ocrx_word' id='word_1_268' title='bbox 987 1351 1082 1381; x_wconf 82' lang='lat' dir='ltr'><strong>etiam</strong></span> <span class='ocrx_word' id='word_1_269' title='bbox 1101 1350 1216 1381; x_wconf 90' lang='lat' dir='ltr'><strong>alicubi</strong></span> <span class='ocrx_word' id='word_1_270' title='bbox 1233 1351 1281 1381; x_wconf 88' lang='lat' dir='ltr'><strong>M.</strong></span> <span class='ocrx_word' id='word_1_271' title='bbox 1298 1350 1433 1381; x_wconf 84' lang='lat' dir='ltr'><strong>Tullius.</strong></span> 
     </span>
    </p>

    <p class='ocr_par' dir='ltr' id='par_1_25' title="bbox 916 1402 1647 1490">
     <span class='ocr_line' id='line_1_50' title="bbox 962 1402 1647 1435; baseline 0.006 -3"><span class='ocrx_word' id='word_1_272' title='bbox 962 1402 1034 1433; x_wconf 90' lang='lat' dir='ltr'><strong>Ver.</strong></span> <span class='ocrx_word' id='word_1_273' title='bbox 1059 1406 1131 1434; x_wconf 82' lang='lat'><strong>274.</strong></span> <span class='ocrx_word' id='word_1_274' title='bbox 1153 1404 1328 1434; x_wconf 78' lang='lat' dir='ltr'><strong>materiem:</strong></span> <span class='ocrx_word' id='word_1_275' title='bbox 1365 1403 1408 1433; x_wconf 83' lang='lat' dir='ltr'><strong>sic</strong></span> <span class='ocrx_word' id='word_1_276' title='bbox 1436 1403 1475 1433; x_wconf 88' lang='lat' dir='ltr'><strong>P.</strong></span> <span class='ocrx_word' id='word_1_277' title='bbox 1496 1403 1590 1435; x_wconf 82' lang='lat' dir='ltr'><strong>Vind.</strong></span> <span class='ocrx_word' id='word_1_278' title='bbox 1606 1405 1647 1435; x_wconf 80' lang='lat' dir='ltr'><strong>V.</strong></span> 
     </span>
     <span class='ocr_line' id='line_1_51' title="bbox 916 1453 1449 1490; baseline 0 -6"><span class='ocrx_word' id='word_1_279' title='bbox 916 1453 963 1484; x_wconf 87' lang='lat' dir='ltr'><strong>ed.</strong></span> <span class='ocrx_word' id='word_1_280' title='bbox 979 1454 1017 1484; x_wconf 94' lang='lat' dir='ltr'><strong>L.</strong></span> <span class='ocrx_word' id='word_1_281' title='bbox 1035 1454 1075 1484; x_wconf 94' lang='grc' dir='ltr'><strong>Ο.</strong></span> <span class='ocrx_word' id='word_1_282' title='bbox 1091 1460 1133 1484; x_wconf 88' lang='grc' dir='ltr'><strong>Π.</strong></span> <span class='ocrx_word' id='word_1_283' title='bbox 1149 1454 1261 1490; x_wconf 82' lang='lat' dir='ltr'><strong>caeteri,</strong></span> <span class='ocrx_word' id='word_1_284' title='bbox 1277 1456 1449 1485; x_wconf 76' lang='lat' dir='ltr'><strong>materiam.</strong></span> 
     </span>
    </p>

    <p class='ocr_par' dir='ltr' id='par_1_26' title="bbox 959 1505 1538 1537">
     <span class='ocr_line' id='line_1_52' title="bbox 959 1505 1538 1537; baseline 0.005 -3"><span class='ocrx_word' id='word_1_285' title='bbox 959 1505 1035 1535; x_wconf 87' lang='lat' dir='ltr'><strong>Ver.</strong></span> <span class='ocrx_word' id='word_1_286' title='bbox 1055 1508 1126 1536; x_wconf 89' lang='grc'><strong>275.</strong></span> <span class='ocrx_word' id='word_1_287' title='bbox 1149 1512 1192 1536; x_wconf 80' lang='lat' dir='ltr'><strong>est</strong></span> <span class='ocrx_word' id='word_1_288' title='bbox 1207 1506 1309 1535; x_wconf 79' lang='lat' dir='ltr'><strong>nobis:</strong></span> <span class='ocrx_word' id='word_1_289' title='bbox 1335 1505 1372 1535; x_wconf 90' lang='lat' dir='ltr'><strong>L.</strong></span> <span class='ocrx_word' id='word_1_290' title='bbox 1387 1507 1472 1537; x_wconf 76' lang='lat' dir='ltr'><strong>nobis</strong></span> <span class='ocrx_word' id='word_1_291' title='bbox 1487 1512 1538 1537; x_wconf 81' lang='lat' dir='ltr'><strong>est.</strong></span> 
     </span>
    </p>

    <p class='ocr_par' dir='ltr' id='par_1_27' title="bbox 913 1557 1646 1808">
     <span class='ocr_line' id='line_1_53' title="bbox 958 1557 1646 1590; baseline 0.001 -3"><span class='ocrx_word' id='word_1_292' title='bbox 958 1557 1032 1587; x_wconf 93' lang='lat' dir='ltr'><strong>Ver.</strong></span> <span class='ocrx_word' id='word_1_293' title='bbox 1049 1560 1121 1588; x_wconf 87' lang='grc'><strong>276.</strong></span> <span class='ocrx_word' id='word_1_294' title='bbox 1144 1558 1269 1588; x_wconf 84' lang='lat' dir='ltr'><strong>Donec:</strong></span> <span class='ocrx_word' id='word_1_295' title='bbox 1294 1557 1338 1587; x_wconf 86' lang='lat' dir='ltr'><strong>ita</strong></span> <span class='ocrx_word' id='word_1_296' title='bbox 1360 1558 1396 1590; x_wconf 88' lang='lat' dir='ltr'><strong>P.</strong></span> <span class='ocrx_word' id='word_1_297' title='bbox 1421 1558 1517 1588; x_wconf 89' lang='lat' dir='ltr'><strong>Vind.</strong></span> <span class='ocrx_word' id='word_1_298' title='bbox 1537 1557 1576 1588; x_wconf 89' lang='lat' dir='ltr'><strong>V.</strong></span> <span class='ocrx_word' id='word_1_299' title='bbox 1599 1557 1646 1588; x_wconf 82' lang='lat' dir='ltr'><strong>ed.</strong></span> 
     </span>
     <span class='ocr_line' id='line_1_54' title="bbox 916 1610 1646 1652; baseline 0 -11"><span class='ocrx_word' id='word_1_300' title='bbox 916 1610 954 1641; x_wconf 90' lang='lat' dir='ltr'><strong>B.</strong></span> <span class='ocrx_word' id='word_1_301' title='bbox 970 1610 1006 1641; x_wconf 90' lang='lat' dir='ltr'><strong>L.</strong></span> <span class='ocrx_word' id='word_1_302' title='bbox 1024 1615 1060 1641; x_wconf 90' lang='grc' dir='ltr'><strong>Δ.</strong></span> <span class='ocrx_word' id='word_1_303' title='bbox 1076 1617 1117 1642; x_wconf 89' lang='grc' dir='ltr'><strong>Π.</strong></span> <span class='ocrx_word' id='word_1_304' title='bbox 1133 1615 1168 1642; x_wconf 87' lang='grc' dir='ltr'><strong>Σ.</strong></span> <span class='ocrx_word' id='word_1_305' title='bbox 1186 1617 1231 1641; x_wconf 80' lang='grc' dir='ltr'><strong>Ω..</strong></span> <span class='ocrx_word' id='word_1_306' title='bbox 1246 1610 1350 1641; x_wconf 87' lang='lat' dir='ltr'><strong>editur</strong></span> <span class='ocrx_word' id='word_1_307' title='bbox 1364 1611 1472 1652; x_wconf 81' lang='lat' dir='ltr'><strong>vulgo,</strong></span> <span class='ocrx_word' id='word_1_308' title='bbox 1490 1613 1646 1642; x_wconf 69' lang='lat' dir='ltr'><strong>Dorticum</strong></span> 
     </span>
     <span class='ocr_line' id='line_1_55' title="bbox 913 1662 1645 1703; baseline -0.001 -10"><span class='ocrx_word' id='word_1_309' title='bbox 913 1673 980 1694; x_wconf 81' lang='lat' dir='ltr'><strong>eam</strong></span> <span class='ocrx_word' id='word_1_310' title='bbox 992 1676 1002 1692; x_wconf 94' lang='lat'><em>:</em></span> <span class='ocrx_word' id='word_1_311' title='bbox 1028 1662 1068 1692; x_wconf 91' lang='lat' dir='ltr'><strong>V.</strong></span> <span class='ocrx_word' id='word_1_312' title='bbox 1085 1662 1133 1693; x_wconf 82' lang='lat' dir='ltr'><strong>ed.</strong></span> <span class='ocrx_word' id='word_1_313' title='bbox 1150 1663 1187 1692; x_wconf 91' lang='lat' dir='ltr'><strong>B.</strong></span> <span class='ocrx_word' id='word_1_314' title='bbox 1203 1674 1296 1694; x_wconf 82' lang='lat' dir='ltr'><strong>causa</strong></span> <span class='ocrx_word' id='word_1_315' title='bbox 1308 1677 1319 1698; x_wconf 84' lang='lat'><em>;</em></span> <span class='ocrx_word' id='word_1_316' title='bbox 1347 1662 1399 1693; x_wconf 88' lang='lat' dir='ltr'><strong>Pii</strong></span> <span class='ocrx_word' id='word_1_317' title='bbox 1416 1663 1544 1703; x_wconf 87' lang='lat' dir='ltr'><strong>quidam</strong></span> <span class='ocrx_word' id='word_1_318' title='bbox 1560 1663 1645 1692; x_wconf 88' lang='lat' dir='ltr'><strong>codi-</strong></span> 
     </span>
     <span class='ocr_line' id='line_1_56' title="bbox 914 1713 1643 1753; baseline -0.001 -8"><span class='ocrx_word' id='word_1_319' title='bbox 914 1724 976 1753; x_wconf 75' lang='lat' dir='ltr'><strong>ceS,</strong></span> <span class='ocrx_word' id='word_1_320' title='bbox 1001 1716 1125 1750; x_wconf 55' lang='lat' dir='ltr'><strong>clausm-</strong></span> <span class='ocrx_word' id='word_1_321' title='bbox 1152 1714 1187 1744; x_wconf 86' lang='lat' dir='ltr'><strong>in</strong></span> <span class='ocrx_word' id='word_1_322' title='bbox 1214 1720 1255 1745; x_wconf 86' lang='grc' dir='ltr'><strong>Π.</strong></span> <span class='ocrx_word' id='word_1_323' title='bbox 1282 1713 1414 1744; x_wconf 87' lang='lat' dir='ltr'><strong>omnino</strong></span> <span class='ocrx_word' id='word_1_324' title='bbox 1439 1714 1643 1744; x_wconf 84' lang='lat' dir='ltr'><strong>desideratur.</strong></span> 
     </span>
     <span class='ocr_line' id='line_1_57' title="bbox 918 1766 1179 1808; baseline 0 -11"><span class='ocrx_word' id='word_1_325' title='bbox 918 1767 972 1798; x_wconf 89' lang='lat' dir='ltr'><strong>An</strong></span> <span class='ocrx_word' id='word_1_326' title='bbox 988 1766 1179 1808; x_wconf 82' lang='lat' dir='ltr'><strong>legendum?</strong></span> 
     </span>
    </p>
   </div>
   <div class='ocr_carea' id='block_1_23' title="bbox 930 1851 1621 1883">
    <p class='ocr_par' dir='ltr' id='par_1_28' title="bbox 930 1851 1621 1883">
     <span class='ocr_line' id='line_1_58' title="bbox 930 1851 1621 1883; baseline 0 -7"><span class='ocrx_word' id='word_1_327' title='bbox 930 1853 1022 1877; x_wconf 88' lang='lat' dir='ltr'><strong>Donec</strong></span> <span class='ocrx_word' id='word_1_328' title='bbox 1034 1859 1124 1877; x_wconf 80' lang='lat' dir='ltr'><strong>caussa</strong></span> <span class='ocrx_word' id='word_1_329' title='bbox 1136 1851 1281 1878; x_wconf 84' lang='lat' dir='ltr'><strong>refrenavit</strong></span> <span class='ocrx_word' id='word_1_330' title='bbox 1294 1858 1341 1883; x_wconf 85' lang='lat' dir='ltr'><strong>per</strong></span> <span class='ocrx_word' id='word_1_331' title='bbox 1351 1852 1475 1876; x_wconf 87' lang='lat' dir='ltr'><strong>membra</strong></span> <span class='ocrx_word' id='word_1_332' title='bbox 1484 1852 1621 1876; x_wconf 74' lang='lat' dir='ltr'><strong>volutans.</strong></span> 
     </span>
    </p>
   </div>
   <div class='ocr_carea' id='block_1_24' title="bbox 909 1927 1646 2631">
    <p class='ocr_par' dir='ltr' id='par_1_29' title="bbox 909 1927 1646 2484">
     <span class='ocr_line' id='line_1_59' title="bbox 914 1927 1646 1966; baseline 0 -9"><span class='ocrx_word' id='word_1_333' title='bbox 914 1927 962 1958; x_wconf 86' lang='lat' dir='ltr'><strong>Ut</strong></span> <span class='ocrx_word' id='word_1_334' title='bbox 987 1927 1027 1957; x_wconf 88' lang='lat' dir='ltr'><strong>sit</strong></span> <span class='ocrx_word' id='word_1_335' title='bbox 1052 1939 1161 1959; x_wconf 81' lang='lat' dir='ltr'><strong>caussa</strong></span> <span class='ocrx_word' id='word_1_336' title='bbox 1188 1928 1326 1959; x_wconf 78' lang='lat' dir='ltr'><strong>volutans</strong></span> <span class='ocrx_word' id='word_1_337' title='bbox 1347 1938 1405 1966; x_wconf 79' lang='lat' dir='ltr'><strong>per</strong></span> <span class='ocrx_word' id='word_1_338' title='bbox 1427 1928 1571 1966; x_wconf 79' lang='lat' dir='ltr'><strong>membra,</strong></span> <span class='ocrx_word' id='word_1_339' title='bbox 1598 1927 1646 1957; x_wconf 80' lang='lat' dir='ltr'><strong>vel</strong></span> 
     </span>
     <span class='ocr_line' id='line_1_60' title="bbox 915 1980 1644 2019; baseline 0 -9"><span class='ocrx_word' id='word_1_340' title='bbox 915 1983 937 1998; x_wconf 90' lang='lat'><strong>“</strong></span> <span class='ocrx_word' id='word_1_341' title='bbox 952 1990 1062 2010; x_wconf 83' lang='lat' dir='ltr'><strong>caussa</strong></span> <span class='ocrx_word' id='word_1_342' title='bbox 1077 1991 1109 2010; x_wconf 86' lang='lat' dir='ltr'><strong>se</strong></span> <span class='ocrx_word' id='word_1_343' title='bbox 1124 1990 1178 2019; x_wconf 88' lang='lat' dir='ltr'><strong>per</strong></span> <span class='ocrx_word' id='word_1_344' title='bbox 1193 1980 1338 2010; x_wconf 89' lang='lat' dir='ltr'><strong>membra</strong></span> <span class='ocrx_word' id='word_1_345' title='bbox 1352 1980 1571 2018; x_wconf 85' lang='lat' dir='ltr'><strong>promovens,&#39;‘</strong></span> <span class='ocrx_word' id='word_1_346' title='bbox 1591 1990 1644 2019; x_wconf 84' lang='lat' dir='ltr'><strong>pe-</strong></span> 
     </span>
     <span class='ocr_line' id='line_1_61' title="bbox 914 2031 1643 2070; baseline 0.001 -10"><span class='ocrx_word' id='word_1_347' title='bbox 914 2031 1062 2070; x_wconf 84' lang='lat' dir='ltr'><strong>riphrasis</strong></span> <span class='ocrx_word' id='word_1_348' title='bbox 1091 2033 1264 2062; x_wconf 77' lang='lat' dir='ltr'><strong>voluntatis.</strong></span> <span class='ocrx_word' id='word_1_349' title='bbox 1309 2031 1354 2060; x_wconf 80' lang='lat' dir='ltr'><strong>Et</strong></span> <span class='ocrx_word' id='word_1_350' title='bbox 1382 2041 1457 2060; x_wconf 86' lang='lat' dir='ltr'><strong>sane</strong></span> <span class='ocrx_word' id='word_1_351' title='bbox 1481 2031 1643 2061; x_wconf 89' lang='lat' dir='ltr'><strong>Vindobo-</strong></span> 
     </span>
     <span class='ocr_line' id='line_1_62' title="bbox 913 2081 1645 2121; baseline 0 -9"><span class='ocrx_word' id='word_1_352' title='bbox 913 2082 1018 2112; x_wconf 83' lang='lat' dir='ltr'><strong>nensis</strong></span> <span class='ocrx_word' id='word_1_353' title='bbox 1039 2082 1138 2112; x_wconf 82' lang='lat' dir='ltr'><strong>codex</strong></span> <span class='ocrx_word' id='word_1_354' title='bbox 1164 2082 1246 2112; x_wconf 84' lang='lat' dir='ltr'><strong>clare</strong></span> <span class='ocrx_word' id='word_1_355' title='bbox 1264 2081 1388 2112; x_wconf 81' lang='lat' dir='ltr'><strong>exhibet</strong></span> <span class='ocrx_word' id='word_1_356' title='bbox 1415 2084 1566 2120; x_wconf 78' lang='lat' dir='ltr'><strong>volutans,</strong></span> <span class='ocrx_word' id='word_1_357' title='bbox 1589 2093 1645 2121; x_wconf 88' lang='lat' dir='ltr'><strong>pro</strong></span> 
     </span>
     <span class='ocr_line' id='line_1_63' title="bbox 911 2133 1644 2173; baseline -0.001 -8"><span class='ocrx_word' id='word_1_358' title='bbox 911 2136 1068 2165; x_wconf 77' lang='lat' dir='ltr'><strong>voluntas:</strong></span> <span class='ocrx_word' id='word_1_359' title='bbox 1094 2144 1151 2164; x_wconf 84' lang='lat' dir='ltr'><strong>nec</strong></span> <span class='ocrx_word' id='word_1_360' title='bbox 1166 2134 1266 2164; x_wconf 85' lang='lat' dir='ltr'><strong>cuivis</strong></span> <span class='ocrx_word' id='word_1_361' title='bbox 1287 2144 1354 2164; x_wconf 89' lang='lat' dir='ltr'><strong>rem</strong></span> <span class='ocrx_word' id='word_1_362' title='bbox 1370 2133 1419 2164; x_wconf 91' lang='lat' dir='ltr'><strong>vel</strong></span> <span class='ocrx_word' id='word_1_363' title='bbox 1433 2134 1644 2173; x_wconf 86' lang='lat' dir='ltr'><strong>perfunctorie</strong></span> 
     </span>
     <span class='ocr_line' id='line_1_64' title="bbox 911 2185 1642 2221; baseline -0.001 -6"><span class='ocrx_word' id='word_1_364' title='bbox 911 2185 1083 2216; x_wconf 83' lang='lat' dir='ltr'><strong>attendenti</strong></span> <span class='ocrx_word' id='word_1_365' title='bbox 1099 2196 1164 2216; x_wconf 89' lang='lat' dir='ltr'><strong>non</strong></span> <span class='ocrx_word' id='word_1_366' title='bbox 1180 2186 1239 2215; x_wconf 85' lang='lat' dir='ltr'><strong>erit</strong></span> <span class='ocrx_word' id='word_1_367' title='bbox 1254 2185 1558 2221; x_wconf 84' lang='lat' dir='ltr'><strong>manifestissimum,</strong></span> <span class='ocrx_word' id='word_1_368' title='bbox 1578 2185 1642 2215; x_wconf 84' lang='lat' dir='ltr'><strong>dic-</strong></span> 
     </span>
     <span class='ocr_line' id='line_1_65' title="bbox 911 2237 1641 2276; baseline -0.001 -9"><span class='ocrx_word' id='word_1_369' title='bbox 911 2238 1030 2268; x_wconf 88' lang='lat' dir='ltr'><strong>tionem</strong></span> <span class='ocrx_word' id='word_1_370' title='bbox 1051 2240 1201 2274; x_wconf 76' lang='lat' dir='ltr'><strong>volutans,</strong></span> <span class='ocrx_word' id='word_1_371' title='bbox 1226 2239 1266 2268; x_wconf 92' lang='lat' dir='ltr'><strong>ob</strong></span> <span class='ocrx_word' id='word_1_372' title='bbox 1289 2237 1533 2276; x_wconf 83' lang='lat' dir='ltr'><strong>frequentiorem</strong></span> <span class='ocrx_word' id='word_1_373' title='bbox 1548 2247 1641 2267; x_wconf 88' lang='lat' dir='ltr'><strong>usum</strong></span> 
     </span>
     <span class='ocr_line' id='line_1_66' title="bbox 913 2287 1643 2326; baseline -0.004 -6"><span class='ocrx_word' id='word_1_374' title='bbox 913 2302 951 2320; x_wconf 61' lang='grc' dir='ltr'><strong>τε</strong></span> <span class='ocrx_word' id='word_1_375' title='bbox 964 2291 1102 2320; x_wconf 74' lang='lat' dir='ltr'><strong>voluntas</strong></span> <span class='ocrx_word' id='word_1_376' title='bbox 1126 2289 1158 2319; x_wconf 84' lang='lat' dir='ltr'><strong>in</strong></span> <span class='ocrx_word' id='word_1_377' title='bbox 1182 2290 1242 2318; x_wconf 88' lang='lat' dir='ltr'><strong>hoc</strong></span> <span class='ocrx_word' id='word_1_378' title='bbox 1264 2288 1346 2326; x_wconf 91' lang='lat' dir='ltr'><strong>loco,</strong></span> <span class='ocrx_word' id='word_1_379' title='bbox 1373 2287 1571 2318; x_wconf 83' lang='lat' dir='ltr'><strong>librariorum</strong></span> <span class='ocrx_word' id='word_1_380' title='bbox 1595 2288 1643 2318; x_wconf 92' lang='lat' dir='ltr'><strong>vel</strong></span> 
     </span>
     <span class='ocr_line' id='line_1_67' title="bbox 912 2339 1640 2380; baseline -0.004 -9"><span class='ocrx_word' id='word_1_381' title='bbox 912 2341 1193 2380; x_wconf 79' lang='lat' dir='ltr'><strong>importunitatem,</strong></span> <span class='ocrx_word' id='word_1_382' title='bbox 1219 2340 1268 2370; x_wconf 81' lang='lat' dir='ltr'><strong>vel</strong></span> <span class='ocrx_word' id='word_1_383' title='bbox 1295 2339 1533 2380; x_wconf 86' lang='lat' dir='ltr'><strong>negligentiam,</strong></span> <span class='ocrx_word' id='word_1_384' title='bbox 1558 2339 1640 2369; x_wconf 87' lang='lat' dir='ltr'><strong>diffi-</strong></span> 
     </span>
     <span class='ocr_line' id='line_1_68' title="bbox 913 2392 1639 2432; baseline -0.004 -8"><span class='ocrx_word' id='word_1_385' title='bbox 913 2393 1012 2424; x_wconf 87' lang='lat' dir='ltr'><strong>culter</strong></span> <span class='ocrx_word' id='word_1_386' title='bbox 1024 2403 1091 2423; x_wconf 86' lang='lat' dir='ltr'><strong>esse</strong></span> <span class='ocrx_word' id='word_1_387' title='bbox 1102 2403 1273 2423; x_wconf 87' lang='lat' dir='ltr'><strong>evasuram.</strong></span> <span class='ocrx_word' id='word_1_388' title='bbox 1299 2392 1360 2422; x_wconf 90' lang='lat' dir='ltr'><strong>Sed</strong></span> <span class='ocrx_word' id='word_1_389' title='bbox 1370 2392 1528 2432; x_wconf 89' lang='lat' dir='ltr'><strong>judicium</strong></span> <span class='ocrx_word' id='word_1_390' title='bbox 1545 2402 1639 2421; x_wconf 88' lang='lat' dir='ltr'><strong>suum</strong></span> 
     </span>
     <span class='ocr_line' id='line_1_69' title="bbox 909 2445 1207 2484; baseline -0.003 -9"><span class='ocrx_word' id='word_1_391' title='bbox 909 2445 1006 2475; x_wconf 86' lang='lat' dir='ltr'><strong>lector</strong></span> <span class='ocrx_word' id='word_1_392' title='bbox 1020 2445 1207 2484; x_wconf 86' lang='lat' dir='ltr'><strong>interponat.</strong></span> 
     </span>
    </p>

    <p class='ocr_par' dir='ltr' id='par_1_30' title="bbox 909 2495 1640 2631">
     <span class='ocr_line' id='line_1_70' title="bbox 955 2495 1640 2527; baseline -0.001 -1"><span class='ocrx_word' id='word_1_393' title='bbox 955 2496 1029 2526; x_wconf 88' lang='lat' dir='ltr'><strong>Ver.</strong></span> <span class='ocrx_word' id='word_1_394' title='bbox 1045 2499 1117 2527; x_wconf 87' lang='grc'><strong>277.</strong></span> <span class='ocrx_word' id='word_1_395' title='bbox 1139 2502 1258 2526; x_wconf 72' lang='lat' dir='ltr'><strong>extera:</strong></span> <span class='ocrx_word' id='word_1_396' title='bbox 1286 2495 1381 2525; x_wconf 92' lang='lat' dir='ltr'><strong>Vind.</strong></span> <span class='ocrx_word' id='word_1_397' title='bbox 1398 2496 1439 2524; x_wconf 90' lang='lat' dir='ltr'><strong>V.</strong></span> <span class='ocrx_word' id='word_1_398' title='bbox 1465 2495 1511 2525; x_wconf 89' lang='lat' dir='ltr'><strong>ed.</strong></span> <span class='ocrx_word' id='word_1_399' title='bbox 1539 2502 1580 2525; x_wconf 88' lang='grc' dir='ltr'><strong>Π.</strong></span> <span class='ocrx_word' id='word_1_400' title='bbox 1604 2499 1640 2526; x_wconf 82' lang='grc' dir='ltr'><strong>Σ.</strong></span> 
     </span>
     <span class='ocr_line' id='line_1_71' title="bbox 909 2545 1637 2584; baseline -0.007 -5"><span class='ocrx_word' id='word_1_401' title='bbox 909 2555 1057 2584; x_wconf 54' lang='lat' dir='ltr'><strong>extremm</strong></span> <span class='ocrx_word' id='word_1_402' title='bbox 1082 2548 1120 2578; x_wconf 96' lang='lat' dir='ltr'><strong>P.</strong></span> <span class='ocrx_word' id='word_1_403' title='bbox 1134 2549 1246 2578; x_wconf 66' lang='lat' dir='ltr'><strong>extima</strong></span> <span class='ocrx_word' id='word_1_404' title='bbox 1258 2562 1267 2578; x_wconf 94' lang='lat'><strong>.·</strong></span> <span class='ocrx_word' id='word_1_405' title='bbox 1293 2553 1324 2577; x_wconf 89' lang='lat' dir='ltr'><strong>et</strong></span> <span class='ocrx_word' id='word_1_406' title='bbox 1344 2553 1384 2577; x_wconf 87' lang='lat' dir='ltr'><strong>n.</strong></span> <span class='ocrx_word' id='word_1_407' title='bbox 1399 2545 1498 2575; x_wconf 82' lang='lat' dir='ltr'><strong>alium</strong></span> <span class='ocrx_word' id='word_1_408' title='bbox 1514 2545 1567 2575; x_wconf 88' lang='lat' dir='ltr'><strong>dat</strong></span> <span class='ocrx_word' id='word_1_409' title='bbox 1589 2556 1637 2575; x_wconf 89' lang='lat' dir='ltr'><strong>or-</strong></span> 
     </span>
     <span class='ocr_line' id='line_1_72' title="bbox 911 2599 1213 2631; baseline -0.01 0"><span class='ocrx_word' id='word_1_410' title='bbox 911 2599 1019 2631; x_wconf 85' lang='lat' dir='ltr'><strong>dinem</strong></span> <span class='ocrx_word' id='word_1_411' title='bbox 1032 2601 1213 2629; x_wconf 87' lang='lat' dir='ltr'><strong>verborum:</strong></span> 
     </span>
    </p>
   </div>
   <div class='ocr_carea' id='block_1_25' title="bbox 1169 2667 1591 2698">
    <p class='ocr_par' dir='ltr' id='par_1_31' title="bbox 1169 2667 1591 2698">
     <span class='ocr_line' id='line_1_73' title="bbox 1169 2667 1591 2698; baseline -0.005 -6"><span class='ocrx_word' id='word_1_412' title='bbox 1169 2668 1260 2692; x_wconf 80' lang='lat' dir='ltr'><strong>multos</strong></span> <span class='ocrx_word' id='word_1_413' title='bbox 1271 2667 1310 2691; x_wconf 87' lang='lat' dir='ltr'><strong>vis</strong></span> <span class='ocrx_word' id='word_1_414' title='bbox 1321 2671 1417 2691; x_wconf 74' lang='lat' dir='ltr'><strong>extera</strong></span> <span class='ocrx_word' id='word_1_415' title='bbox 1427 2671 1591 2698; x_wconf 80' lang='lat' dir='ltr'><strong>quamquam.</strong></span> 
     </span>
    </p>
   </div>
   <div class='ocr_carea' id='block_1_26' title="bbox 943 2680 1160 2689">
    <p class='ocr_par' dir='ltr' id='par_1_32' title="bbox 943 2680 1160 2689">
     <span class='ocr_line' id='line_1_74' title="bbox 943 2680 1160 2689; baseline 0 564"><span class='ocrx_word' id='word_1_416' title='bbox 943 2680 1160 2689; x_wconf 95' lang='lat' dir='ltr'><strong> </strong></span> 
     </span>
    </p>
   </div>
   <div class='ocr_carea' id='block_1_27' title="bbox 911 2741 1640 2991">
    <p class='ocr_par' dir='ltr' id='par_1_33' title="bbox 911 2741 1638 2876">
     <span class='ocr_line' id='line_1_75' title="bbox 911 2741 1638 2784; baseline -0.006 -9"><span class='ocrx_word' id='word_1_417' title='bbox 911 2743 1076 2775; x_wconf 88' lang='lat' dir='ltr'><strong>Bentleius</strong></span> <span class='ocrx_word' id='word_1_418' title='bbox 1104 2742 1275 2784; x_wconf 85' lang='lat' dir='ltr'><strong>legendum</strong></span> <span class='ocrx_word' id='word_1_419' title='bbox 1309 2741 1399 2782; x_wconf 85' lang='lat' dir='ltr'><strong>jubet</strong></span> <span class='ocrx_word' id='word_1_420' title='bbox 1434 2743 1545 2779; x_wconf 80' lang='lat' dir='ltr'><strong>malta,</strong></span> <span class='ocrx_word' id='word_1_421' title='bbox 1582 2751 1638 2780; x_wconf 90' lang='lat' dir='ltr'><strong>pro</strong></span> 
     </span>
     <span class='ocr_line' id='line_1_76' title="bbox 912 2791 1638 2830; baseline -0.006 -4"><span class='ocrx_word' id='word_1_422' title='bbox 912 2797 1036 2830; x_wconf 46' lang='lat' dir='ltr'><strong>multon</strong></span> <span class='ocrx_word' id='word_1_423' title='bbox 1062 2794 1116 2824; x_wconf 90' lang='lat' dir='ltr'><strong>sed</strong></span> <span class='ocrx_word' id='word_1_424' title='bbox 1130 2804 1194 2824; x_wconf 89' lang='lat' dir='ltr'><strong>non</strong></span> <span class='ocrx_word' id='word_1_425' title='bbox 1209 2799 1255 2822; x_wconf 85' lang='lat' dir='ltr'><strong>est</strong></span> <span class='ocrx_word' id='word_1_426' title='bbox 1270 2798 1378 2823; x_wconf 86' lang='lat' dir='ltr'><strong>contra.</strong></span> <span class='ocrx_word' id='word_1_427' title='bbox 1398 2792 1493 2823; x_wconf 90' lang='lat' dir='ltr'><strong>libros</strong></span> <span class='ocrx_word' id='word_1_428' title='bbox 1507 2791 1638 2822; x_wconf 53' lang='lat' dir='ltr'><strong>audien»</strong></span> 
     </span>
     <span class='ocr_line' id='line_1_77' title="bbox 913 2846 980 2876; baseline 0 0"><span class='ocrx_word' id='word_1_429' title='bbox 913 2846 980 2876; x_wconf 83' lang='lat' dir='ltr'><strong>dus.</strong></span> 
     </span>
    </p>

    <p class='ocr_par' dir='ltr' id='par_1_34' title="bbox 914 2899 1640 2991">
     <span class='ocr_line' id='line_1_78' title="bbox 956 2899 1636 2940; baseline -0.003 -11"><span class='ocrx_word' id='word_1_430' title='bbox 956 2901 1030 2930; x_wconf 88' lang='lat' dir='ltr'><strong>Ver.</strong></span> <span class='ocrx_word' id='word_1_431' title='bbox 1046 2902 1118 2930; x_wconf 90' lang='grc'><strong>278.</strong></span> <span class='ocrx_word' id='word_1_432' title='bbox 1142 2901 1391 2940; x_wconf 79' lang='lat' dir='ltr'><strong>Pellat—-cogat:</strong></span> <span class='ocrx_word' id='word_1_433' title='bbox 1417 2899 1460 2929; x_wconf 84' lang='lat' dir='ltr'><strong>sic</strong></span> <span class='ocrx_word' id='word_1_434' title='bbox 1476 2900 1511 2930; x_wconf 92' lang='lat' dir='ltr'><strong>P.</strong></span> <span class='ocrx_word' id='word_1_435' title='bbox 1536 2899 1573 2929; x_wconf 92' lang='lat' dir='ltr'><strong>L.</strong></span> <span class='ocrx_word' id='word_1_436' title='bbox 1597 2902 1636 2927; x_wconf 83' lang='lat' dir='ltr'><strong>n.</strong></span> 
     </span>
     <span class='ocr_line' id='line_1_79' title="bbox 914 2949 1640 2991; baseline -0.008 -8"><span class='ocrx_word' id='word_1_437' title='bbox 914 2956 949 2983; x_wconf 86' lang='grc' dir='ltr'><strong>Σ.</strong></span> <span class='ocrx_word' id='word_1_438' title='bbox 983 2952 1231 2991; x_wconf 75' lang='lat' dir='ltr'><strong>Fallat—cogat,</strong></span> <span class='ocrx_word' id='word_1_439' title='bbox 1256 2950 1351 2982; x_wconf 86' lang='lat' dir='ltr'><strong>Vind.</strong></span> <span class='ocrx_word' id='word_1_440' title='bbox 1380 2952 1422 2982; x_wconf 87' lang='lat' dir='ltr'><strong>V.</strong></span> <span class='ocrx_word' id='word_1_441' title='bbox 1452 2950 1500 2981; x_wconf 87' lang='lat' dir='ltr'><strong>ed.</strong></span> <span class='ocrx_word' id='word_1_442' title='bbox 1532 2949 1571 2979; x_wconf 91' lang='lat'><strong>0.</strong></span> <span class='ocrx_word' id='word_1_443' title='bbox 1602 2953 1640 2978; x_wconf 88' lang='grc' dir='ltr'><strong>Δ.</strong></span> 
     </span>
    </p>
   </div>
   <div class='ocr_carea' id='block_1_28' title="bbox 883 3011 915 3042">
    <p class='ocr_par' dir='ltr' id='par_1_35' title="bbox 883 3011 915 3042">
     <span class='ocr_line' id='line_1_80' title="bbox 883 3011 915 3042; baseline 0 0"><span class='ocrx_word' id='word_1_444' title='bbox 883 3011 915 3042; x_wconf 84' lang='lat' dir='ltr'><strong>R.</strong></span> 
     </span>
    </p>
   </div>
  </div>
 </body>
</html>
