1894 3253
557 247 790 297 LIBER

845 247 1262 296 SECUNDUS

315 384 424 424 Nam
445 397 577 438 neque
598 381 766 423 consilio
787 380 939 421 debent
959 380 1120 421 tardata
1139 380 1308 430 morari,

206 462 283 498 165
316 458 405 499 Nec
426 457 645 513 persectari
665 455 892 511 primordia
913 455 1073 511 singula
1092 469 1282 510 quaeque,

318 533 378 574 Ut
400 532 579 580 videant,
607 530 686 586 qua
709 530 889 585 quidque
908 537 1075 585 geratur
1095 544 1189 570 cum
1210 529 1380 569 ratione.

375 607 434 647 At
454 606 646 661 queidam
667 614 812 646 contra
831 605 936 653 haec,
955 604 1128 660 ignarei,
1150 603 1339 644 materiai

314 680 519 720 Naturam
539 694 624 720 non
645 693 778 733 posse,
801 678 926 719 deum
947 679 1033 719 sine
1054 678 1238 728 numine,
1261 677 1378 718 reddi

314 753 455 794 Tanto
476 769 599 809 opere
619 753 810 794 humanis
830 753 1057 794 rationibus
1078 752 1365 801 admoderate3

199 831 278 870 170
309 827 521 883 Tempora
541 837 702 869 mutare
722 842 943 877 annorum,
966 827 1183 885 frugesque
1203 841 1367 876 creare3

544 987 593 1006 nec
596 981 708 1013 fulgura
720 981 792 1013 parci

195 1021 311 1045 Luminis
322 1021 474 1050 intendens,
484 1024 545 1045 toto
556 1020 633 1045 fovet
644 1021 706 1052 igne
716 1027 836 1046 coronae.

166 1084 267 1122 Alias,
283 1084 404 1125 fulgor.

167 1138 274 1173 Porro,
299 1147 399 1177 quum
424 1136 541 1166 Seneca
556 1136 649 1175 plane
664 1142 807 1167 nostrum
822 1136 895 1165 imi-

164 1195 249 1219 tatus
263 1188 304 1218 sit
318 1188 360 1218 ad
375 1193 438 1218 nat.
461 1194 581 1228 quaestt.
606 1189 624 1218 i.
656 1192 682 1218 1.
711 1194 742 1218 et
763 1188 897 1227 poeticas

166 1240 341 1271 locutiones
357 1250 394 1270 ex
411 1239 565 1269 industria
586 1245 798 1279 persequatur,
823 1249 897 1268 eum

165 1292 240 1321 hinc
255 1301 320 1322 esse
340 1290 561 1330 corrigendum
574 1290 730 1330 judicem:
758 1293 779 1308 “
798 1289 896 1327 Quid,

164 1347 187 1362 “
203 1343 230 1372 si
245 1342 350 1374 dicam
365 1342 468 1372 stellas
483 1342 622 1372 interdiu
644 1353 710 1372 nou
733 1352 797 1372 esse
824 1341 898 1382 quia

164 1400 186 1415 “
203 1406 268 1426 non
282 1395 451 1435 apparent?
478 1395 759 1431 Quemadmodum
774 1394 837 1424 illae
852 1394 896 1424 la.

165 1452 188 1468 “
203 1454 284 1487 tent,
310 1453 342 1478 et
354 1449 426 1479 solis
439 1447 573 1489 fulgure
589 1449 830 1485 obumbrantur;
854 1447 897 1477 sic

164 1503 187 1519 “
203 1500 287 1530 faces
300 1509 425 1540 quoque
439 1505 657 1530 transcurrunt
686 1499 780 1529 etiam
800 1498 896 1528 inter-

165 1554 187 1570 “
204 1551 270 1588 diu,
297 1551 352 1582 sed
378 1551 540 1582 abscondit
562 1562 613 1581 eas
634 1551 741 1581 diurni
769 1550 898 1580 luminis

168 1606 190 1621 “
207 1602 361 1633 claritas.’‘
407 1602 518 1643 Vulgo
533 1602 687 1640 scribitur,
701 1603 837 1643 fulgore.

212 1657 294 1688 Ibid.
313 1658 493 1697 pervolgant
515 1659 630 1688 caelum.
675 1656 758 1686 Haec
779 1655 900 1695 phrasis

168 1709 320 1739 Enniana
349 1716 410 1739 est:
451 1708 557 1739 videas
586 1707 694 1738 locum
723 1707 901 1747 appositum

166 1772 228 1793 ver.
246 1764 285 1793 27
290 1765 318 1793 7.
334 1762 385 1792 lib.
402 1773 429 1792 v.
444 1762 584 1792 inferius.

214 1814 289 1844 Ver.
310 1817 379 1844 164.
403 1813 504 1843 Totus
519 1813 607 1843 deest
621 1822 727 1842 versus
742 1812 783 1842 V.
799 1811 846 1842 ed.
864 1812 901 1841 B.

171 1865 210 1895 G.
226 1865 263 1894 L.
281 1865 330 1894 M.
356 1871 400 1895 Ω..
424 1864 477 1894 sed
492 1864 580 1894 locus
595 1873 633 1893 eo
648 1873 752 1893 carere
767 1873 831 1892 non
847 1873 902 1902 po-

169 1920 238 1945 test.
284 1914 487 1945 Occurrentis
515 1920 560 1944 est
589 1913 775 1952 adversario,
803 1913 902 1954 quod-

168 1974 292 2006 cunque
307 1965 438 1995 demum
455 1965 513 1995 sibi
529 1965 711 2005 perfugium
738 1963 902 2005 quaerenti.

167 2017 289 2047 Lucem
312 2017 398 2048 dabit
420 2017 552 2047 collatus
572 2018 595 2048 i.
613 2021 706 2048 1020.
729 2017 813 2057 quod
833 2028 901 2048 mo-

168 2069 239 2100 nuit
248 2069 343 2099 etiam
353 2069 475 2099 dudum
485 2069 669 2100 Lambinus.
696 2071 779 2101 Cceco
790 2079 903 2110 nempe

170 2122 291 2161 impetu
306 2121 452 2152 feruntur
467 2122 573 2153 atomi.

213 2173 288 2204 Ver.
319 2177 388 2205 165.
407 2176 593 2214 persectari:
631 2174 668 2204 P.
694 2175 900 2214 perscrutari,

171 2231 204 2255 et
217 2225 251 2255 in
266 2226 409 2266 margine
426 2231 460 2257 Δ.
476 2227 583 2256 minus
597 2226 698 2264 docte,
711 2231 754 2264 et,
770 2225 805 2255 ni
819 2226 901 2256 falli-

175 2286 257 2314 mur,
297 2287 335 2306 ex
364 2277 630 2317 interpretatione:
671 2277 905 2317 amplectuntur

177 2334 283 2358 tamen
297 2329 441 2369 vulgares
455 2330 543 2368 editi,
571 2330 656 2371 quod
670 2330 805 2369 mireris,
821 2330 847 2360 si
862 2331 905 2361 sis

174 2380 327 2409 nasutior:
353 2380 423 2410 vide
436 2382 475 2412 iv.
498 2385 588 2412 1004.
633 2382 758 2421 Nempe
782 2396 816 2413 ero
832 2394 905 2423 per-

175 2432 289 2461 sectari
303 2431 461 2469 po’e'ticum
476 2438 537 2469 est;
560 2433 714 2462 sermonis
728 2439 836 2463 autem
856 2444 906 2464 so-

448 1083 532 1114 Vide
554 1095 611 1114 nos
626 1095 710 1121 mox,
734 1095 795 1115 ver.
819 1087 892 1115 527.

176 2481 247 2518 luti,
287 2495 320 2511 «νο
344 2485 501 2522 prosequi,
533 2484 679 2514 omnibus
709 2484 908 2523 scriptoribus

176 2532 407 2572 pervulgatum.
454 2534 545 2563 Idem
561 2534 725 2564 Bentleius
739 2536 870 2566 censuit.

219 2585 296 2615 Ver.
318 2588 387 2615 166.
410 2587 533 2616 videant
549 2592 579 2616 et
593 2586 682 2616 litera
697 2587 847 2626 posterior
868 2601 906 2619 «τε

183 2637 222 2667 Ut
239 2637 353 2666 absunt
365 2639 578 2677 A.-quidque
591 2644 736 2676 geratur:
757 2645 801 2669 Ω.
813 2641 903 2679 qnid-

175 2699 208 2719 νε
221 2694 382 2727 gerantur.

220 2740 296 2770 Ver.
330 2743 400 2771 167.
431 2742 573 2780 z‘gnarez':
599 2740 640 2770 V.
671 2740 719 2771 ed.
750 2743 904 2780 ignm·arz';

178 2789 385 2822 vitiosissime.

222 2841 295 2872 Ver.
315 2845 383 2872 168.
406 2844 511 2873 reddi:
538 2846 574 2873 Σ.
601 2847 724 2877 rentum
751 2847 787 2871 ut
801 2841 910 2872 multae

178 2890 344 2923 editiones:
371 2893 468 2933 male,
495 2899 526 2925 et
549 2903 587 2924 ex
609 2893 808 2930 correctione,
833 2893 874 2925 ad
888 2894 907 2925 i.

183 2944 254 2973 155.
277 2943 456 2983 composita.

982 982 1063 1012 Ibid.
1085 993 1145 1012 non
1162 980 1251 1012 ιΙειῖιη
1263 984 1328 1011 sine
1341 982 1475 1012 numine.
1507 980 1558 1011 Sic
1573 981 1667 1012 Man-

936 1039 1064 1071 tuanus,
1082 1034 1156 1063 AEn.
1172 1033 1203 1062 ii.
1221 1035 1292 1063 777.

971 1111 993 1133 O
1004 1110 1008 1134 !
1029 1109 1114 1133 dulcis
1123 1109 1255 1140 conjunx,
1266 1115 1315 1132 non
1325 1107 1387 1132 haec
1396 1107 1450 1132 sine
1458 1108 1562 1133 numine
1571 1108 1668 1132 divam

971 1150 1119 1174 Eveniunt:

941 1212 1010 1245 post
1041 1206 1226 1236 Graecorum
1257 1219 1294 1237 εκ
1324 1220 1390 1237 meu
1411 1209 1493 1238 θεων.
1531 1207 1616 1238 Vide
1641 1206 1670 1236 S.

943 1258 1036 1287 Matt.
1053 1268 1081 1287 Χ.
1098 1262 1148 1289 29.

986 1308 1059 1339 Ver.
1079 1312 1150 1341 169.
1172 1311 1383 1340 admoderate:
1411 1308 1506 1340 Vind.
1523 1310 1560 1340 L.
1577 1310 1624 1340 M.
1639 1316 1670 1341 at

940 1363 1093 1392 moderate
1097 1378 1109 1398 ;
1126 1361 1225 1391 sedin
1243 1362 1290 1392 M.
1303 1361 1551 1402 superscribitur,
1566 1364 1671 1393 admo·

940 1416 1065 1449 derare;
1093 1414 1131 1444 P.
1149 1413 1187 1444 V.
1203 1413 1250 1443 ed.
1269 1413 1308 1443 O.
1336 1419 1372 1444 Δ.
1392 1420 1432 1443 Π.
1449 1418 1485 1446 Σ.
1518 1424 1555 1444 ac
1570 1416 1670 1444 mode-

939 1477 1005 1501 rate
1010 1487 1020 1507 ;
1048 1477 1092 1501 Ω.
1107 1477 1135 1501 et
1150 1473 1315 1501 moderare.

986 1521 1066 1552 Ibid.
1091 1522 1217 1552 Phrasis
1227 1524 1317 1552 reddi
1325 1523 1519 1552 admoderate
1528 1523 1673 1552 humanis

943 1575 1114 1604 rationibus
1130 1573 1255 1612 dicitur,
1272 1573 1312 1603 ad
1327 1579 1466 1603 mentem
1483 1573 1672 1610 criticorum,

944 1625 1031 1666 quasi
1047 1624 1128 1654 foret
1143 1626 1384 1661 admoderatam,
1401 1623 1449 1653 vel
1470 1630 1673 1654 consentane-

944 1691 1004 1710 am.
1035 1680 1155 1710 Firmat
1171 1690 1208 1709 ex
1218 1679 1367 1709 Terentio
1382 1678 1572 1717 Gronovius,
1589 1677 1674 1708 And.

945 1743 971 1763 v.
984 1736 1013 1763 4.
1033 1736 1081 1762 13.

976 1805 1052 1828 Itane
1063 1802 1231 1835 adtemperate
1241 1802 1341 1833 evenit,
1351 1803 1432 1828 hodie
1440 1804 1466 1827 in
1476 1802 1535 1834 ipsis
1544 1802 1644 1834 nuptiis

978 1844 1015 1866 Ut
1026 1842 1142 1872 veniret,
1153 1842 1269 1867 antehac
1279 1844 1447 1873 numquam?

948 1903 991 1932 Et
1007 1902 1171 1943 Preigerus
1186 1912 1224 1931 ex
1241 1902 1388 1940 Horatio,
1404 1902 1490 1941 epist.
1506 1902 1525 1932 i.
1545 1906 1594 1933 10.
1613 1906 1659 1932 12.

1009 1971 1104 1995 Vzvere
1113 1974 1216 1996 naturae
1226 1971 1248 1995 si
1258 1971 1441 1995 convenienter
1452 1974 1570 2002 oportet.

948 2021 1022 2052 Non
1033 2031 1208 2060 repugnem
1223 2031 1314 2057 sane;
1330 2020 1383 2052 sed
1394 2020 1504 2051 incidit
1515 2020 1676 2061 cogitatio,

946 2083 988 2103 an
1004 2083 1068 2104 non
1084 2072 1206 2103 dilatari
1222 2072 1334 2103 debeat
1358 2072 1557 2104 librariorum
1582 2073 1677 2112 scrip-

946 2132 1017 2156 tura
1031 2124 1294 2164 compendiosior3
1312 2125 1356 2155 ita
1369 2131 1406 2155 ut
1420 2125 1597 2161 Lucretius,
1611 2135 1677 2155 om-

944 2178 1037 2209 nibus
1061 2176 1161 2208 literis
1182 2176 1348 2216 explicitis,
1374 2176 1414 2207 ad
1438 2177 1523 2207 hunc
1547 2176 1679 2207 modum

946 2229 1080 2270 denique
1095 2229 1217 2261 dedisse
1232 2228 1422 2260 versiculum
1438 2228 1623 2267 reperiatur:

962 2298 1055 2321 Tanto
1067 2303 1148 2328 opere
1158 2295 1284 2322 humanis
1297 2294 1444 2319 rationibus
1454 2293 1668 2318 admoderantem.

950 2355 1066 2386 Dicent
1082 2354 1195 2385 melius
1210 2354 1249 2383 de
1264 2354 1323 2383 hac
1341 2363 1374 2383 re
1397 2352 1490 2382 docti.
1536 2351 1679 2389 Plautus,

949 2407 1014 2438 mil.
1033 2407 1112 2447 glor.
1126 2407 1165 2437 iv.
1182 2409 1210 2436 2.
1228 2408 1277 2435 81.

1083 2483 1193 2513 Nequeo
1210 2481 1300 2506 herde
1321 2480 1431 2510 quidem
1443 2479 1495 2503 risu
1507 2485 1552 2503 me
1562 2477 1680 2502 admode—

1074 2529 1168 2547 ΥαΠέΠ

948 2582 1002 2612 ubi
1020 2581 1192 2622 legendum
1207 2581 1336 2611 fortasse
1351 2578 1412 2610 mi:
1438 2578 1456 2608 i.
1474 2588 1502 2608 e.
1528 2581 1550 2595 ‘⁵
1569 2576 1678 2608 admo-

950 2636 971 2651 “
988 2632 1124 2663 derarier
1144 2632 1224 2662 mihi
1248 2634 1280 2661 z'n
1296 2630 1392 2661 risu.’'
1422 2629 1527 2660 Aliter
1543 2634 1677 2659 structu-

950 2694 1019 2713 ram
1034 2694 1098 2713 non
1113 2683 1241 2722 explico.

995 2736 1072 2765 Ver.
1092 2737 1162 2765 170.
1190 2736 1337 2773 Tempora
1355 2744 1524 2764 annorum:
1549 2732 1569 2762 i.
1582 2742 1608 2762 e.
1623 2742 1678 2762 an-

953 2787 987 2817 ni
1001 2791 1198 2825 tempestates
1213 2791 1354 2826 quatuor.
1399 2785 1566 2826 Virgilius,
1581 2794 1649 2825 geo.
1661 2783 1680 2812 i.

954 2840 1027 2868 258.

984 2895 1196 2928 Temporibusque
1205 2902 1298 2928 parem
1310 2895 1418 2922 diversis
1430 2899 1546 2926 quatuor
1555 2899 1662 2919 anuum.

997 2945 1068 2977 Ver.
1088 2948 1157 2977 171.
1183 2946 1228 2977 Ec
1243 2946 1325 2986 jam.
1369 2945 1515 2977 Editores
1530 2942 1681 2984 plerique,
