1894 3253
628 299 719 342 AD
765 295 1159 341 LECTOREM.
1593 297 1636 338 xi

144 422 421 481 expungendo
447 422 685 474 adhibitis‚”
717 423 903 474 memini,
939 437 1006 464 me
1036 436 1123 463 non
1143 421 1220 462 nisi
1244 433 1395 476 paucas
1416 419 1631 475 scripturae

141 498 436 554 discrepantias
465 497 797 554 deprehendisse,
830 499 988 554 quoties
1028 512 1166 553 operae
1207 496 1386 552 pretium
1420 494 1636 536 habuerim

140 587 231 614 eam
252 588 501 628 componere
521 587 616 614 cum
635 573 715 614 hac
735 571 912 613 Aldina.-
944 586 1045 627 quas
1063 572 1218 626 pariter
1236 570 1369 621 nihili,
1399 569 1432 611 si
1453 570 1637 611 criticam

140 647 475 689 commoditatem
496 656 666 703 specteS,
686 646 892 688 faciendas
905 653 1019 701 puto.
1057 645 1282 700 Exemplar
1301 646 1525 695 sztinum,
1539 645 1639 685 anni

142 721 355 765 M.D.XI.
396 721 510 778 quod
538 729 773 763 memorant
805 720 1123 775 Havercampus
1158 727 1199 760 et
1238 719 1464 770 Fabricius,
1501 720 1640 760 nescio

139 812 264 853 quam
284 796 338 838 ob
359 796 562 838 rationem
581 795 634 837 ad
654 795 767 837 hunc
787 809 944 836 annum
974 793 1208 844 referentes,
1230 793 1431 849 ipsissima
1460 802 1519 835 est
1547 793 1639 835 haec

140 872 282 922 editio,
304 870 357 913 de
376 870 457 927 qua
477 870 645 927 loquor;
669 877 725 922 et,
747 884 843 912 cum
863 868 1019 911 Aldina
1040 868 1256 919 consimili,
1279 883 1347 909 me
1366 882 1640 924 possessorem

141 946 279 989 habet.

203 1095 382 1145 Interea,
421 1109 515 1136 cum
552 1107 706 1151 magno
741 1092 1134 1135 commentariorum
1169 1099 1386 1147 apparatu,
1425 1091 1643 1133 Lucretius

143 1169 354 1225 prodierat
385 1174 416 1195 “
438 1169 648 1217 Bononiae,
671 1181 725 1207 ex
746 1167 969 1224 ergasterio
990 1167 1234 1220 Hieronymi
1262 1167 1465 1219 Baptistae
1495 1167 1543 1205 de
1563 1167 1645 1206 Be-

145 1249 176 1270 “
198 1245 362 1284 nedictz's
374 1243 580 1283 Platonici
592 1242 870 1290 Bononiensis,
888 1256 913 1281 a
927 1241 1086 1283 Joanne
1099 1239 1292 1293 Baptista
1312 1241 1394 1280 Pio
1408 1238 1556 1290 editus,
1571 1254 1645 1280 an-

146 1323 177 1345 “
197 1332 254 1358 no
274 1316 450 1358 Domini
472 1314 684 1357 M.D.X1.
706 1314 785 1355 kal.
808 1313 952 1355 Maii.''
986 1313 1115 1369 OpeS‚
1137 1328 1231 1369 quae
1252 1313 1328 1354 sibi
1348 1313 1400 1355 ad
1421 1314 1646 1355 emendan-

143 1392 247 1433 dum
267 1391 452 1433 Lucretii
477 1405 643 1432 carmen
664 1397 960 1445 competerent,
985 1388 1083 1430 Pius
1103 1388 1275 1444 ipsemet
1307 1388 1364 1430 sic
1395 1389 1644 1444 percensuit:

149 1471 180 1493 ‘⁶
205 1465 480 1516 Contulimus,
513 1480 599 1506 non
632 1466 718 1506 sine
753 1465 949 1506 aerumnis
981 1464 1208 1521 vigiliisque
1243 1463 1426 1514 diutinis,
1461 1463 1646 1505 codicem

148 1545 180 1567 “
202 1540 353 1582 Veneti
375 1540 609 1591 Hermolai,
632 1547 672 1580 et
694 1539 902 1594 Pomponi
926 1538 1129 1588 Romani3
1162 1538 1430 1594 codicemque
1449 1553 1536 1579 non
1556 1553 1646 1579 om-

146 1620 178 1642 “
199 1615 300 1656 nino
319 1614 489 1666 malum,
511 1615 581 1671 qui
602 1622 784 1656 servatur
801 1613 1008 1664 Mantuae,
1022 1614 1066 1654 in
1085 1613 1332 1655 bibliotheca
1353 1612 1532 1669 quadam
1552 1613 1649 1654 sub-

148 1694 179 1716 “
201 1689 375 1740 urbana,
409 1690 480 1746 qui
510 1689 587 1731 fuit
618 1690 694 1730 viri
723 1704 810 1730 non
840 1689 1012 1739 indocti,
1043 1688 1177 1745 gentis
1207 1687 1439 1729 clarissimae
1471 1688 1648 1730 Strotio-

149 1769 180 1790 “
201 1778 307 1805 rum.
371 1764 470 1806 Non
485 1763 614 1805 defuit
632 1763 813 1819 Philippi
827 1763 1036 1813 Beroaldi‚
1049 1762 1314 1818 praeceptoris
1329 1761 1539 1817 quondam
1551 1761 1649 1812 mei,

151 1843 182 1864 “
203 1853 316 1879 nunc
335 1838 517 1894 collegae,
539 1839 758 1893 impressus
779 1837 960 1893 quidem,
983 1836 1055 1878 sed
1085 1844 1225 1877 tamen
1259 1850 1458 1891 perpense
1492 1835 1648 1876 exami-

152 1916 183 1937 “
201 1918 336 1951 natus:
380 1911 510 1952 Codri
542 1927 719 1967 quoque,
760 1911 1018 1969 grammatici
1049 1910 1342 1959 Bononiensis;
1374 1909 1488 1964 cujus
1529 1911 1649 1964 copia

154 1990 184 2010 ‘⁴
205 1984 307 2024 mihi
327 1999 401 2038 per
423 1985 762 2026 Bartholomeum
784 1984 1076 2034 Blanchinum,
1098 1983 1232 2025 virum
1253 1983 1403 2039 eloquii
1423 1983 1648 2026 excultissi-

154 2065 184 2085 “
205 2059 279 2108 mi,
300 2058 408 2099 facta
427 2067 501 2100 est:
526 2058 777 2115 Marullique
795 2060 931 2114 poe'tae
950 2057 1150 2100 industria
1163 2057 1267 2099 mira
1283 2058 1540 2116 castigatum,
1562 2073 1648 2100 non

154 2138 184 2160 “
206 2132 335 2174 defuit
354 2133 578 2189 exemplar,
611 2134 778 2184 Severo,
807 2134 992 2176 Monaco
1014 2133 1270 2183 Placentino,
1292 2148 1428 2190 graece
1446 2133 1649 2189 latineque

155 2213 186 2234 “
202 2207 415 2263 perdocto,
439 2206 660 2248 Musarum
689 2207 855 2258 athleta,
873 2222 958 2249 non
977 2208 1179 2265 gravatim
1199 2206 1407 2249 offerente.
1468 2207 1538 2248 Ex
1559 2207 1648 2264 qui-

155 2287 186 2308 “
201 2281 293 2331 bus,
316 2281 433 2322 sicuti
451 2281 615 2331 Zeuxis,
639 2295 691 2321 ex
707 2290 883 2336 quatuor
903 2281 1070 2323 diversis
1090 2282 1346 2338 corporibus,
1368 2296 1509 2332 unam,
1533 2289 1588 2332 et,
1601 2289 1648 2322 ut

157 2361 188 2382 “
210 2355 404 2405 arbitror,
427 2356 750 2413 integerrimam,
770 2356 948 2398 formam
964 2357 1160 2399 Lucretio
1175 2357 1476 2413 praestitimus.’'

214 2429 397 2484 Optimae
425 2429 554 2487 frugis
572 2430 663 2472 haec
692 2438 752 2472 est
781 2430 921 2482 editio,
953 2438 994 2473 et
1011 2431 1130 2473 nobis
1159 2447 1235 2487 per
1253 2431 1528 2473 fidelissimam
1557 2428 1649 2470 dili-

158 2504 341 2561 gentiam
372 2511 558 2546 tractata:
592 2520 668 2546 nec
689 2505 930 2547 addubitem
963 2515 1118 2558 tamen,
1147 2506 1320 2548 aliorum
1354 2503 1649 2559 exemplarium

158 2578 400 2620 testimoniis
424 2578 619 2628 devictus,
651 2580 751 2635 quin
772 2579 871 2621 Pius
891 2580 944 2622 ad
965 2581 1195 2631 arbitrium,
1226 2596 1302 2622 nec
1322 2578 1540 2621 admonitis
1568 2577 1649 2619 lec-

160 2652 331 2702 toribus,
353 2654 488 2708 po'e'tae
505 2661 744 2695 contextum
763 2654 1015 2709 plurifariam
1027 2656 1320 2704 immutaverit3
1353 2662 1407 2704 et,
1426 2668 1479 2695 an
1494 2652 1648 2693 levibus

160 2725 213 2767 de
232 2727 380 2768 caussis
400 2727 508 2769 hanc
529 2729 771 2770 sententiam
791 2730 1061 2772 inimiciorem
1080 2730 1366 2786 pronunciem‚
1387 2742 1512 2784 penes
1532 2726 1647 2778 alios,

160 2800 346 2854 perlectis
366 2802 556 2845 omnibus
576 2818 623 2845 ac
642 2805 866 2859 perpensis,
891 2805 940 2847 sit
953 2805 1169 2861 judicium.

678 2898 701 2925 v3
