1894 3253
551 239 785 289 LIBER
832 238 1240 289 SECUNDUS.

1549 246 1576 284 10

1584 246 1607 289 «1

1619 247 1635 284 ..a

301 372 358 414 Et
376 387 502 429 quom
523 388 644 414 scena
663 387 784 414 croco
807 371 923 413 Cilici
943 370 1106 426 perfusa
1123 385 1264 412 recens
1283 377 1358 421 est,

304 448 473 503 Araque
494 447 723 488 Panchaeos
743 445 905 487 exhalat
924 453 1093 499 propter
1112 445 1274 486 odores:

304 522 419 563 Neve
438 522 569 563 bonos
590 536 729 562 rerum
749 519 867 561 simili
887 527 1074 560 constare
1093 519 1248 560 colores

308 596 473 638 Semine
492 596 729 644 constituas,
751 594 890 636 oculos
909 594 1001 649 quei
1021 608 1187 648 pascere
1205 602 1392 648 possunt,

191 674 271 710 420
303 669 359 710 Et
377 669 470 725 quei
492 676 763 726 conpungunt
783 669 927 718 aciem,
949 667 1256 723 lacrumareque
1276 676 1446 725 cogunt,

194 823 309 852 Interea,
319 821 417 846 teneris
427 821 577 853 tepefactus
588 822 615 846 in
626 822 735 852 ossibus,
746 822 845 846 humor

190 863 309 886 AEstum:

158 934 222 965 quo
247 930 387 963 tempore
412 923 447 954 fit
477 924 554 955 odor
575 925 670 966 longe
699 926 885 957 teterrimus.

162 975 251 1006 Hinc
267 975 378 1005 saltem
392 974 502 1005 doctus
517 975 682 1007 Prudentii
703 976 791 1007 locus
806 983 887 1008 recte

162 1026 362 1065 accipiendus
376 1032 433 1063 est,
449 1027 538 1068 cujus
553 1037 624 1057 vera
638 1028 808 1066 proprietas
823 1039 887 1058 nou

160 1084 321 1117 perspecta
342 1078 405 1108 fuit
425 1078 605 1115 editoribus,
632 1080 762 1111 cathem.
783 1081 821 1111 iv.
838 1085 887 1112 22.

163 1131 216 1162 ubi
233 1142 288 1171 par
303 1133 433 1162 verbum
447 1139 558 1163 neutre
572 1133 747 1164 adhibetur:

227 1211 328 1233 Tetrum
337 1209 436 1241 flagrat
446 1209 518 1234 enim
530 1216 629 1241 vapore
640 1215 726 1234 crasso

226 1249 326 1273 Horror
336 1248 466 1278 conscius,
477 1251 600 1272 estuante
615 1248 703 1280 culpa.

163 1311 314 1341 Conferas
324 1321 398 1341 mox
410 1311 552 1347 dicenda,
568 1311 609 1342 ad
617 1321 678 1341 ver.
693 1314 764 1342 927.
788 1311 888 1341 Haud

160 1363 253 1393 aliam
276 1365 315 1393 ob
329 1374 470 1394 caussam
495 1364 629 1394 Statium
652 1365 801 1406 castigare
824 1376 888 1396 non

160 1414 375 1454 reformidem,
392 1416 431 1446 ad
448 1416 545 1446 Theb.
562 1417 614 1446 xii.
631 1420 702 1448 249.

557 1503 642 1528 egena
652 1496 766 1527 sepulcri

175 1535 255 1558 Busta
268 1535 357 1564 jacere
367 1541 440 1559 reor:
459 1541 540 1566 grave
551 1535 703 1559 comminus
712 1539 803 1560 aestuat
814 1536 860 1560 aiir

177 1573 306 1603 Torridus,
323 1576 351 1598 et
363 1579 472 1605 magnae
483 1573 598 1598 redeunt
611 1581 657 1605 per
667 1575 746 1599 inane
757 1575 887 1599 volucres.

163 1636 284 1677 Vulgo,
308 1638 464 1667 Sordidus.
508 1637 702 1676 Propertius,
718 1638 749 1668 ii.
765 1642 818 1669 21.
836 1642 865 1670 5.

191 1717 270 1741 venit
281 1717 354 1742 enim
366 1720 484 1749 tempus,
499 1725 551 1749 quo
564 1718 674 1743 torridu:
687 1723 779 1744 ‘estuat
789 1721 844 1745 αέν.

161 1788 207 1818 Et
221 1788 364 1819 similiter
378 1789 490 1819 eodem
505 1792 598 1821 verbo
612 1802 689 1821 usus
704 1798 750 1822 est
770 1793 889 1822 intran-

161 1839 251 1870 sitive
274 1840 464 1878 Columella,
487 1841 506 1872 i.
529 1846 560 1872 4.
582 1846 699 1873 lO.—“
714 1854 816 1884 neque
837 1844 890 1874 de-

164 1895 187 1911 “
202 1903 325 1932 pressus
338 1895 450 1934 hyeme
465 1895 586 1933 pruinis
600 1901 713 1935 torpet,
729 1903 784 1927 aut
800 1904 891 1928 torret

166 1947 188 1962 “
205 1951 312 1976 aestate
328 1946 574 1985 vaporibus—:’'
598 1948 652 1978 ubi
674 1955 756 1979 recte
774 1949 893 1980 Gesne-

164 2006 226 2026 ωε.

207 2047 282 2077 Ver.
298 2050 369 2078 416.
396 2050 503 2080 Cilici:
531 2056 571 2080 Π.
587 2052 683 2081 simili
688 2066 699 2086 ‚·
726 2057 761 2082 ut
777 2053 892 2093 ubique

160 2097 278 2128 scilicet
300 2108 357 2128 sua
380 2109 446 2129 sors
480 2099 590 2130 infelix
613 2102 742 2132 nomina
771 2104 894 2143 propria

163 2155 379 2189 persequatur,
405 2151 440 2180 in
465 2161 536 2191 quae
558 2153 688 2192 capitale
711 2154 820 2185 odium
845 2155 893 2186 in-

164 2200 257 2232 docta
272 2202 441 2233 scribarum
453 2213 531 2243 gens
547 2211 632 2235 amat
647 2216 801 2238 exercere:
825 2207 896 2238 vide

168 2263 271 2292 supra,
288 2253 328 2283 ad
342 2264 402 2285 ver.
418 2258 491 2287 559.

213 2305 294 2336 Ibid.
316 2308 376 2337 Et.-
404 2307 534 2340 fortasse
549 2312 597 2342 Ac
619 2312 818 2344 scribendum
835 2320 896 2352 est;

169 2365 226 2386 nec
252 2356 357 2387 minus
382 2358 422 2388 ad
447 2370 508 2391 ver.
524 2365 595 2393 4520.
624 2364 671 2393 uti
685 2365 725 2395 ad
747 2366 833 2396 hunc
849 2366 895 2396 lo-

169 2417 245 2436 cum
259 2408 420 2439 Bentleius
435 2411 529 2442 etiam
543 2415 678 2451 putabat.
709 2416 772 2446 Sed
786 2417 895 2447 malim

170 2458 300 2496 receptis
314 2459 479 2492 adhaerere.

218 2509 300 2539 Ibid.
337 2521 426 2542 scena
457 2524 541 2544 croco
567 2515 704 2556 perfusa.
755 2517 898 2548 Similem

171 2561 398 2600 metaphoram,
429 2563 482 2593 sed
504 2564 642 2595 feliciore
661 2576 735 2597 cum
753 2569 898 2600 acumine

170 2611 389 2650 periclitatam,
420 2624 494 2644 mox
524 2615 747 2648 illustrabimus
771 2620 811 2650 ad
836 2631 896 2652 ver.

172 2666 243 2694 627.
270 2663 436 2695 Sallustius
458 2666 491 2695 in
514 2667 628 2707 fragm.
657 2670 729 2700 hist.
757 2671 808 2702 lib.
823 2672 899 2703 ii.—

173 2714 300 2744 “simul
327 2727 412 2747 croco
438 2728 544 2757 sparsa
568 2719 722 2757 humus;”
745 2732 815 2762 quae
841 2734 899 2754 vox

171 2764 282 2795 eodem
314 2767 479 2797 referenda
508 2775 567 2799 est:
609 2771 663 2800 sed
698 2774 900 2811 opportunior

174 2817 318 2848 obveniet
352 2820 546 2859 Spartianus,
587 2823 717 2854 Adrian.
746 2835 811 2864 cap.
839 2827 900 2858 xix.

175 2875 269 2906 quem
284 2868 390 2900 laudat
404 2872 541 2903 Cottius:
570 2877 592 2892 ‘⁴
609 2874 765 2914 Balsama,
789 2882 820 2907 et
834 2889 899 2908 cro-

177 2919 198 2936 “
215 2929 293 2956 cum,
310 2932 363 2961 per
378 2923 493 2963 gradus
508 2926 618 2956 theatri
629 2928 734 2966 fluere
746 2927 869 2967 jussit.‘’

973 821 1053 852 Ibid.
1076 833 1161 852 croco
1180 824 1278 853 Cilici.
1323 822 1494 861 Appositus
1519 827 1565 853 est
1583 822 1652 862 pul-

928 875 1000 904 cher
1014 873 1101 903 locus
1116 873 1150 903 in
1168 873 1276 903 Culice
1288 873 1440 910 Maronis,
1457 874 1483 904 si
1500 874 1655 913 Maronis,

928 935 990 955 ver.
1005 928 1077 955 400.

1341 985 1404 1010 Heic
1415 990 1442 1010 et
1453 986 1595 1016 acanthus,

961 1026 992 1048 Et
1004 1031 1061 1047 rosa
1072 1031 1205 1055 purpureo
1216 1024 1310 1048 crescit
1318 1024 1468 1056 pudibunda
1480 1026 1583 1050 colore:

962 1065 993 1089 Et
1005 1065 1084 1089 violae
1097 1071 1180 1096 genus
1191 1071 1272 1089 omne
1284 1064 1342 1089 heic
1354 1069 1404 1095 cst,
1415 1069 1442 1090 et
1454 1066 1572 1097 Spartica
1582 1073 1655 1098 myr-

1087 1107 1130 1127 tus

961 1144 1052 1174 Atque
1069 1122 1247 1175 hyac’inthus3
1266 1147 1292 1168 et
1310 1143 1369 1169 heic
1386 1144 1453 1169 cilici
1468 1152 1554 1170 crocus
1569 1146 1656 1171 editus

1084 1186 1170 1207 antro:

932 1256 1002 1286 quae
1017 1245 1112 1285 longe
1126 1245 1357 1285 elegantissima
1366 1252 1412 1276 est
1426 1248 1576 1278 horumce
1590 1259 1656 1278 ver-

932 1307 1026 1327 suum
1043 1297 1200 1335 scriptura.
1245 1297 1380 1336 Laevius,
1402 1299 1487 1338 apud
1505 1300 1658 1338 Gellium,

931 1349 992 1378 xix.
1011 1352 1038 1379 7.
1061 1350 1213 1379 rubentem
1224 1359 1369 1379 auroram
1381 1350 1546 1389 appellavit
1558 1354 1657 1391 pudo—

932 1403 1106 1431 ricolorem:
1141 1406 1172 1430 et
1200 1401 1254 1431 alii
1283 1401 1425 1432 similiter
1455 1410 1529 1433 suut
1554 1403 1659 1434 locuti.

935 1452 1122 1490 Columella,
1139 1463 1168 1483 x.
1190 1456 1258 1483 109.
1280 1454 1474 1485 suavissime:

963 1519 1039 1543 Tum
1051 1525 1113 1550 quae
1131 1519 1210 1550 pallet
1228 1519 1314 1549 humi,
1333 1526 1395 1550 quae
1403 1520 1512 1551 frondes
1529 1525 1659 1554 purpurat

1087 1566 1163 1589 auro,

962 1600 1078 1622 Ponatur
1089 1598 1168 1628 viola,
1181 1602 1207 1623 et
1220 1598 1335 1623 nimium
1346 1607 1402 1624 rosa
1411 1600 1486 1631 plena
1496 1600 1610 1632 pudoris.

936 1661 987 1691 Ita
1012 1662 1126 1702 legitur
1151 1662 1244 1703 longe
1271 1663 1444 1701 venustius,
1474 1670 1509 1693 ut
1535 1672 1661 1705 egomet

935 1721 1044 1754 sponte
1059 1725 1263 1745 correxeram.
1309 1716 1428 1756 Vulgo,
1440 1716 1604 1756 frondens.

979 1766 1061 1796 Ibid.
1096 1766 1223 1807 perfusa
1260 1778 1372 1798 recens.
1430 1767 1503 1798 Hoc
1539 1779 1662 1809 quoque

937 1819 1040 1855 Maro,
1063 1829 1130 1859 geo.
1148 1819 1190 1850 iii.
1210 1822 1279 1851 156.
1302 1820 1356 1850 ubi
1378 1820 1465 1850 aliud
1483 1821 1662 1861 exemplum

938 1871 1061 1901 Servius
1075 1870 1218 1901 adduxit:

1091 1939 1149 1964 Sole
1159 1946 1241 1963 recens
1251 1943 1312 1964 orla.

980 2002 1054 2032 Ver.
1070 2005 1141 2033 417.
1158 2005 1225 2033 Ara
1240 2006 1408 2035 Pancleaeos
1421 2008 1539 2036 eoelzalat
1552 2009 1663 2038 odores.

937 2055 993 2086 Bis
1006 2055 1134 2085 fortasse
1149 2055 1255 2085 locum
1269 2057 1354 2086 hunc
1370 2057 1526 2098 Virgilius
1540 2069 1662 2098 respex-

936 2107 1003 2142 erit,
1025 2117 1092 2147 geO.
1107 2107 1146 2137 iv,
1161 2111 1235 2138 379.

1133 2176 1264 2201 Panchaeis
1273 2177 1429 2203 adolescunt
1440 2178 1543 2210 ignibus
1553 2187 1620 2204 arae:

940 2250 1016 2280 quas
1037 2246 1142 2270 tamen
1163 2240 1312 2270 lectiones
1326 2241 1467 2280 pluribus
1490 2242 1529 2272 de
1551 2244 1665 2274 caussis

940 2292 1028 2322 valde
1043 2298 1200 2331 suspectas
1213 2294 1320 2323 habeo.
1367 2295 1422 2323 An
1438 2293 1577 2325 dederit?

1135 2359 1272 2383 Panchaeis
1282 2359 1382 2385 adolent
1391 2361 1436 2385 sub
1447 2362 1545 2386 turibus
1555 2369 1623 2386 arae:

940 2422 1047 2453 confer
1063 2422 1166 2453 Plaut.
1185 2423 1254 2453 Cas.
1269 2423 1303 2453 ii.
1320 2427 1348 2454 5.
1364 2428 1409 2456 19.
1446 2425 1577 2462 Iterum,
1591 2427 1665 2458 AEn.

940 2474 949 2503 i
954 2497 962 2505 .
978 2477 1050 2504 417.

1104 2541 1151 2565 ubi
1161 2542 1296 2573 templum
1306 2543 1354 2572 illi,
1366 2548 1531 2575 centumque
1542 2546 1637 2570 Sabaeo
1665 2563 1673 2571 .

970 2582 1046 2606 Ture
1057 2581 1145 2606 calent
1156 2589 1220 2611 are,
1231 2582 1359 2613 sertisque
1368 2584 1520 2608 recentibus
1530 2584 1628 2610 halant.

984 2639 1059 2669 Ver.
1075 2643 1148 2669 418.
1171 2641 1259 2670 honos
1285 2642 1410 2671 colores:
1436 2641 1455 2670 i.
1472 2652 1496 2671 e.
1523 2642 1668 2680 pulchros

941 2689 1434 2730 —laetos-hilares—jucundos.
1489 2693 1578 2723 Hinc
1613 2704 1666 2724 ex-

942 2741 1066 2780 pisceris
1081 2742 1255 2781 genuinam
1277 2742 1441 2774 lectionem
1466 2744 1601 2783 Senecae,
1628 2746 1667 2776 ad

945 2792 1042 2822 Herc.
1057 2792 1115 2822 fur.
1131 2796 1204 2823 814.

959 2866 1018 2888 Post
1029 2871 1111 2895 quam
1123 2868 1162 2888 est
1174 2864 1208 2888 ad
1220 2872 1278 2889 oras
1287 2866 1399 2890 'I'aenari
1410 2872 1535 2898 ventum,
1547 2871 1574 2893 et
1585 2869 1650 2892 nifor

959 2904 1088 2927 Percussit
1099 2903 1190 2928 oculos
1201 2904 1263 2929 lucis
1274 2905 1374 2937 ignotae
1386 2906 1475 2937 homes,

959 2943 1080 2968 Resumit
1091 2944 1194 2969 animos
1205 2945 1320 2970 vinctus.
