1894 3253
357 526 438 590 T.
508 526 1107 594 LUCRETII
1181 535 1458 599 CARI

467 773 584 829 DE
625 774 941 829 RERUM
978 777 1354 835 NATURA

681 1018 871 1061 LIBER
902 1018 1155 1062 PRIMUS.

803 1277 1028 1292 §Qumuss

302 1510 671 1577 AENEADUM
698 1533 904 1591 genetriX‚
934 1531 1152 1575 hominum
1172 1532 1393 1591 divomque
1421 1534 1622 1592 voluptas,

304 1612 427 1653 Alma
456 1607 616 1650 Venus!
652 1608 742 1649 coeli
772 1608 912 1650 subter
940 1607 1120 1649 labentia
1149 1608 1267 1665 signa

196 1763 250 1793 De
268 1764 385 1793 Rerum
403 1757 542 1790 Natura.
588 1758 673 1796 Imo,
697 1757 735 1788 T.
751 1757 891 1788 Lucretii

159 1813 233 1844 Cari
258 1813 379 1843 Rerum
394 1811 535 1841 Natura:
568 1822 609 1848 τῳ
624 1811 660 1839 de
684 1808 794 1838 deleto.
840 1808 892 1838 Ita

158 1864 234 1903 ipse,
262 1874 291 1894 v.
307 1867 381 1893 556.
408 1861 460 1891 Ita
476 1859 583 1890 Ovidii
613 1861 745 1896 Tristia,
768 1869 834 1889 non
855 1861 892 1889 de

158 1914 327 1951 Tristibus,
359 1914 412 1943 &c-
474 1910 536 1942 Sed
565 1911 624 1941 hoc
653 1910 796 1941 videatur
826 1921 892 1941 esse

159 1973 335 2007 λίπτθτξρθν
359 1978 390 1996 ’ΤΞ
414 1978 464 1995 xa!
491 1976 690 2005 Wssplsspyfflripov
700 1976 710 1992 .”
746 1972 819 1991 nam
843 1961 890 2000 ip-

158 2029 192 2048 se
223 2020 382 2057 Epicurus
415 2016 510 2046 libros
543 2025 617 2045 suos
640 2014 797 2053 inscripsit
830 2027 888 2056 orep«

157 2071 293 2104 Φυσεως“.·
319 2075 350 2099 et
377 2070 586 2108 Empedocles,
610 2080 670 2109 περι
693 2073 809 2101 <Ducem
832 2081 888 2098 των

155 2128 263 2159 Ova-m,
283 2121 379 2151 libros
401 2120 444 2150 iii.
461 2122 592 2151 Suidas:
619 2125 650 2149 et
677 2120 794 2150 Ocellus
818 2120 886 2150 Lu-

835 2170 887 2200 Sic

158 2225 256 2255 etiam
271 2231 376 2255 noster
391 2235 477 2263 mox,
493 2235 553 2254 ver.
570 2228 619 2255 26.
658 2224 886 2255 BENTLEms.

161 2278 242 2307 Haec
275 2284 382 2308 autem
417 2277 522 2307 lucem
555 2276 699 2316 injicient
734 2277 782 2313 iis,
817 2288 888 2317 quae

159 2334 282 2358 nosmet
295 2328 399 2359 daturi
415 2339 526 2358 sumus
541 2328 682 2364 inferius,
699 2328 739 2358 ad
756 2328 799 2358 iii.
820 2332 867 2359 15.

203 2380 277 2410 Ver.
297 2384 323 2410 1.
340 2380 530 2412 AEneaclfcm.
576 2380 617 2410 In
634 2380 764 2419 proclivi
786 2380 890 2411 fuerat

159 2431 328 2469 persuasio,
344 2432 387 2462 ita
402 2433 552 2471 scriptum
567 2442 632 2462 esse
647 2431 687 2461 ad
705 2432 889 2462 Graecorum

161 2483 415 2514 terminationem
441 2484 587 2521 Αινεαδων,
618 2495 753 2524 quorum
783 2484 887 2515 imita-

156 2184 264 2209 canus,
290 2185 348 2214 περι
373 2186 424 2206 τῆς
454 2184 491 2202 τε
516 2178 632 2204 Ham-03
660 2176 788 2205 Φυσεως.

161 2536 281 2566 tionem
297 2536 331 2565 in
348 2537 479 2575 propriis
494 2537 691 2576 potissimum
707 2537 890 2567 nominibus

162 2587 260 2626 po'e'tae
275 2588 381 2617 Latini
397 2587 498 2618 solent
519 2588 675 2618 affectare:
702 2588 888 2627 praesertim,

157 2650 233 2669 cum
249 2639 408 2669 rarissima
431 2640 470 2669 sit
485 2639 517 2669 in
533 2640 591 2668 hac
607 2639 815 2669 declinatione
837 2650 887 2669 ca-

159 2690 211 2720 ssis
235 2691 327 2730 patrii
351 2691 481 2730 pluralis
505 2690 684 2720 contractio.
742 2690 803 2720 Sed
828 2690 888 2721 alia

159 2742 277 2780 docuit,
308 2749 337 2774 et
364 2743 500 2773 salubria
526 2742 666 2783 quidem,
694 2742 885 2782 Priscianus,

160 2792 212 2823 lib.
243 2794 293 2824 vii.
320 2805 349 2833 p.
379 2798 450 2825 751.
482 2797 504 2812 “
543 2794 602 2823 Est
624 2799 730 2822 autem
760 2794 885 2834 quando

161 2848 182 2863 “
199 2846 379 2886 genetivum
401 2846 554 2885 pluralem
570 2857 693 2886 quoque
713 2857 767 2885 per
782 2848 884 2877 conci-

162 2900 183 2914 “
199 2897 319 2928 sionem
334 2899 507 2938 proferunt,
524 2906 554 2929 et
566 2900 702 2929 maxime
714 2898 746 2928 in
762 2909 888 2938 compo-

161 2951 182 2965 “
199 2949 264 2978 sitis
286 2955 317 2979 et
343 2950 578 2990 patronymicis,
601 2957 637 2980 ut
666 2950 890 2990 Graiugem‘lm,

164 3003 186 3018 “
203 3011 259 3039 pro
280 3003 541 3042 Graiugenarum,
560 3004 647 3044 Virg.
664 3005 739 3035 AEn.
758 3004 801 3035 iii.
819 3008 890 3037 550.

936 1760 958 1775 “
984 1757 1048 1787 viii.
1085 1759 1155 1787 127.
1185 1756 1396 1797 caprigenibn,
1426 1758 1499 1788 ibid.
1523 1758 1567 1790 iii.
1593 1763 1664 1791 221.

937 1813 958 1827 ‘⁶
973 1808 1180 1848 omnz'gem‘im,
1203 1808 1278 1839 ibid.
1301 1809 1365 1840 viii.
1389 1814 1460 1842 698.
1507 1811 1559 1841 Sic
1581 1814 1663 1843 coelz'-

937 1863 959 1878 “
976 1859 1086 1897 callim,
1109 1871 1165 1899 pro
1180 1862 1383 1892 coelz'colarum
1410 1862 1501 1903 (AEn.
1525 1862 1570 1893 iii.
1597 1863 1663 1903 21.)

936 1916 959 1931 “
975 1918 1006 1942 et
1024 1911 1256 1951 trz'nufndinz‘t'm,
1283 1913 1393 1943 Cicero
1414 1923 1472 1952 pro
1497 1914 1660 1946 Cornelio:

936 1968 958 1983 “
974 1963 1166 2003 amphorz‘im,
1182 1975 1239 2003 pro
1254 1967 1472 2005 amphorarum
1480 1980 1491 2000 ‚·
1517 1972 1549 1996 et
1564 1969 1663 1998 AEne-

935 2020 958 2035 “
976 2015 1082 2054 adsim,
1106 2027 1163 2055 pro
1186 2019 1417 2057 AEneadarum,
1441 2018 1609 2050 Lucretius
1630 2019 1664 2050 in

934 2073 954 2087 ⁸‘
971 2068 1073 2108 primo
1088 2078 1194 2100 versu:

962 2131 982 2144 “
993 2129 1140 2154 AEneadfflm
1152 2130 1289 2162 genetrix,
1299 2130 1443 2156 hominum
1454 2131 1605 2163 djvfimque
1615 2139 1663 2158 vo·

1024 2180 1172 2212 “luptas.”

933 2230 995 2261 Sed
1015 2231 1085 2261 fani
1109 2231 1238 2272 quidem
1260 2232 1397 2272 potuisse
1419 2232 1663 2272 grammaticum

932 2283 966 2313 in
983 2284 1120 2314 secundo
1137 2284 1281 2323 exemplo
1296 2295 1354 2315 nos
1370 2284 1451 2314 nulli
1466 2284 1659 2316 dubitamuS:

932 2336 1076 2366 conferas
1098 2336 1206 2367 Plaut.
1231 2336 1323 2376 Epid.
1351 2337 1371 2367 i.
1391 2341 1417 2367 1.
1437 2341 1484 2368 16.
1502 2347 1578 2367 nam
1600 2337 1662 2367 alia

934 2388 1094 2419 corradere
1116 2389 1150 2419 in
1167 2399 1200 2419 re
1216 2389 1304 2419 tenui
1326 2389 1423 2419 nimis
1438 2389 1526 2419 anxii
1548 2388 1662 2420 laboris

934 2446 1022 2470 esset.

977 2501 1058 2532 Ibid.
1103 2501 1281 2533 AEneadzim
1301 2504 1449 2541 genetrix.
1496 2502 1547 2531 Ita
1560 2513 1659 2532 anna-

933 2554 977 2584 les
992 2564 1065 2584 suos
1084 2555 1260 2594 auspicatus
1282 2560 1329 2584 est
1344 2553 1481 2591 Ennius,
1505 2560 1542 2584 ut
1555 2561 1661 2585 noster

932 2607 991 2636 hoc
1006 2616 1099 2645 opus:

931 2667 958 2690 T
960 2673 974 2691 e
985 2672 1068 2695 nunc,
1079 2668 1180 2694 sancta,
1191 2671 1296 2696 precor,
1308 2666 1399 2694 Venus,
1416 2667 1443 2689 et
1451 2664 1568 2696 genetrIx
1579 2665 1659 2697 patris

1024 2705 1120 2735 nostri,

931 2748 969 2771 Ut
981 2754 1025 2771 me
1037 2747 1070 2771 de
1082 2747 1153 2771 coelo
1164 2746 1241 2776 visas,
1253 2750 1368 2778 cognata,
1379 2753 1532 2779 parumper.

1431 2804 1459 2834 B
1464 2814 1480 2834 E
1488 2814 1510 2834 N
1515 2814 1537 2834 ‘r
1544 2814 1562 2833 1.
1568 2814 1585 2834 E
1590 2814 1601 2833 1
1607 2815 1627 2834 u
1634 2814 1646 2834 s
1652 2827 1659 2833 .

934 2854 995 2884 Sed
1010 2856 1094 2885 hunc
1105 2854 1210 2886 locum
1226 2857 1327 2887 Faber
1341 2857 1369 2887 ei
1377 2856 1446 2897 jam
1461 2862 1660 2896 praeceperat‚

933 2912 970 2936 ut
984 2906 1062 2936 mihi
1078 2907 1173 2937 etiam
1191 2908 1356 2947 Ovidium,
1379 2909 1456 2940 trist.
1472 2909 1504 2940 ii.
1518 2912 1588 2940 262.
1605 2907 1658 2948 qui

934 2966 1038 2999 aperte
1053 2967 1195 2991 nostrum
1210 2964 1394 2993 subsecutus
1420 2969 1479 2992 est:

997 3019 1142 3044 AEnmdu‘m
1151 3021 1270 3053 genetrix
1280 3022 1353 3047 unde
1364 3021 1397 3046 sit
1409 3021 1477 3045 alma
1489 3021 1579 3045 Venus.

901 3050 931 3080 A
