1894 3253
696 269 1150 314 ARGUMENTA.
1533 274 1663 316 xxxix

454 541 548 594 IN
598 540 947 594 LIBRUM
1002 542 1367 597 SEXTUM.

213 746 394 790 PRIMI
416 747 586 804 triginta
604 755 686 788 tres
711 760 851 788 versus
880 746 1050 803 hujusce
1078 747 1172 788 libri
1194 750 1422 801 continent,
1446 759 1530 792 tam
1550 751 1657 808 ipsa·

151 837 245 864 rum
268 822 542 872 Athenarum,
557 837 681 878 quam
698 822 867 877 Epicuri
890 822 1170 873 Atheniensis,
1188 823 1340 865 laudes.
1391 826 1584 881 Sequitur
1604 827 1657 868 ad

152 912 234 938 ver.
258 902 324 938 95.
358 897 520 953 qualem
560 898 612 938 ab
647 897 854 953 Epicureo
889 898 1137 954 philosopho
1168 908 1392 954 exspectes,
1425 902 1658 958 argumenti

150 970 270 1027 hujus
290 972 381 1013 libri
403 972 636 1027 explicatio:
670 982 710 1013 et
740 973 792 1013 de
811 974 1002 1014 meteoris
1033 973 1195 1015 dicturo
1216 975 1399 1029 primurn
1431 984 1657 1017 occurrunt

150 1047 342 1096 tonitrus,
364 1045 515 1103 fulgur,
548 1046 720 1097 fulmen3
753 1047 806 1088 de
836 1048 983 1103 quibus
1014 1048 1232 1106 diligenter
1262 1049 1462 1104 disputat:
1510 1058 1551 1091 et
1585 1051 1656 1091 de-

151 1135 266 1162 mum
287 1121 384 1161 istos
405 1120 577 1170 deridet,
602 1122 687 1176 qui,
718 1120 913 1178 neglectis
943 1123 1094 1164 caussis
1123 1123 1394 1174 naturalibus,
1428 1125 1563 1178 ipsum
1583 1124 1656 1166 Jo-

151 1209 242 1235 vem
262 1194 432 1235 fulmina
446 1194 616 1249 jaculari
639 1195 892 1245 existimant,
926 1196 980 1237 ad
1001 1211 1082 1236 ver.
1107 1201 1202 1237 421.
1265 1197 1348 1237 His
1379 1197 1654 1254 subjungitur,

151 1271 266 1324 (nam
286 1277 442 1323 prester
461 1267 621 1309 fulmini
643 1268 791 1322 affinis)
814 1285 838 1310 a
850 1284 932 1310 ver.
949 1274 1046 1311 4⁶22.
1068 1270 1259 1325 presteris
1272 1270 1405 1312 brevis
1421 1272 1654 1327 explicatio.

153 1342 334 1392 Deinde,
357 1357 382 1382 a
402 1357 483 1383 ver.
507 1347 604 1383 450.
627 1343 681 1384 ad
714 1359 800 1384 ver.
837 1349 932 1385 533.
967 1344 1098 1386 multa
1129 1345 1181 1385 de
1208 1345 1386 1387 nubibus
1426 1355 1467 1387 et
1499 1346 1656 1402 pluvia3

150 1432 284 1473 pauca
303 1417 355 1458 de
375 1417 494 1468 iride,
517 1417 569 1458 de
589 1418 698 1469 nive,
721 1427 862 1470 vento,
879 1418 1098 1476 grandine,
1120 1419 1285 1474 pruina,
1317 1428 1358 1461 et
1376 1421 1485 1478 gelu,
1518 1421 1658 1477 dispu-

148 1500 220 1533 tat.
283 1492 327 1534 Si
347 1500 469 1532 terrae
490 1491 626 1533 motus
647 1508 807 1535 caussas
827 1493 923 1535 velis
945 1509 1208 1551 cognoscere,
1232 1510 1257 1535 a
1277 1510 1359 1536 ver.
1379 1500 1474 1536 542.
1497 1496 1550 1537 ad
1571 1511 1653 1538 ver.

149 1571 246 1607 606.
272 1565 398 1607 habes
422 1566 509 1608 fuse
529 1566 760 1623 explicatas.
822 1568 863 1609 A
892 1583 975 1610 ver.
1009 1573 1104 1609 606.
1136 1568 1190 1610 ad
1222 1584 1304 1610 ver.
1338 1574 1434 1611 638.
1466 1570 1519 1612 de
1548 1573 1653 1612 mari

146 1642 269 1697 po’e‘ta
289 1640 464 1682 disserit:
495 1641 592 1682 inde
612 1641 665 1683 ad
694 1657 777 1684 ver.
810 1644 906 1684 710.
938 1643 990 1684 de
1023 1642 1168 1684 AEtna.
1214 1643 1450 1699 Sequentia,
1485 1645 1539 1686 ad
1571 1661 1653 1687 ver.

152 1718 248 1756 738.
310 1715 407 1756 Nilo
424 1715 692 1758 destinantur.
753 1717 936 1768 Deinde,
959 1733 984 1758 a
1004 1733 1086 1758 ver.
1106 1720 1201 1758 738.
1224 1718 1278 1758 ad
1298 1733 1380 1758 ver.
1405 1724 1499 1759 840.
1522 1719 1574 1759 de
1594 1720 1655 1760 A-

149 1789 298 1839 vernjs,
313 1789 479 1844 aliisque
494 1798 615 1830 terrae
635 1791 846 1841 tractibus,
869 1791 939 1846 qui
953 1799 1047 1832 sunt
1067 1791 1318 1841 hominibus,
1342 1793 1484 1842 cervis,
1507 1794 1654 1844 corvis,

151 1863 280 1917 equis,
303 1871 344 1903 et
364 1863 465 1913 aljis,
487 1864 617 1913 noxii,
640 1864 884 1919 disputatur.
931 1864 1113 1915 Deinde,
1128 1881 1152 1906 a
1167 1880 1249 1906 ver.
1269 1871 1364 1906 840.
1387 1867 1440 1907 ad
1461 1882 1542 1908 ver.
1558 1873 1654 1909 905.

150 1935 202 1976 de
231 1936 378 1990 puteis,
400 1937 601 1993 variisque
622 1938 873 1980 admirandis
894 1939 1090 1989 fontibus,
1119 1939 1206 1996 agit
1225 1940 1491 1994 periucunde.
1554 1941 1655 1983 Pos-

150 2016 230 2059 tea,
253 2025 278 2050 a
296 2025 378 2051 ver.
403 2016 498 2051 905.
520 2011 573 2051 ad
594 2026 676 2052 ver.
705 2015 825 2053 1087.
879 2012 1057 2070 Magnes
1078 2013 1180 2069 lapis
1201 2013 1507 2071 diligentissime
1527 2016 1656 2072 expli-

148 2091 276 2125 catur.
329 2084 559 2135 Postremo,
582 2101 710 2141 usque
729 2086 783 2127 ad
802 2086 896 2127 libri
918 2086 1062 2138 finem,
1085 2087 1137 2128 de
1166 2088 1320 2130 morbis
1341 2097 1381 2130 et
1409 2099 1523 2145 peste
1543 2106 1656 2147 quae-

148 2157 246 2198 dam
266 2157 438 2208 disserit3
475 2159 621 2215 quibus
643 2160 853 2218 subjungit
872 2161 1103 2219 elegantem
1134 2170 1257 2218 atque
1287 2163 1537 2206 uberrimam
1558 2181 1656 2207 sane

148 2231 480 2287 descriptionem,
518 2248 594 2275 nec
624 2234 759 2276 minus
791 2235 993 2278 eruditam
1016 2245 1056 2278 et
1076 2245 1311 2279 accuratam
1342 2246 1496 2290 tamen,
1528 2241 1653 2294 pestis

147 2305 266 2355 illius,
289 2321 381 2361 quae
402 2315 586 2361 tempore
614 2308 708 2349 belli
731 2308 1068 2365 Peloponnesiaci
1090 2311 1278 2354 Athenas
1309 2329 1433 2369 opere
1464 2314 1649 2355 maximo

152 2380 336 2431 vastavit,
359 2396 381 2422 e
403 2380 659 2438 Thucydidis
679 2382 849 2426 historia
870 2385 1141 2442 desumptam.
