1894 3253
635 238 868 289 LIBER
911 237 1219 288 PRIMUS.

326 374 382 416 Et
401 374 562 417 merito:
595 388 707 424 113111,
730 374 761 415 si
783 381 937 415 certam
955 372 1084 414 finem
1104 387 1188 414 esse
1207 371 1393 414 viderent

326 450 627 491 AErumnarum
648 448 853 498 homines,
876 447 1009 503 aliqua
1030 448 1189 489 ratione
1209 446 1387 488 valerent

216 530 294 565 110
329 524 614 581 Religionibus
635 531 758 578 atque
778 522 899 562 minis
921 522 1116 562 obsistere
1136 529 1292 562 vatum:

327 599 451 640 Nunc
471 598 577 638 ratio
598 596 709 638 nulla
729 604 788 636 est
808 595 1006 645 restandi,
1029 594 1139 636 nulla
1158 594 1325 636 facultas
1332 613 1345 645 ;

328 672 526 713 AEternas
547 671 744 726 quoniam
764 684 908 725 poenas
928 670 972 709 in
992 676 1126 710 morte
1145 669 1390 710 timendum.

321 747 550 803 *lg-noratur
571 745 697 794 enim,
721 759 813 800 quae
835 743 885 785 sit
905 750 1056 784 natura
1075 743 1250 793 animai'3

326 820 439 862 Nata
460 820 525 870 sit,
547 834 602 861 an
623 826 768 861 contra
787 818 1049 862 nascentibus
1070 817 1317 868 insinuetur;

345 981 407 1004 tuus
417 979 461 1004 me
471 985 565 1011 parens
576 979 672 1004 decora
683 978 736 1003 alta
748 978 852 1009 paravit

215 1027 340 1051 Restando
350 1027 474 1052 adversis.

181 1082 264 1113 Haec
279 1088 385 1113 autem
401 1084 512 1113 hausta
529 1089 603 1113 sunt
628 1092 666 1113 ex
692 1082 753 1112 illis
769 1081 914 1122 Epicuri,

183 1144 320 1175 quorum
335 1134 481 1175 reliquias
496 1134 623 1165 tradidit
649 1134 739 1164 nobis
755 1134 915 1174 Diogenes

182 1187 326 1216 Laertius
341 1187 374 1216 111
390 1197 418 1217 x.
437 1190 485 1216 81.
518 1192 576 1217 Em
589 1186 615 1217 δε
631 1198 727 1220 ren-015
744 1187 815 1219 ὅλως
833 1187 914 1216 ἁπα-

181 1250 234 1276 clv,
252 1251 334 1268 eximo
350 1237 386 1268 δεῖ
402 1251 559 1276 noeff'oevosw,
577 1239 620 1268 0‘1?1
637 1251 772 1280 ’Ταξαχῦὲ
789 1237 911 1279 ὁκῧξίω·

183 1302 274 1322 γεω-ος
291 1302 354 1322 ταις
379 1291 558 1331 ανθξωπιναις
583 1291 703 1328 *lauzan-
731 1301 913 1329 ›ytvswt—sv

180 1354 222 1380 Τῳ
236 1353 338 1370 oelwvlov
356 1353 383 1370 ²:¹1
398 1339 476 1371 Belum·
493 1354 542 1370 καί
559 1339 722 1383 πρθςδθκᾳν,
749 1354 800 1371 καί
817 1341 912 1370 1571'0‘71'-

180 1404 275 1427 τευειν,
292 1405 376 1422 κατα
392 1404 443 1426 τες
459 1394 557 1431 μνέες.

227 1442 303 1472 Ver.
323 1446 392 1473 112.
409 1454 518 1483 poenas
534 1445 712 1474 timendum.
759 1443 812 1473 Ad
832 1444 914 1474 hanc

180 1493 353 1524 formulam
368 1493 618 1532 constructionis,
646 1493 765 1524 Graecis
780 1494 914 1525 celeber-

181 1544 261 1574 rime
282 1544 524 1585 frequentatam,
548 1555 580 1575 se
604 1545 705 1575 Varro
728 1547 914 1586 composuit,

184 1595 224 1626 de
239 1606 273 1626 re
295 1602 369 1626 rust.
386 1596 429 1625 iii.
450 1599 496 1627 16.
518 1595 572 1626 fin.
597 1600 618 1614 “
636 1598 843 1636 Colligendum
866 1609 917 1628 eas

182 1650 205 1665 “
218 1646 256 1677 in
270 1657 324 1677 vas
337 1646 496 1687 aliquod.'’
542 1647 587 1678 Et
605 1646 700 1678 Silius
717 1648 859 1687 Italicus,
876 1649 916 1679 xi.

181 1700 255 1730 562.

196 1767 273 1791 Nunc
278 1770 364 1799 pacem
370 1767 506 1797 orandum,
512 1773 584 1791 nunc
592 1767 713 1798 improba
721 1767 915 1799 foederesupto

200 1809 281 1831 Arma
293 1807 472 1839 reponendum,
483 1810 510 1832 et
523 1807 624 1832 bellum
633 1807 743 1832 exitiale
752 1807 918 1836 cavendum,

201 1847 305 1871 Auctor
316 1853 381 1877 ego:

182 1904 237 1944 qui
267 1903 374 1934 locum
400 1903 655 1944 vulgatissimum
688 1905 831 1935 Maronis
860 1904 919 1936 sibi

183 1954 375 1985 imitandum
391 1955 536 1994 sumpsit,
554 1957 628 1986 AEn.
644 1955 684 1986 xi.
704 1960 774 1986 250.

584 2022 634 2045 alia
645 2028 719 2046 arma
730 2022 831 2046 Latinis

197 2062 361 2095 Quaerenda,
372 2065 419 2086 aut
425 2065 511 2093 pacem
522 2062 641 2092 Trojano
656 2062 688 2086 ab
700 2069 762 2093 rege
768 2062 915 2094 petendum:

182 2120 229 2151 uti
243 2120 388 2150 scribitur
410 2119 590 2155 castissime,
616 2124 647 2149 et
672 2129 730 2149 1105
745 2119 911 2150 edidimus.

182 2172 266 2202 Haec
280 2178 387 2201 autem
401 2170 526 2200 videtur
537 2181 602 2200 esse
612 2170 813 2209 constructio,
829 2171 854 2200 si
869 2182 918 2201 res

180 2223 215 2254 in
231 2223 386 2253 elementa
401 2233 457 2252 sua
472 2222 655 2260 resolvatur,
677 2229 708 2253 et
735 2223 918 2262 suppleatur

182 2275 331 2306 orationis
361 2275 465 2305 series:
506 2279 526 2293 “
546 2274 709 2310 Quoniam
736 2275 915 2304 timendum

184 2328 207 2344 “
222 2332 264 2356 est
270 2326 402 2366 futwas
413 2337 473 2357 esse
485 2336 591 2365 poenas
603 2332 733 2355 aeternas
742 2325 776 2355 iu
786 2326 916 2356 morte.”

185 2376 288 2407 Haud
309 2376 397 2407 aliter
423 2377 586 2407 statuerim
601 2376 640 2407 de
657 2377 783 2417 Virgilii
805 2387 873 2418 geo.
897 2378 916 2408 i.

192 2430 262 2458 160.

219 2486 361 2510 Dicendum
374 2489 402 2510 et
413 2493 475 2517 quae
487 2487 540 2511 sint
557 2487 627 2511 duris
639 2487 785 2519 agrestibus
795 2494 868 2511 arma
878 2495 887 2511 ε

188 2536 210 2567 1.
228 2547 254 2566 0.
279 2540 301 2554 “
316 2536 500 2566 Dicendum
515 2543 557 2567 est
573 2547 660 2566 arma
674 2538 766 2567 etiam
783 2547 831 2574 ea,
849 2546 919 2577 quae

188 2590 212 2606 “
229 2587 291 2617 sint
306 2587 513 2627 agrestibuS.”
562 2587 625 2616 Vix
647 2587 792 2617 videntur
814 2592 921 2617 autem

189 2639 330 2681 ejusdem
342 2639 483 2676 rationis,
497 2649 576 2679 quae,
588 2649 606 2668 a
615 2639 835 2669 communibus
847 2649 920 2670 con-

188 2691 367 2721 structionis
377 2689 521 2721 formulis
537 2689 610 2720 satis
621 2690 829 2728 abhorrentia,
845 2701 915 2729 pro-

191 2745 265 2776 tulit
283 2745 416 2783 Gellius,
441 2751 534 2786 atque
557 2744 597 2774 ad
618 2754 750 2774 examen
764 2744 918 2775 revocavit

192 2796 262 2826 ini.
281 2800 307 2828 7.
335 2797 516 2827 Atticarum
534 2796 697 2834 Noctium,
721 2805 798 2836 quas
821 2795 919 2826 lector

192 2848 293 2886 adeat,
316 2849 482 2890 multiplici
508 2848 648 2881 doctrina
662 2847 796 2881 suaviter
808 2848 920 2880 condi-

199 2904 253 2930 tas.

1002 986 1076 1016 Ver.
1096 989 1165 1016 114.
1188 986 1380 1016 insinuetur:
1406 983 1426 1016 i.
1443 994 1471 1016 e.
1489 995 1521 1015 se
1532 983 1686 1024 insinuet;

958 1043 993 1068 ut
1005 1038 1197 1077 Propertius,
1216 1037 1259 1068 iii.
1277 1040 1304 1068 7.
1322 1040 1372 1067 28.

989 1106 1021 1128 Et
1032 1105 1080 1129 tibi
1091 1105 1124 1129 ad
1136 1104 1263 1129 effectum
1277 1104 1344 1128 vires
1356 1104 1402 1129 det
1415 1105 1515 1134 Caesar,
1527 1108 1555 1129 et
1566 1104 1642 1129 omni

1018 1145 1157 1175 Tempore
1167 1147 1225 1167 tam
1236 1143 1326 1167 faciles
1337 1143 1499 1168 insinuentur
1509 1151 1581 1175 opes.

961 1193 1127 1232 Apuleius,
1150 1199 1276 1222 metam.
1304 1194 1362 1222 sub
1392 1193 1504 1223 finem:
1541 1197 1562 1211 “
1587 1193 1690 1224 Adest.

958 1249 978 1263 “
995 1245 1051 1275 tibi
1067 1245 1144 1281 dies,
1160 1245 1239 1274 votis
1253 1244 1386 1274 assiduis
1398 1250 1571 1284 exoptatus,
1581 1255 1688 1286 quo-—

958 1300 981 1315 “
996 1307 1051 1337 per
1066 1297 1139 1327 istas
1150 1307 1235 1327 meas
1246 1307 1360 1327 manus
1370 1296 1518 1336 piissimis
1525 1307 1691 1328 sacrorum

960 1353 980 1368 ‘⁴
997 1349 1118 1380 arca'nis
1131 1348 1330 1380 insinuerz's.’‘

959 1402 1069 1438 Porro,
1095 1402 1170 1431 huic
1185 1401 1254 1431 loco
1270 1401 1535 1441 opportunissime
1560 1401 1691 1432 Lambi-

959 1464 1019 1484 nus
1034 1452 1215 1484 Arnobium
1226 1452 1374 1490 admovit,
1391 1452 1442 1483 lib.
1458 1452 1478 1483 i.
1511 1457 1533 1472 ‘⁶
1551 1453 1637 1489 Quid
1653 1453 1695 1483 sit

962 1510 981 1523 “
997 1515 1116 1543 sensus,
1147 1503 1225 1544 quid
1254 1503 1381 1535 anima?
1415 1503 1639 1534 Advolaritne-
1653 1503 1694 1535 ad

962 1560 984 1574 “
1001 1567 1058 1586 nos
1070 1562 1189 1596 sponte,
1206 1565 1246 1585 an
1266 1565 1340 1585 cum
1355 1555 1430 1594 ipsis
1445 1561 1511 1585 sata
1522 1555 1562 1585 sit
1577 1561 1608 1585 et
1620 1565 1692 1594 pro-

962 1614 981 1626 ‘·‘
997 1615 1098 1639 creata
1120 1607 1305 1639 visceribus?
1330 1607 1440 1637 mortis
1462 1607 1615 1646 particeps
1638 1607 1692 1637 de-

963 1664 984 1679 “
1000 1667 1065 1701 gat,
1082 1671 1123 1691 an
1139 1659 1384 1690 immortalitatis
1407 1659 1614 1699 perpetuitate
1632 1659 1692 1690 -do-

960 1715 983 1730 “
1000 1719 1074 1742 nata
1095 1711 1175 1742 sit?''

1004 1763 1077 1792 Ver.
1090 1766 1104 1793 1
1113 1765 1160 1793 15.
1175 1764 1337 1801 dirempta..
1361 1761 1515 1800 Proponit
1520 1766 1694 1801 perempta,

962 1813 1126 1843 temeraria
1148 1813 1222 1842 satis
1245 1818 1339 1853 atque
1365 1811 1480 1851 puerili
1503 1811 1697 1852 conjectura,

965 1865 1145 1902 Creoehius,
1172 1870 1208 1894 ut
1230 1865 1285 1905 qui
1311 1864 1411 1903 po‘e'tae
1438 1874 1567 1902 scopum
1590 1863 1694 1893 neuti-

963 1927 1058 1957 quam
1094 1916 1242 1956 attigerit.
1301 1916 1399 1945 Hanc
1435 1921 1542 1945 autem
1579 1916 1696 1946 habent

962 1969 1134 1999 efficaciam
1148 1969 1252 2005 verba,
1279 1966 1305 1996 si
1319 1973 1402 1996 recte
1417 1966 1634 2005 expediantur,
1659 1973 1696 1997 ut

963 2021 1116 2051 elucescat
1131 2018 1310 2060 argumenti
1325 2018 1423 2048 nitor:
1452 2022 1473 2037 “
1485 2019 1538 2055 Et,
1548 2021 1695 2059 quoniam

963 2077 986 2092 “
1000 2076 1042 2104 -sit
1057 2072 1210 2111 dirempta
1228 2071 1264 2113 (i.
1281 2082 1307 2102 e.
1320 2071 1441 2101 divulsa
1451 2077 1544 2111 atque
1555 2078 1697 2110 separata

963 2131 982 2143 ‘⁴
999 2136 1018 2155 a
1032 2123 1187 2155 consortio
1202 2122 1447 2162 corporis),-2'deo
1457 2121 1551 2151 simul
1562 2122 1696 2153 intereat

963 2180 985 2195 “
1001 2176 1175 2213 nobiscum,
1206 2180 1237 2204 et
1258 2173 1436 2204 intercidat:
1463 2182 1539 2202 nam
1561 2173 1595 2202 in
1617 2183 1693 2203 con-

962 2231 984 2246 “
1001 2227 1081 2257 fesso
1111 2233 1157 2257 est
1194 2225 1361 2265 separatim
1397 2234 1509 2263 corpus
1547 2223 1694 2262 inveniri,

962 2283 983 2298 “
999 2289 1099 2320 quum
1105 2283 1276 2318 putrescat3
1287 2282 1318 2306 et
1327 2285 1402 2305 mox
1412 2276 1597 2314 probaturus
1609 2285 1693 2313 sum,

962 2334 984 2349 “
1000 2337 1128 2360 mutuas
1142 2339 1216 2369 opes
1242 2327 1300 2357 sibi
1322 2332 1468 2366 praestare
1490 2335 1602 2364 corpus
1624 2325 1693 2355 3111-

964 2385 987 2400 “
1002 2391 1165 2421 1namque3
1188 2379 1233 2409 ita
1247 2385 1283 2409 ut
1297 2378 1433 2408 alterum
1447 2377 1514 2406 sine
1529 2376 1627 2406 altero
1638 2386 1696 2406 ne-

964 2439 986 2453 “
1002 2439 1095 2474 queat
1123 2430 1344 2472 permanere:”
1380 2428 1486 2459 confer
1516 2427 1558 2457 iii.
1586 2431 1695 2457 524-

963 2488 1036 2516 551.
1062 2485 1225 2515 Rationem
1238 2482 1335 2523 igitur
1347 2479 1596 2519 complectuntur
1605 2488 1696 2509 voces

963 2543 1056 2568 morte
1073 2538 1224 2576 dirempta
1233 2549 1244 2570 ;
1271 2540 1302 2565 et
1326 2533 1548 2565 conclusionem
1574 2540 1694 2570 rursus,

963 2590 1056 2620 simul
1071 2590 1201 2619 intereat
1215 2587 1382 2616 nobiscum.

968 2641 1137 2675 Caeterum,
1161 2643 1346 2677 potestatem
1368 2634 1514 2665 dictionis
1537 2635 1617 2664 bene
1638 2632 1694 2664 de-

961 2691 1090 2721 clarabit
1107 2689 1227 2724 010010,
1245 2687 1338 2717 Τ1150.
1355 2685 1455 2726 dispp.
1472 2685 1493 2716 i.
1509 2689 1560 2717 29.
1583 2691 1614 2715 et
1629 2685 1694 2716 una

961 2742 1055 2782 opera
1084 2746 1226 2771 mentem
1257 2739 1330 2770 Cari
1351 2737 1519 2768 illustrabit
1549 2737 1691 2777 egregie:

964 2797 986 2811 “
1005 2792 1100 2828 Quod
1122 2801 1197 2821 cum
1226 2790 1271 2820 ita
1299 2790 1350 2828 sit,
1373 2795 1456 2820 certe
1479 2799 1537 2819 nec
1559 2787 1693 2826 secerni,

966 2848 988 2864 “
1005 2854 1063 2875 nec
1089 2842 1198 2882 dividi,
1222 2852 1280 2873 nec
1301 2842 1447 2883 discerpi,
1477 2851 1536 2872 nec
1560 2839 1693 2871 distrahi

967 2900 989 2916 “
1003 2902 1107 2937 potest
1136 2895 1308 2938 (animus).:
1348 2904 1407 2926 nec
1429 2894 1556 2926 interire
1584 2891 1691 2933 igitur.
