1894 3253
661 250 896 299 LIBER
938 247 1251 297 PRIMUS.

237 392 318 428 685
352 385 524 436 Verum,
547 392 593 427 ut
611 385 775 440 opinor,
808 384 864 424 ita
884 391 957 424 est:

1624 260 1713 300 123

990 390 1085 423 sunt
1103 381 1296 437 quaedam
1318 396 1506 438 corpora,
1528 397 1705 439 quorum

355 461 605 509 Concursus,
627 467 777 508 motus,
799 457 920 507 ordo,
941 457 1140 511 positura,
1163 456 1325 513 figurae,

355 535 563 576 Ecficiunt
581 534 726 591 igneis,
749 540 989 586 mutatoque
1009 530 1155 571 ordine
1175 539 1340 572 mutant

357 610 574 651 Naturam:
606 622 741 663 neque
760 614 855 647 sunt
875 605 961 662 igni
982 604 1172 654 similata,
1194 619 1328 660 neque
1349 606 1442 647 ullae

356 683 563 724 Praeterea
582 683 656 731 rei,
688 695 781 737 quae
802 694 977 734 corpora
996 679 1158 719 mittere
1178 679 1307 733 possit

242 763 325 800 690
358 757 566 807 Sensibus,
589 764 630 797 et
649 763 811 796 nostros
831 754 992 809 adjectu
1016 762 1186 810 tangere
1206 761 1352 794 tactus.

411 832 565 873 Dicere
584 845 710 886 porro
730 830 870 887 ignem
890 844 953 870 res
974 828 1131 869 omneis
1153 843 1252 878 esse,
1276 842 1410 883 neque
1429 828 1554 869 ullam

354 907 462 948 Rem
483 920 621 947 veram
641 906 685 945 in
705 919 879 946 numero
900 917 1039 944 rerum
1055 909 1257 952 constare,
1280 903 1359 943 nisi
1380 902 1535 959 ignem,

212 1062 360 1094 lectiones
374 1061 494 1092 idoneis
511 1061 689 1091 auctoribus
711 1060 942 1096 suffulciantur‚

213 1122 245 1146 et
259 1114 550 1146 commodissimum
568 1124 695 1144 sensum
710 1115 876 1153 praebeant.

257 1167 331 1197 Ver.
352 1171 422 1198 692.
445 1178 548 1197 rerum
564 1168 643 1196 nisi:
672 1165 711 1195 V.
727 1165 773 1196 ed.
790 1177 853 1196 rem
870 1176 923 1195 nec
932 1181 942 1201 ;

216 1226 258 1251 11.
274 1229 378 1259 neque.

259 1270 340 1301 Ibid.
380 1272 456 1300 Rem
485 1279 596 1300 veram.
634 1267 736 1308 Lego:
779 1269 826 1298 Re
857 1266 944 1304 verri,-

212 1321 390 1353 certissime.
437 1322 661 1351 Bzxumus.

213 1373 314 1404 Nobis
339 1373 435 1402 etiam
464 1377 594 1410 receptae
620 1370 762 1400 lectionis
786 1370 946 1400 scabrities

213 1435 279 1455 non
300 1424 434 1454 omnino
459 1423 574 1463 placet;
605 1422 660 1452 sed
683 1421 722 1452 de
747 1423 807 1452 hoc
831 1432 945 1462 genere

213 1476 370 1518 quaedam,
397 1481 434 1506 ut
458 1475 536 1505 alias
560 1474 757 1512 monuimus,
781 1473 864 1504 aetati
879 1474 945 1503 Lu—

214 1529 361 1559 cretianae
375 1527 576 1558 concedenda
598 1533 681 1563 sunt,
709 1537 810 1567 neque
830 1533 947 1556 temere

215 1582 257 1612 ad
268 1581 504 1611 emendationes
514 1579 738 1620 conjecturales
748 1579 945 1620 fugiendum.

218 1633 301 1664 Inde
316 1638 373 1670 est,
394 1632 478 1672 quod
493 1631 692 1672 sagacissimo
705 1631 772 1661 viro
786 1632 948 1662 dissentire

217 1695 284 1716 non
299 1686 527 1715 erubescamus.

261 1737 334 1767 Ver.
362 1740 434 1768 693.
464 1735 556 1766 hicc’:
582 1736 617 1765 P.
643 1742 686 1766 Π,
709 1737 948 1775 hoc.—-perdeli-

215 1800 304 1819 rum:
322 1789 365 1818 V.
381 1788 429 1818 ed.
446 1789 483 1818 Β.
501 1793 536 1818 Δ.
547 1789 737 1826 perdelirus,⁸
767 1794 808 1817 Π.
823 1789 949 1817 delirus.

218 1840 313 1870 Forte
329 1849 369 1868 an
385 1838 508 1868 dederit
531 1844 647 1876 noster,
666 1848 722 1876 pro
739 1840 900 1877 perdelirst
917 1838 950 1867 in

217 1889 306 1920 libris
322 1889 420 1920 MSS.

544 1938 662 1971 perdeliri
673 1945 728 1964 esse
741 1939 857 1963 videtur.

224 1989 306 2020 Vide
321 1995 430 2019 tamen
445 1999 505 2019 ver.
523 1993 593 2020 699.

264 2041 345 2071 Ibid.
361 2041 452 2072 hicc‘:
478 2041 497 2071 i.
513 2051 540 2072 e.
563 2043 663 2077 hicce,·
696 2047 731 2071 ut
753 2040 953 2070 scribendum

218 2098 376 2132 putamus,
392 2098 423 2122 et
438 2092 529 2122 edere
544 2092 723 2130 statuimus,
742 2092 953 2122 auscultantes

219 2145 393 2182 Fusciano,
416 2145 469 2174 lib.
494 2144 546 2174 xii.
576 2155 607 2184 p.
634 2148 705 2176 948.
733 2147 755 2162 “
774 2145 814 2174 Ce
829 2155 952 2185 quoque

221 2200 244 2215 “
261 2196 400 2226 solebant
426 2206 480 2234 per
505 2206 614 2225 omnes
640 2205 728 2225 casus
752 2196 951 2225 vetustissimi

218 2251 242 2266 “
261 2247 374 2277 addere
396 2246 612 2277 articularibus
633 2247 682 2276 vel
702 2246 952 2277 demonstrativis

224 2303 246 2317 “
263 2299 511 2338 pronominibus,
536 2299 596 2328 hoc
620 2304 676 2336 est,
706 2299 744 2328 ab
766 2298 951 2337 aspiratione

223 2354 246 2369 “
261 2351 494 2389 incipientibus3
527 2357 564 2380 ut
584 2353 680 2388 hicce,
709 2353 817 2388 haecce,
843 2353 930 2381 hocce
938 2365 948 2381 .-

223 2405 247 2420 “
263 2401 349 2431 unde
367 2404 433 2439 lzoc,
455 2402 544 2442 quasi
565 2401 688 2432 duabus
710 2402 953 2432 consonantibus

224 2457 247 2472 “
263 2464 296 2484 cc
311 2453 521 2493 sequentibus,
538 2454 639 2484 solent
653 2454 752 2493 po'etae
766 2454 951 2493 producere;

226 2508 249 2523 “
264 2510 312 2542 ut,

256 2566 276 2579 “
288 2566 352 2589 Hocc
361 2568 430 2594 erat,
440 2564 510 2589 alma
521 2571 625 2597 parens,
637 2565 710 2596 quod
721 2572 766 2590 me
775 2572 822 2597 per
832 2565 896 2596 tela,
907 2573 955 2598 per

381 2606 400 2619 ‘⁶
414 2604 491 2636 ignis,

259 2647 279 2660 “
290 2645 386 2677 Eripis:

582 2676 669 2716 Virg.
687 2677 762 2707 AEn.
777 2677 809 2708 ii.
827 2682 898 2709 662.

225 2733 248 2749 “
265 2735 296 2760 et
309 2730 354 2760 sic
370 2729 404 2759 in
425 2728 647 2770 antiquissimis
661 2728 819 2759 codicibus
833 2730 953 2760 inveni-

222 2784 247 2800 “
262 2788 314 2812 tur
342 2782 389 2812 bis
419 2793 434 2812 c
463 2781 646 2820 scriptum.''
691 2780 788 2811 Plura
816 2782 956 2812 invenias

225 2847 317 2876 super
345 2837 404 2866 hac
433 2836 603 2877 quaestione
631 2836 666 2865 in
697 2836 955 2866 annotationibus

227 2887 356 2918 Heinsii
370 2887 410 2918 ad
426 2888 582 2918 AEne'idos
596 2893 806 2918 memoratum
820 2898 955 2924 versum,

210 2937 285 2968 ⁴tibi
312 2949 380 2970 rem
402 2939 607 2971 firmatiorem
632 2939 821 2980 exposcenti,
849 2938 955 2975 lector,

987 1058 1118 1089 omnino
1140 1057 1351 1096 consulendis;
1376 1058 1419 1088 ibi
1438 1068 1514 1088 nam
1536 1059 1625 1089 nobis
1648 1069 1715 1090 om-

988 1110 1050 1146 nia,
1079 1120 1149 1150 quae
1172 1109 1305 1140 dicenda
1326 1110 1540 1148 habuerimus,
1568 1117 1719 1150 praerepta

989 1162 1132 1201 reperies.

1034 1213 1114 1243 Ibid.
1144 1215 1351 1252 perdelirum:
1391 1212 1411 1242 i.
1437 1223 1463 1243 e.
1493 1219 1608 1243 rectam
1639 1225 1719 1244 verae

989 1267 1118 1298 rationis
1139 1267 1283 1297 semitam
1302 1267 1396 1308 longe
1419 1268 1661 1308 transgreditur;
1684 1276 1722 1300 ut

987 1321 1091 1358 boves,
1117 1320 1239 1360 quoties
1265 1330 1283 1350 e
1308 1319 1391 1350 recta
1415 1319 1574 1350 sulcorum
1592 1321 1721 1362 regione

988 1373 1170 1412 proterviter
1192 1379 1331 1403 aratrum
1347 1374 1486 1412 rapiunt:
1514 1374 1565 1404 adi
1581 1381 1720 1406 nostram

992 1425 1063 1455 Silv.
1082 1426 1158 1456 Crit.
1183 1425 1221 1455 iv.
1244 1436 1295 1464 pp.
1312 1429 1365 1464 58,
1391 1429 1442 1457 59.
1466 1436 1541 1456 nam
1564 1434 1722 1468 λπραινεσιν

989 1478 1061 1517 ipsi,
1084 1477 1138 1518 qui
1160 1478 1385 1508 derivationem
1408 1485 1616 1518 aucupantur,
1648 1491 1722 1511 cum

990 1529 1159 1569 glossatore
1174 1535 1287 1566 vetere,
1305 1540 1324 1559 a
1342 1530 1454 1560 Graeco
1470 1538 1562 1572 λῆρος,
1578 1531 1648 1561 loco
1665 1532 1725 1562 La-

989 1581 1049 1610 tini
1063 1583 1141 1617 [ἶνας
1165 1580 1204 1610 de
1219 1581 1281 1621 qua
1297 1581 1433 1611 dictione
1455 1587 1486 1611 te
1509 1592 1574 1612 non
1590 1583 1721 1621 poenite-

990 1632 1035 1662 bit
1060 1632 1172 1662 adiisse
1188 1632 1334 1662 Nonium
1360 1633 1394 1662 in
1416 1643 1491 1663 voce
1506 1635 1665 1671 Delirare,
1693 1641 1725 1664 et

993 1685 1107 1715 Isidori
1123 1685 1223 1725 origg.
1238 1695 1267 1715 x.
1285 1687 1343 1715 sub
1358 1685 1447 1715 litera
1461 1688 1508 1716 D:
1534 1696 1607 1715 cum
1625 1687 1722 1716 Colu-

993 1736 1101 1773 mella,
1117 1737 1148 1766 ii.
1162 1741 1192 1766 4.
1206 1740 1236 1766 8.
1261 1737 1349 1766 Hinc
1360 1738 1430 1774 liro,
1445 1739 1532 1774 liror,
1549 1743 1579 1767 et
1592 1739 1724 1778 liraeim,

994 1788 1032 1818 de
1048 1798 1081 1817 re
1096 1787 1210 1817 rustica
1227 1787 1433 1826 scriptoribus.

1038 1839 1111 1869 Ver.
1128 1843 1199 1870 694.
1224 1846 1328 1870 contra
1350 1851 1453 1871 seusus
1475 1842 1512 1871 ab
1527 1843 1679 1873 sensibus:
1705 1842 1724 1873 i.

995 1902 1022 1922 e.
1044 1891 1118 1930 ipsis
1133 1892 1222 1931 quasi
1238 1893 1381 1922 sensibus
1396 1893 1535 1923 abutitur
1557 1894 1597 1924 ad
1611 1894 1724 1924 tollen-

997 1942 1074 1972 dum
1105 1943 1277 1973 eorundem
1309 1954 1461 1974 sensuum
1498 1946 1726 1985 auctoritatem,

997 1993 1073 2024 dum
1093 1994 1255 2024 contendit
1276 2005 1344 2025 rem
1366 1995 1444 2033 fieri,
1469 2005 1534 2025 non
1557 1997 1635 2026 citra
1657 2008 1728 2027 sen-

996 2057 1090 2076 suum
1105 2047 1268 2077 facultates
1279 2048 1522 2088 percipiendam,
1540 2060 1610 2089 quae
1623 2055 1727 2080 tamen

996 2108 1060 2127 non
1086 2098 1226 2128 sensibus
1248 2099 1429 2139 percipitur,
1460 2110 1561 2140 neque
1583 2101 1725 2140 omnino,

995 2155 1031 2180 ut
1045 2150 1179 2190 videtur,
1196 2157 1307 2181 exstat:
1335 2157 1427 2193 atque
1447 2152 1558 2182 eodem
1573 2158 1726 2192 tempore,

995 2214 1033 2233 ex
1048 2204 1187 2243 arbitrio,
1215 2204 1326 2235 iisdem
1342 2205 1492 2241 sensibus,
1518 2205 1579 2235 alia
1594 2206 1726 2245 percipi-

995 2256 1130 2295 entibus,
1147 2257 1242 2287 fidem
1256 2257 1413 2298 denegare
1429 2268 1493 2287 non
1508 2257 1639 2287 dubitat.

1040 2309 1113 2339 Ver.
1142 2313 1215 2340 695.
1255 2312 1352 2340 unde:
1395 2316 1435 2339 Π.
1466 2311 1723 2341 nana—omnia.-

998 2366 1038 2390 Π.
1054 2362 1356 2400 omnia—pendent:
1384 2367 1428 2391 Ω.
1444 2363 1584 2400 perdent.

1039 2411 1112 2441 Ver.
1139 2416 1211 2443 696.
1235 2423 1339 2452 quem:
1374 2411 1411 2441 P.
1431 2411 1525 2442 Vind.
1547 2412 1588 2442 V.
1613 2411 1661 2442 ed.
1688 2412 1727 2443 Β.

999 2462 1038 2492 Ο.
1056 2468 1090 2492 Δ.
1113 2465 1176 2502 qui.

1040 2514 1115 2544 Ver.
1131 2518 1203 2546 698.
1226 2526 1296 2555 quae
1310 2516 1425 2545 nihilo:
1452 2515 1494 2544 sic
1513 2515 1551 2545 G.
1568 2515 1604 2544 L.
1619 2515 1667 2545 M.
1681 2522 1726 2548 Ω.

997 2565 1110 2606 reliqui
1125 2577 1198 2596 cum
1214 2567 1404 2597 editionibus
1419 2577 1508 2596 voces
1529 2567 1730 2606 transpositas

999 2618 1158 2656 exhibent,
1181 2629 1245 2648 non
1260 2619 1413 2658 patienter
1428 2618 1562 2649 ferentes
1578 2632 1611 2650 «το
1632 2622 1730 2651 nihilo

998 2669 1105 2700 locum
1119 2670 1259 2709 spondaei
1285 2670 1426 2708 implere,
1453 2681 1527 2700 cum
1552 2671 1616 2701 veri
1631 2671 1673 2702 sit
1687 2673 1729 2702 si-

999 2720 1172 2750 millimum
1201 2731 1239 2751 ex
1275 2727 1469 2751 vetustorum
1503 2723 1730 2762 exemplarium

998 2781 1162 2810 consensu,
1179 2772 1324 2812 antiquos
1335 2773 1441 2812 po'etas
1454 2773 1541 2804 haud
1555 2773 1645 2804 aliter
1659 2785 1728 2814 pas-

999 2823 1059 2853 sim
1092 2824 1260 2864 scripsisse,
1291 2830 1323 2854 et
1353 2824 1483 2855 lectores
1519 2827 1728 2867 exaequavisse

999 2875 1130 2916 syllabas
1153 2876 1245 2906 celeri
1266 2876 1368 2917 magis
1389 2877 1577 2909 elocutione:
1605 2878 1645 2910 de
1663 2876 1723 2920 quei

999 2938 1033 2958 re
1048 2928 1081 2958 in
1096 2928 1307 2969 superioribus
1320 2928 1441 2960 dictum
1455 2936 1511 2961 est.

959 2997 1011 3027 153
