1894 3253
654 263 888 315 LIBER
941 263 1252 315 PRIMUS.

1604 270 1702 314 '143

349 398 534 441 Tantum
555 399 755 441 elementa
775 408 946 456 queunt,
968 407 1203 455 permutato
1221 397 1367 440 ordine
1388 397 1492 440 solo!

345 474 418 524 At,
443 489 579 515 rerum
600 490 694 530 quae
714 484 808 516 sunt
828 474 1070 530 primordia,
1093 475 1212 529 plura
1231 472 1427 515 adhibere

348 547 541 598 Possunt,
565 548 675 589 unde
695 556 847 604 queant
866 549 991 588 variae
1011 563 1075 589 res
1095 563 1269 603 quaeque
1289 547 1432 589 creari.

233 625 314 661 830

408 622 531 663 Nunc
552 631 592 663 et
614 623 880 678 Anaxagorae
901 630 1130 663 scrutemur
1149 624 1374 675 ἑμοιομεςειων,

347 695 487 744 Quam
510 695 628 737 Graii
649 704 896 746 memorant,
919 710 995 737 nec
1015 695 1154 737 nostra
1176 696 1312 737 dicero
1331 695 1471 753 lingua

348 769 550 811 Concedit
571 770 689 810 nobis
709 771 833 825 patrii
854 771 1052 812 sermonis
1073 779 1245 827 egestas:

347 843 428 885 Sed
451 852 588 884 tamen
610 844 741 899 ipsam
769 859 857 885 rem
877 844 993 886 facile
1013 853 1072 885 est
1093 859 1303 900 exponere
1323 845 1472 895 verbis,

347 917 605 973 Principium
627 933 782 969 rerum,
805 935 929 974 quam
951 919 1050 960 dicit
1071 923 1297 975 ὁμοιομεξεικν·

229 996 312 1032 835
347 991 452 1033 Ossa
472 992 658 1033 videlicet
679 1008 701 1033 e
721 993 910 1047 pauxillis
931 1002 1054 1049 atque
1073 993 1242 1033 minutis

346 1065 533 1117 Ossibus,
557 1067 613 1107 sic
634 1075 673 1107 et
693 1067 745 1107 de
764 1068 954 1122 pauxillis
975 1076 1097 1124 atque
1116 1067 1286 1108 minutis

196 1219 249 1251 od.
267 1221 286 1250 i.
302 1223 332 1251 5.
349 1223 401 1251 24.
417 1226 447 1250 et
466 1223 512 1250 18.
530 1223 546 1252 7
560 1219 571 1252 ?
588 1220 641 1251 sed
668 1221 716 1251 his
732 1231 795 1252 non
812 1222 925 1252 immo-

196 1273 345 1303 rabimur.
391 1272 542 1312 Ejusdem
559 1273 692 1304 Anthol.
714 1274 744 1304 ii.
761 1277 811 1304 45.
831 1278 856 1305 1.
884 1275 927 1304 sic

196 1323 425 1363 rescripserim:

258 1398 334 1421 Honc
346 1403 421 1421 unum
434 1397 575 1428 ploirumei
586 1398 755 1423 consentiunt
768 1400 800 1423 R.

256 1438 296 1461 De
307 1443 362 1461 uno
374 1443 420 1461 ore
431 1439 556 1468 optumam
568 1436 648 1462 fuisse
659 1437 757 1463 viram.

194 1508 239 1539 Et
253 1508 293 1539 ad
308 1508 441 1539 eandem
457 1518 602 1539 normam
617 1510 816 1541 commodius
835 1511 926 1542 casti-

193 1565 286 1600 getur
301 1559 375 1591 ibid.
391 1561 471 1600 epig.
489 1564 560 1591 5262.

352 1641 478 1673 lngeniom
491 1649 563 1666 mors
574 1641 647 1666 nulla
657 1645 752 1667 manet.

194 1715 294 1752 Libri,
320 1718 449 1756 Ingenio
477 1717 575 1756 jacet,
612 1717 661 1747 vel
696 1724 794 1748 vacat.
839 1717 929 1748 Hinc

195 1767 364 1797 certissime
386 1767 534 1797 emendes
553 1769 780 1799 Germanicum
798 1769 928 1808 ibidem,

195 1827 223 1848 v.
239 1821 289 1849 51.
307 1823 334 1849 1.
351 1824 381 1849 et
396 1819 537 1849 conferas
552 1831 622 1860 quae
638 1831 731 1859 supra
745 1822 928 1859 notaverim,

194 1867 237 1898 ad
247 1878 307 1898 ver.
325 1872 395 1900 275.
412 1869 451 1899 de
465 1869 524 1899 isto
539 1870 622 1900 loco:

349 1949 453 1981 Jupiter
464 1953 503 1975 est
514 1950 560 1975 illo
572 1950 657 1976 laetom
669 1959 761 1985 mage.

195 2019 319 2056 Editur,
350 2023 435 2052 laeto:
477 2021 516 2052 de
548 2023 606 2053 hac
636 2031 743 2055 autem
775 2027 928 2058 sermonis

194 2071 362 2112 elegantia,
389 2075 513 2112 Jupiter
529 2081 575 2105 est
595 2077 713 2115 laetum,
741 2087 797 2107 nos
813 2088 926 2109 consu·

193 2122 249 2160 las,
276 2124 402 2154 uberius
417 2125 543 2165 effusos,
576 2128 616 2158 ad
646 2128 717 2159 silv.
736 2130 812 2160 crit.
828 2140 854 2160 v.
876 2141 926 2170 pp.

193 2178 247 2213 21,
265 2179 314 2206 22.
335 2182 366 2206 et
381 2176 465 2207 locos
480 2178 523 2208 ibi
535 2178 721 2220 designatos.
766 2182 877 2221 Porro,
894 2182 928 2212 ni

193 2225 297 2265 fallor,
321 2228 476 2269 hodieque
501 2237 608 2261 manet
623 2232 674 2262 hic
699 2235 867 2274 αρχαὶὶγμος
893 2235 926 2265 in

195 2287 268 2308 voce
283 2281 397 2318 eodem,
414 2281 467 2311 sed
483 2282 558 2312 elisa
578 2283 680 2322 litera,
697 2284 829 2325 qualiter
843 2287 926 2318 voci-

195 2328 254 2358 bus
278 2331 457 2368 compositis
485 2333 624 2365 accidere
649 2336 752 2367 soleat.
808 2338 927 2369 Parum

195 2378 302 2417 refert,
320 2380 405 2411 unde
420 2382 646 2423 deprompseris
659 2387 839 2426 exemplum
845 2401 855 2427 ;
871 2390 925 2420 ad-

196 2430 236 2459 sit
251 2430 347 2470 igitur
362 2442 399 2461 ex
416 2433 516 2472 Livio,
533 2435 552 2465 i.
569 2440 618 2467 50.
637 2442 664 2468 7.
699 2442 721 2456 ‘⁴
738 2439 819 2469 Haee
835 2447 927 2482 atque

196 2484 220 2499 “
237 2482 298 2512 alia
326 2486 426 2514 eodem
465 2486 691 2525 pertinentia:’‘
730 2501 804 2520 nam
836 2493 927 2531 plena

195 2532 292 2563 fuerit
328 2537 526 2573 constructio,
563 2541 604 2568 ad
641 2543 785 2580 eamdem,
821 2542 927 2574 locum

195 2583 321 2620 scilicet,
338 2588 536 2624 pertinentia.
582 2589 665 2620 Haec
680 2598 787 2622 autem
801 2593 840 2623 ad
855 2605 926 2625 eru-

197 2633 337 2665 ditorum
349 2636 507 2676 judicium
523 2638 727 2672 libentissime
738 2643 916 2678 deferimus,

238 2688 313 2720 Ver.
331 2693 402 2721 855.
425 2703 458 2722 e.-
487 2692 582 2724 Vind.
596 2695 636 2725 V.
653 2696 699 2726 ed.
717 2697 753 2727 B.
769 2698 806 2729 L.
824 2699 871 2730 M.
886 2707 926 2732 Π.

197 2744 234 2772 Σ.
251 2747 296 2772 Ω.
318 2744 355 2773 de
361 2758 372 2779 ‚·
397 2749 428 2773 et
443 2750 550 2775 tuetur
566 2746 806 2788 Havercampus
825 2752 926 2783 elisio-

197 2792 289 2823 nibus
304 2796 478 2836 pervagatis
499 2797 624 2837 syllabae
639 2810 689 2836 us;
714 2801 767 2831 sed
783 2803 873 2840 male,
898 2812 929 2836 et

196 2845 355 2884 omnibus,
371 2847 406 2877 ni
420 2848 570 2888 fallimur,
588 2852 737 2891 exemplis
752 2853 927 2889 destitutus.

198 2899 402 2934 —fflauscillim
429 2900 526 2932 Vind.
548 2908 581 2932 Δ.
603 2906 765 2942 pausillis;
789 2912 820 2936 et
844 2908 927 2942 alibi.

200 2945 242 2976 In
256 2957 282 2987 ε,
297 2959 338 2988 ss,
352 2956 383 2982 et
397 2963 426 2989 x,
442 2953 549 2985 scribae
563 2955 680 2996 passim
695 2958 831 2989 turbant.

1015 1221 1095 1252 Ibid.
1127 1223 1198 1253 Ossa
1215 1233 1249 1252 ex
1268 1223 1396 1254 Ossibus.
1433 1223 1571 1256 Pulchre
1585 1226 1634 1257 his
1649 1226 1703 1258 ad.

970 1275 1069 1304 movit
1085 1274 1161 1304 Pius
1177 1274 1362 1314 Virgilium,
1381 1275 1455 1305 AEn.
1471 1275 1509 1305 iv.
1526 1280 1598 1308 625.

1035 1336 1163 1359 Exoriare
1174 1335 1266 1366 aliquis
1277 1335 1372 1360 nostris
1384 1343 1421 1360 ex
1431 1335 1525 1360 ossibus
1537 1337 1618 1362 ultor.

971 1383 1077 1413 Verba
1103 1383 1213 1421 Servii,
1240 1384 1422 1414 memoriter
1445 1385 1569 1416 citantis
1584 1386 1703 1418 Lucre-

971 1436 1062 1473 tium,
1089 1435 1129 1465 ad
1158 1436 1245 1466 hunc
1274 1436 1406 1466 modum
1435 1437 1608 1477 supplenda
1639 1450 1705 1471 esse

966 1486 1192 1527 judicaverim;
1216 1498 1316 1528 quum
1343 1487 1472 1519 solenne
1496 1489 1535 1519 sit
1558 1490 1703 1531 librariis,

971 1539 1093 1578 quoties
1109 1539 1249 1579 ejusdem
1272 1540 1310 1569 sit
1325 1540 1407 1570 vocis
1422 1541 1574 1580 repetitio,
1602 1549 1704 1581 poste.

972 1591 1087 1620 riorem
1102 1590 1261 1628 omittere;
1285 1590 1324 1621 de
1349 1591 1411 1632 qua
1438 1593 1632 1624 aberratione
1658 1596 1704 1624 vi.

974 1640 1049 1671 deas
1075 1642 1258 1672 Bentleium
1281 1642 1321 1673 ad
1348 1644 1461 1675 Horat.
1488 1646 1575 1683 epod.
1603 1656 1629 1676 ν.
1651 1650 1702 1678 98.

972 1697 995 1711 “
1015 1693 1195 1724 Secundum
1214 1695 1448 1735 Anaxagoram,
1471 1697 1525 1736 qui
1547 1697 1703 1729 Homoeo-

974 1748 993 1761 “
1008 1744 1141 1774 merlam
1157 1745 1244 1783 dicit,
1260 1746 1280 1775 i.
1290 1756 1315 1776 e.
1332 1746 1476 1777 omnium
1488 1750 1703 1780 membrorum

973 1798 993 1812 “
1010 1795 1261 1834 similitudmem,
1289 1807 1353 1826 esse
1379 1797 1413 1826 in
1437 1799 1529 1829 rebus
1544 1801 1699 1833 creandis:

973 1852 993 1864 ‘¹
1009 1847 1029 1877 i.
1045 1858 1069 1877 e.
1096 1858 1133 1877 ex
1148 1848 1267 1878 ossibus
1288 1860 1364 1886 ossa,
1392 1859 1429 1880 ex
1454 1852 1607 1892 sanguine
1629 1864 1702 1884 san-

973 1903 993 1916 ‘¹
1005 1901 1143 1938 guinem,
1178 1910 1215 1929 ex
1244 1901 1392 1931 medullis
1420 1905 1586 1934 medullas:
1626 1915 1702 1936 nam

973 1953 993 1967 “
1010 1950 1118 1979 omnia
1143 1961 1200 1989 pro
1225 1957 1312 1990 parte
1328 1952 1376 1982 sui
1400 1959 1562 1985 transeunt
1581 1956 1614 1985 in
1629 1966 1701 1996 pro-

973 2006 993 2018 “
1008 2001 1206 2032 creationem.
1250 2003 1429 2034 Lucretius:

1003 2061 1022 2073 ‘⁸
1035 2061 1112 2085 Nunc
1128 2059 1163 2084 ad
1177 2061 1349 2093 Anaxagorae
1368 2062 1509 2087 veniamus
1525 2065 1703 2091 Homoeome-

1158 2101 1177 2114 “
1189 2099 1287 2125 riam.”

1015 2161 1095 2193 Ibid.
1106 2166 1274 2203 pauoeillis:
1299 2164 1388 2196 valde
1404 2167 1522 2206 paucis,
1542 2167 1562 2198 i.
1577 2178 1603 2199 e.
1629 2179 1700 2208 par-

970 2214 1114 2245 vissimis:
1141 2215 1211 2246 vide
1226 2216 1266 2246 ad
1281 2227 1342 2247 ver.
1358 2221 1430 2249 457.

1014 2265 1088 2297 Ver.
1106 2270 1177 2298 836.
1199 2269 1244 2298 sic
1257 2274 1302 2298 et:
1333 2268 1372 2298 G.
1389 2268 1424 2298 L.
1444 2268 1491 2298 M.
1519 2273 1555 2298 Δ.
1580 2271 1631 2300 Ιιὶε
1652 2276 1698 2308 εἰς

970 2317 1067 2348 Vind.
1084 2317 1121 2349 P.
1139 2325 1180 2349 Π.
1197 2323 1231 2350 Σ.
1246 2325 1273 2350 et
1288 2321 1342 2350 sic.

1012 2369 1087 2399 Ver.
1102 2373 1175 2400 857.
1197 2381 1354 2410 sanguen:
1380 2371 1424 2402 sic
1438 2371 1640 2412 antiquiores,
1664 2379 1701 2404 ut

971 2419 1100 2458 Accius,
1118 2421 1256 2460 Ennius,
1273 2428 1303 2452 et
1319 2422 1430 2459 Varro,
1455 2423 1539 2461 apud
1556 2423 1701 2454 Nonium

970 2471 1004 2500 in
1020 2481 1103 2509 voce,
1130 2473 1183 2513 qui
1198 2479 1299 2512 potest
1324 2474 1457 2512 consuli;
1489 2481 1581 2515 atque
1605 2476 1699 2508 etiam

974 2523 1052 2554 Cato
1067 2524 1151 2563 apud
1169 2525 1322 2564 Gellium,
1343 2526 1385 2556 iii.
1404 2529 1431 2557 7.
1455 2527 1505 2556 Ex
1521 2528 1700 2559 recentiori.

971 2575 1041 2613 bus,
1066 2586 1140 2606 voce
1157 2588 1231 2607 usus
1257 2584 1301 2607 est
1318 2577 1497 2616 Petronius,
1524 2588 1589 2617 cap.
1606 2582 1702 2611 59.—

974 2629 995 2643 “
1010 2636 1100 2665 parce
1129 2628 1375 2658 adolescentulo:
1402 2640 1539 2668 sanguen
1565 2630 1612 2660 illi
1637 2631 1699 2662 fer-

972 2681 995 2696 “
1009 2680 1098 2709 vet:”
1143 2681 1197 2711 ubi
1234 2681 1339 2711 videas
1373 2682 1612 2721 Burmannum;
1657 2691 1700 2723 et,

971 2739 1066 2769 quem
1083 2732 1230 2761 Bar-thius
1251 2732 1358 2762 laudat
1381 2733 1422 2762 ad
1450 2733 1525 2764 Stat.
1542 2735 1639 2766 Theb.
1659 2736 1698 2767 ἰν.

972 2784 1043 2811 464.
1089 2782 1233 2813 Hilarius
1255 2783 1289 2813 in
1313 2794 1384 2824 gen.
1411 2795 1472 2816 ver.
1503 2789 1571 2818 159.
1596 2786 1641 2817 sic
1666 2798 1699 2818 e-

971 2834 1181 2866 mendandus:

972 2894 1038 2917 Haec
1049 2893 1097 2918 soli
1107 2901 1231 2920 concessa
1242 2895 1358 2921 homini:
1378 2904 1440 2923 nam
1453 2903 1554 2924 caetera
1565 2903 1675 2924 mutum

973 2935 1004 2957 Et
1015 2941 1096 2965 pecus
1107 2935 1223 2960 obtinuit
1230 2945 1238 2967 3
1256 2940 1391 2968 ventrem,
1407 2940 1566 2970 praecordia,
1578 2947 1684 2968 nervos,

973 2973 1108 2998 Venarum
1121 2975 1202 3005 rivos,
1213 2979 1240 3002 et
1251 2983 1370 3009 sparsum
1381 2985 1494 3011 corpore
1504 2986 1626 3011 sanguen.
