1894 3253
686 280 920 331 LIBER
969 281 1278 332 PRIMUS.

328 412 402 454 Vis
422 412 543 454 obeat
561 427 640 468 pro
660 413 826 455 textura
848 414 1076 470 quoiusque
1095 421 1269 468 reperta.

328 487 460 529 Haud
481 489 608 546 igitur
627 489 733 530 redit
753 489 806 530 ad
827 489 1002 530 nihilum
1024 505 1086 530 res
1107 489 1202 539 ulla,
1226 487 1297 530 sed
1317 502 1459 530 omnes

211 566 294 602 250
325 562 516 604 Discidio
535 563 710 604 redeunt
730 564 773 603 in
795 577 969 618 corpore
989 564 1189 603 materiai.

384 636 615 687 Postremo,
637 646 812 692 pereunt
832 637 999 688 imbres,
1021 638 1093 678 ubi
1114 653 1183 678 eos
1202 646 1320 692 pater
1341 637 1494 679 AEther

323 709 375 751 In
394 710 598 767 gremium
619 711 760 752 matris
783 711 935 753 Terra'l’
952 712 1240 768 praecipitavit:

174 864 250 896 facit
265 864 465 903 Plutarchus,
487 865 526 896 de
546 865 624 906 plac.
648 865 724 906 phil.
746 866 765 897 i.
783 859 836 897 ⁶24.
865 866 907 897 sic

173 918 338 960 legendus:
361 919 559 959 Ἐμπεδοκλῆς
576 920 613 956 δε,
624 935 674 951 και
692 926 843 963 Επικυρος,
857 935 907 952 και

173 985 300 1010 σαντες,
324 974 378 1004 ὅσοι
403 987 484 1014 μετα
506 979 826 1005 ΣὙΝΑΘΡΟΙΣΜΟΤ
852 989 906 1005 των

173 1029 362 1066 ktquutpoev
376 1038 520 1064 Uwfibflff'bl?
535 1038 731 1065 noclkoaemtdffl,
758 1040 808 1056 καί
831 1039 904 1066 συγ·

173 1088 270 1116 κρίῖξίς
285 1089 337 1115 με,
353 1091 403 1107 xoea
418 1077 562 1119 31oe1p1U213
580 1090 719 1118 Sl3oey8ffl,
736 1091 853 1119 ’γΞνΞΠΞΙς
878 1078 904 1109 δε

171 1140 221 1156 xoet
248 1129 346 1170 φθορᾶς
375 1141 514 1170 ΒΖῧΡΙΜς·
539 1141 557 1159 8
577 1142 637 1171 ’γαρ
664 1143 748 1159 κατα
776 1143 851 1160 WOIOF
876 1131 904 1168 ἒξ

169 1185 361 1217 αλλωωσεως,
388 1194 472 1211 κατα
498 1180 524 1211 δε
553 1193 637 1211 oron»
663 1194 694 1211 εκ
722 1184 904 1222 συναεέροιο-με

168 1243 283 1264 ταυτας
308 1232 440 1272 (γενεσεις
457 1231 567 1271 utique
583 1238 614 1261 et
630 1232 745 1274 φθορας)
766 1236 900 1272 yma-fiat.

167 1281 308 1311 Mirifico
338 1293 413 1312 sane
436 1292 510 1311 cum
537 1288 662 1321 stupore
692 1283 759 1312 haec
790 1283 902 1313 ultima

167 1332 303 1363 reddidit
315 1333 482 1372 interpres;
505 1343 576 1373 quae
591 1333 665 1371 illis,
687 1333 741 1373 qui
758 1334 900 1364 Lucreti-

165 1395 222 1414 um
246 1385 293 1415 vel
309 1396 328 1415 a
350 1385 460 1415 limine
475 1385 688 1424 salutaverint,
716 1386 759 1416 ita
775 1397 900 1418 necesse

165 1439 211 1466 e‘st
236 1436 299 1466 sint
313 1436 418 1476 plana,
447 1443 483 1467 ut
506 1447 557 1467 me
581 1437 698 1476 pudeat
714 1438 829 1469 Latine
845 1439 898 1470 de-

165 1486 290 1518 clai-are.

163 1538 230 1569 Hic
245 1545 352 1569 autem
366 1539 464 1578 locus,
488 1540 522 1570 in
538 1551 601 1581 quo
616 1551 786 1580 versamur,
811 1542 898 1573 locu-

162 1589 353 1629 pletissimus
379 1597 426 1621 est
456 1598 656 1622 venustatum
686 1594 894 1632 poeticarum:

163 1648 206 1680 et,
244 1643 308 1673 sive
336 1644 505 1673 sententias
542 1650 671 1683 spectes,
711 1645 830 1685 lepidas
862 1646 896 1676 in

161 1693 289 1733 primis;
314 1694 376 1724 sive
389 1695 542 1725 sermonis
556 1696 682 1736 gratias,
699 1695 793 1737 longe
809 1707 894 1727 com-

162 1746 357 1785 positissimi;
384 1747 447 1777 sive
470 1758 617 1777 versuum
640 1749 895 1784 concinnitatem,

163 1797 276 1837 quibus
291 1798 408 1828 frustra
424 1799 602 1838 quaesiveris
625 1799 778 1839 eliquatos
792 1800 896 1829 molli-

161 1856 215 1883 us;
238 1847 389 1877 artificem
405 1848 545 1887 loquitur
567 1848 674 1878 melon
699 1849 896 1879 Musaeorum

163 1898 518 1929 consummatissimum.

208 1948 290 1978 Ibid.
301 1955 393 1988 pater
404 1952 672 1981 AEtlzer—mzatris
688 1953 809 1982 Terra'i.
844 1952 896 1982 Ita

165 1999 367 2038 Plutarchus,
383 2000 423 2030 de
438 2000 515 2039 plac.
527 2001 602 2040 phil.
615 2002 636 2033 i.
653 2006 681 2033 6.
700 2004 745 2033 Δι’
762 2005 775 2034 o‘
789 2010 896 2045 Πατηρ

160 2065 212 2091 μεν
228 2051 312 2090 εδοξεν
327 2062 424 2086 awross
441 2053 454 2082 <i
475 2060 593 2095 Ουρανος
619 2055 770 2096 ὑπαρχειν,
794 2062 896 2099 Μήτηρ

159 2102 187 2133 δε
202 2104 218 2135 ἧ
236 2109 287 2136 Γη·
305 2116 399 2134 etwas»
415 2103 452 2139 δε,
470 2105 482 2134 o‘
497 2117 548 2144 μεν
565 2111 695 2147 Ουρανος,
715 2112 833 2149 Πατνιρ,
850 2107 895 2138 δια

160 2167 194 2184 ‘1'0
210 2167 264 2189 Τας
282 2168 336 2185 *ΓΜῚ
350 2153 459 2185 §zavan
476 2168 610 2196 snzuoesff
627 2169 800 2198 σπερματων
816 2171 893 2198 §XMV

160 2208 250 2245 ταξιν·
274 2208 290 2240 ἡ
306 2206 332 2238 δε
350 2214 400 2243 rn,
425 2214 540 2251 Mm'ne,
559 2207 604 2240 δια
621 2222 654 2240 το
670 2209 802 2250 δεχεσθαι
819 2224 891 2242 ταυ-

160 2271 212 2295 ‘a’
236 2271 286 2288 xm
303 2271 419 2289 ’ΥΙκΤίΙνι

158 2307 436 2339 Nobilissimorum
461 2310 605 2341 RIaronis
633 2321 793 2351 versuum,
818 2313 892 2344 hinc

158 2358 429 2400 adumbratorum,
452 2361 500 2391 vel
522 2363 670 2401 puerulos
685 2363 811 2394 credam
827 2370 888 2395 sta-

157 2413 216 2443 tim
230 2413 455 2453 recordaturos,
471 2426 538 2455 geo.
553 2416 584 2447 ii.
601 2420 674 2448 325.

157 2499 233 2522 Tum
245 2500 321 2523 Pater
338 2499 508 2531 omnipotens
524 2499 646 2525 fecundis
657 2502 786 2526 imbribus
797 2502 892 2528 AEther

157 2538 284 2570 eonjugis
298 2539 325 2563 in
337 2539 471 2571 gremium
483 2540 557 2564 laetae
570 2541 717 2571 descendit,
728 2546 755 2566 et
767 2549 860 2568 omnes

155 2579 268 2610 Magnus
280 2579 337 2609 alit,
355 2586 455 2611 magno
467 2580 624 2605 conmixtus
635 2588 756 2613 corpore,
768 2581 849 2607 fetus.

158 2653 246 2689 Quid
276 2664 348 2684 vero
374 2654 431 2684 sibi
457 2655 530 2684 velit
555 2655 606 2684 hic
633 2669 666 2686 ‘ro
694 2659 890 2697 omnipotens,

156 2714 268 2743 parum
285 2705 384 2736 video.
431 2706 682 2736 Rescribendum
700 2707 784 2738 haud
800 2708 889 2740 dubi-

157 2761 259 2787 tanter
273 2756 388 2796 dicam,
406 2764 438 2788 et
452 2758 726 2799 distinguendum:

157 2840 232 2866 Tum
240 2844 326 2873 Pater,
335 2843 493 2876 omniparens
503 2843 624 2870 fecundis
635 2844 773 2874 imbribus,
785 2845 890 2871 AEther:

159 2923 343 2964 Calpurnio,
357 2927 421 2959 viii.
437 2931 488 2961 35.
503 2928 564 2967 vel,
581 2928 607 2959 si
622 2928 724 2966 malis,
742 2929 886 2961 Nemesi-

156 2983 230 3014 ano,
246 2976 414 3010 hortatore:

981 865 1148 898 omniparens
1159 865 1259 896 AEther,
1271 869 1298 891 et
1310 873 1400 891 rerum
1412 873 1501 891 caussa
1511 867 1628 899 liquores,

982 906 1106 937 Corporis
1117 909 1144 930 et
1156 906 1282 938 genetrix
1296 906 1386 936 Tellus,
1397 906 1484 930 vitalis
1496 910 1522 931 et
1535 907 1598 937 Aer,

981 946 1102 977 Accipite
1113 946 1160 970 hos
1175 947 1307 971 calamos:

950 1027 980 1050 et
997 1021 1130 1058 Avieno,
1147 1022 1181 1052 in
1200 1022 1290 1051 Arati
1305 1021 1533 1061 phaenomenis:

949 1106 1148 1137 Eridanumque
1159 1111 1275 1138 patrem,
1293 1110 1361 1132 nutu
1372 1108 1449 1132 lovis
1460 1108 1649 1140 omniparentis.

946 1147 1023 1171 Astra
1040 1151 1209 1178 receperunt.

946 1221 997 1251 Ex
1012 1221 1067 1251 illo
1082 1221 1170 1251 fonte
1188 1221 1367 1252 Columella
1381 1222 1504 1261 biberit,
1521 1233 1550 1253 x,
1564 1227 1636 1254 204.

945 1306 1081 1330 Maximus
1091 1306 1147 1338 ipse
1158 1306 1253 1336 deum,
1265 1307 1351 1338 posito
1360 1308 1416 1338 jam
1429 1307 1554 1338 fulmine,
1566 1307 1651 1333 fallax

945 1348 1110 1372 Acrisioneos
1121 1352 1225 1373 veteres
1241 1349 1365 1373 imitatur
1376 1356 1490 1379 amores,

944 1389 1028 1419 Inque
1038 1389 1109 1413 sinus
1120 1390 1211 1414 Matris
1224 1389 1342 1415 violento
1354 1390 1457 1421 depluit
1468 1390 1569 1415 imbre:

944 1463 997 1494 ubi
1025 1464 1171 1494 nonnulli
1196 1464 1280 1503 libri,
1305 1467 1422 1506 dzsszcz't.
1468 1466 1590 1496 Eadem
1617 1477 1677 1498 vox

943 1515 1035 1546 debet
1065 1516 1168 1546 eidem
1198 1517 1308 1547 cedere
1334 1517 1368 1547 in
1396 1517 1512 1548 Avieni
1539 1518 1675 1555 Arateis,

943 1577 1005 1597 ver.
1024 1570 1113 1599 1595.

972 1652 1102 1677 Omnibus
1112 1653 1151 1677 his
1162 1653 1241 1686 signis
1252 1654 1278 1677 in
1291 1653 1391 1679 tei-ram
1403 1654 1499 1686 depluit
1509 1654 1596 1680 imber

969 1699 1114 1724 Plurimus:

940 1780 976 1804 ut
992 1774 1198 1813 Prudentius,
1215 1776 1348 1805 cathem.
1364 1775 1408 1806 iii.
1426 1779 1475 1806 78.

1032 1860 1119 1883 Arbor
1130 1866 1206 1889 onus,
1217 1860 1388 1889 tremefacta,
1405 1867 1484 1885 suum

1032 1899 1153 1924 Deciduo
1164 1900 1251 1932 gravis
1263 1900 1339 1924 imbre
1347 1901 1425 1932 pluit.

940 1982 1050 2013 Addas
1064 1983 1136 2013 licet
1151 1984 1326 2022 Avianum,
1342 1984 1402 2015 fab.
1415 1984 1457 2016 iv.
1474 1995 1535 2017 ver.
1553 1990 1584 2018 8.

969 2067 1100 2098 Protinus,
1111 2069 1239 2100 impulsus
1250 2069 1347 2100 ventis,
1356 2071 1539 2096 circumtonat
1549 2072 1655 2104 AEffler,

1001 2117 1033 2140 Et
1044 2116 1146 2148 gelidus
1156 2117 1251 2141 nimias
1262 2116 1357 2149 depluit
1368 2117 1445 2142 imber
1455 2125 1552 2149 aquas:

935 2191 990 2221 ubi
1006 2197 1088 2222 recte
1101 2194 1241 2232 depluere
1256 2195 1412 2234 lacrymas
1431 2193 1464 2223 in
1480 2194 1621 2234 Propert.
1637 2197 1670 2227 ii.

939 2245 986 2273 16.
1004 2246 1031 2274 7.
1083 2243 1330 2284 Cannegieterus
1353 2245 1470 2275 asserit.
1516 2246 1560 2276 Et
1581 2247 1669 2277 locu-

901 2316 905 2319 .
935 2293 1030 2323 tionis
1044 2293 1218 2324 similitudo
1234 2295 1315 2324 mihi
1337 2296 1370 2325 in
1392 2302 1532 2327 mentem
1547 2305 1671 2330 revocat

934 2345 1168 2386 perelegantem
1193 2346 1299 2377 locum
1316 2348 1427 2385 Plinii,
1454 2349 1518 2378 leni
1536 2350 1668 2391 castiga-

932 2397 1018 2427 tione
1034 2397 1167 2428 literulae
1182 2399 1341 2438 appositae,
1369 2407 1405 2430 ut
1425 2400 1568 2439 arbitror,
1595 2404 1668 2433 sub-

932 2448 1112 2485 levandum,
1139 2455 1202 2480 nat.
1230 2450 1299 2481 hist.
1325 2461 1353 2481 Χ.
1379 2454 1429 2482 54.
1485 2454 1506 2469 “
1525 2452 1625 2483 Sucus
1650 2464 1669 2484 e

936 2503 959 2518 “
975 2499 1068 2541 plaga
1094 2507 1213 2540 manat,
1238 2512 1332 2542 quem
1359 2501 1596 2540 opobalsamum
1614 2514 1669 2535 vo-

936 2555 958 2571 ‘⁴
974 2559 1060 2591 cant;
1084 2554 1245 2584 suavitatis
1260 2555 1395 2591 eximiae,
1419 2554 1472 2583 sed
1489 2556 1577 2585 tenui
1593 2563 1667 2597 gut-

935 2609 957 2623 “
973 2605 1006 2635 ta
1023 2608 1165 2645 ploratus
1172 2607 1207 2637 .-”
1231 2608 1250 2637 i.
1267 2618 1293 2638 e.
1306 2606 1470 2637 lacrimula
1484 2607 1665 2642 destinatus.

933 2657 1023 2688 Libri
1038 2657 1126 2696 dant,
1143 2661 1246 2698 plorat
1251 2670 1279 2689 ic.

934 2708 1066 2738 Terram
1081 2710 1125 2739 sic
1153 2709 1324 2750 alloquitur
1347 2709 1380 2739 in
1396 2711 1524 2750 hymnis
1539 2712 1665 2744 Home-

933 2770 1005 2789 rus:

957 2851 1050 2887 Χαιρε,
1067 2846 1140 2876 θεων
1154 2859 1259 2888 μήτηρ,
1280 2848 1373 2888 αλοχ’
1391 2860 1473 2890 epm&
1484 2861 1654 2891 αςεραεντος.

932 2930 1073 2961 Accedat
1109 2932 1203 2963 etiam
1240 2933 1403 2973 Euripidis
1438 2934 1664 2975 fragmentum,

931 2984 1030 3022 po'e'tis
1054 2990 1085 3015 et
1105 2986 1239 3026 physicis
1254 2987 1394 3028 antiquis
1418 2987 1534 3028 passim
1556 2988 1664 3021 lauda-

888 3044 953 3074 Et?
