1894 3253
126 273 221 318 146

637 265 697 314 T.
739 260 1126 313 LUCRETII

270 400 381 443 Nam
402 399 501 456 quid
520 398 564 437 in
585 396 783 452 obpressu
802 397 937 438 valido
957 396 1124 438 durabit
1143 409 1303 446 eorum,

267 476 329 517 Ut
348 481 523 515 mortem
545 471 737 528 effugiat,
759 471 828 512 leti
849 471 923 512 sub
944 471 1136 512 dentibus
1155 469 1277 526 ipsis?

267 547 404 606 Ignis?
449 561 502 587 an
533 545 709 587 humor?
763 561 816 587 an
852 545 975 587 aura?
1007 545 1107 602 quid
1141 543 1315 586 horum?
1348 542 1512 601 sanguis
1545 540 1622 584 an?

386 636 495 663 anne
515 620 583 662 os?

269 696 399 746 Nihil,
422 703 469 738 ut
490 696 657 750 opinor3
691 695 762 736 ubi
783 710 834 736 ex
856 710 976 751 aequo
997 710 1060 735 res
1080 694 1264 736 funditus
1287 694 1420 735 omnis

156 776 237 813 855
270 772 379 812 Tam
399 769 584 811 mortalis
605 770 695 820 erit,
719 785 843 826 quam
864 785 957 826 quae
978 769 1191 811 manifesta
1210 769 1395 810 videmus

266 845 336 887 Ex
357 844 483 886 oculis
503 845 668 894 nostris,
693 844 830 901 aliqua
851 845 890 885 vi
912 845 1065 895 functa,
1089 846 1238 899 perire.

268 920 328 961 At
347 934 481 975 neque
501 918 683 960 recidere
703 919 756 959 ad
776 918 951 959 nihilum
972 934 1035 959 res
1055 933 1188 972 posse,
1211 933 1344 973 neque
1364 925 1500 959 autem

268 994 463 1035 Crescere
483 993 535 1034 de
555 993 704 1043 nihilo,
727 1001 854 1034 testor
875 1008 938 1033 res
959 1001 1054 1033 ante
1074 991 1278 1048 probatas.

124 1153 201 1183 1551
228 1155 320 1190 atque
346 1151 436 1179 1647.
460 1154 600 1179 nostram
623 1148 705 1178 viam
735 1148 854 1188 priores

124 1202 259 1233 inivisse.
305 1201 349 1231 Et
363 1200 486 1230 sanein
509 1199 638 1239 proclivi
659 1200 783 1240 jacebat
806 1210 854 1229 er-

121 1264 172 1284 ror
208 1252 353 1290 librariis,
396 1262 469 1282 cum
505 1251 641 1281 duarum
680 1251 854 1281 dictionum

122 1305 275 1335 similium
290 1315 332 1334 an
349 1309 380 1333 et
390 1314 470 1333 anne
485 1312 654 1333 concursus
667 1302 768 1333 fieret:
784 1302 855 1333 vide

123 1357 164 1388 ad
179 1366 240 1386 ver.
257 1358 330 1387 855.

163 1408 237 1438 Ver.
255 1411 327 1439 854.
349 1408 418 1438 ubi.-
447 1407 485 1437 B.
513 1408 718 1447 ibi.--cequo:
743 1406 780 1437 L.
811 1418 854 1438 α]-

123 1472 198 1502 quor
205 1476 216 1497 ;
243 1467 283 1490 Π.
301 1471 366 1499 quo.

163 1514 239 1543 Ver.
256 1516 329 1543 856.
344 1511 471 1553 functa.
518 1511 568 1540 Sic
584 1510 690 1541 locum
706 1521 772 1540 suae
789 1510 854 1540 sin-

123 1564 242 1595 ceritati
258 1563 453 1593 restituimus
469 1573 505 1592 ex
523 1563 660 1602 ingenio.
707 1563 770 1592 Pro
786 1563 855 1592 vul-

123 1615 250 1656 garium
267 1614 441 1644 editionum
458 1616 548 1649 victa,
572 1613 669 1643 Vind.
685 1614 726 1643 V.
751 1613 797 1643 ed.
816 1614 854 1643 B.

126 1668 165 1697 O.
184 1672 217 1697 A.
239 1672 278 1696 Π.
298 1670 332 1696 Σ.
356 1665 432 1694 dant
447 1670 575 1700 cuncta;
593 1664 678 1694 unde
690 1664 858 1694 lectionem

124 1727 265 1748 nostram
281 1727 371 1756 parce
387 1715 540 1746 detortam
562 1715 782 1746 derivaximus:
812 1722 856 1746 Ω.

123 1772 256 1805 invicta;
281 1768 419 1808 repetitis
434 1768 550 1798 scilicet
576 1767 740 1797 literarum
755 1767 856 1798 ducti-

122 1823 182 1853 bus
196 1823 280 1852 vocis
295 1821 471 1860 praeeuntis.
518 1821 580 1850 Pro
606 1822 636 1851 vi
651 1820 798 1860 denique,
817 1826 856 1850 Π.

124 1874 177 1904 dat
192 1876 235 1904 in.
267 1873 395 1913 Reliqui
411 1872 543 1908 codices,
561 1872 586 1902 si
602 1872 765 1902 nobiscum
780 1871 856 1901 fide-

121 1925 192 1955 liter
207 1925 369 1955 collatores
383 1925 515 1964 egerint,
531 1927 562 1955 vi
578 1926 655 1956 victa
666 1939 675 1955 :
701 1935 764 1964 quo
780 1925 858 1954 ratio

124 1983 231 2006 nostra
246 1976 340 2015 longe
356 1982 403 2005 est
419 1975 610 2016 exquisitior,
623 1982 654 2005 et
666 1975 745 2005 mori
755 1976 856 2016 magis

125 2026 228 2057 affinis
242 2026 440 2056 Lucretiano.
486 2026 612 2064 Noster,
628 2026 671 2056 iii.
687 2029 761 2057 814.

155 2108 296 2140 Plagarum
308 2107 370 2139 quia
381 2110 444 2131 sunt
455 2107 594 2138 expertia3
612 2107 649 2131 sic
660 2110 691 2131 ut
702 2107 780 2131 inane
791 2110 841 2136 est,

155 2147 236 2180 Quod
253 2151 345 2171 manet
356 2147 503 2176 intactum,
523 2153 611 2177 neque
622 2146 654 2170 ab
666 2146 722 2170 ictu
731 2145 858 2177 fungitur

251 2186 336 2211 hilum
346 2194 353 2210 :

122 2263 154 2288 et
168 2258 242 2288 alibi
256 2258 394 2298 repetitis
411 2257 539 2288 vicibus.
586 2256 715 2295 Statius,
740 2256 807 2287 silv.
826 2255 858 2287 ii.

130 2313 156 2341 1.
174 2314 247 2342 209.

632 2382 724 2407 omnia
727 2381 836 2413 functa,

156 2424 211 2448 Aut
223 2424 365 2454 moritura,
377 2423 459 2448 vides.

131 2485 282 2517 Conferas
311 2486 449 2517 eundem
477 2486 518 2516 ad
541 2485 639 2516 Theb.
662 2485 705 2516 iii.
733 2488 802 2515 143.
828 2490 859 2515 et

128 2547 271 2570 nostrum
291 2549 393 2578 supra,
409 2548 469 2568 ver.
487 2541 558 2568 444.

127 2590 298 2631 Eleganter
315 2590 487 2627 Arnobius‚
503 2589 553 2619 lib.
570 2588 601 2619 ii.
614 2599 642 2628 p.
657 2592 706 2619 62.
722 2587 859 2627 phrasim

128 2642 352 2673 Lucretianam
382 2642 583 2672 aemulatione
609 2638 861 2671 constantissima

129 2692 294 2732 effingens:
317 2697 338 2711 “
355 2693 469 2723 Omnis
481 2693 566 2722 enim
577 2692 679 2731 passio
690 2691 756 2729 leti,
768 2696 861 2731 atque

129 2747 152 2762 “
169 2743 325 2780 interitus,
341 2744 440 2783 janua
455 2751 515 2782 est3
539 2744 578 2774 ad
594 2750 728 2774 mortem
744 2743 862 2773 ducens

130 2798 150 2813 “
166 2793 227 2832 via,
241 2800 272 2824 et
286 2794 498 2825 inevitabilem
515 2797 608 2826 rebus
623 2796 756 2826 afferens
759 2795 862 2836 func-

131 2848 156 2864 “
171 2844 313 2876 tionem.'‘

173 2897 249 2927 Ver.
267 2898 339 2926 857.
364 2897 423 2925 At.-
451 2896 487 2926 B.
516 2898 572 2933 Uc‚·
597 2902 632 2929 Σ.
657 2899 859 2937 Atque.-—re-

131 2949 246 2985 Θὲἀενες
272 2947 318 2978 Μ.
336 2949 504 2978 reccidere:
531 2948 573 2978 V.
588 2947 636 2978 ed.
662 2949 699 2979 B.
723 2948 762 2979 L.
779 2958 860 2979 rece-

899 1151 968 1180 dere
975 1165 986 1185 ;
1011 1149 1063 1179 sed
1078 1149 1111 1179 in
1127 1149 1163 1179 L.
1187 1160 1205 1179 a
1220 1147 1321 1188 primii
1343 1157 1454 1187 manu,
1479 1149 1627 1187 recidere,

898 1208 974 1232 teste
992 1203 1219 1241 Havercampo.

944 1253 1026 1283 Ibid.
1049 1260 1166 1284 autem:
1194 1253 1213 1283 i.
1230 1264 1255 1283 e.
1272 1258 1390 1291 contra,
1409 1267 1454 1289 av,
1472 1255 1559 1289 avae,
1576 1265 1628 1286 αν·

900 1317 950 1335 ⁴re:
976 1305 1062 1334 unde
1079 1305 1225 1334 Romana
1240 1315 1308 1334 vox.

944 1356 1016 1386 Ver.
1040 1360 1112 1388 859.
1143 1363 1234 1396 auget
1264 1359 1388 1396 alitque.
1436 1356 1556 1394 Cicero,
1590 1356 1629 1387 de

900 1408 989 1438 amic.
1013 1408 1052 1438 ad
1067 1407 1249 1438 finem:—“
1267 1408 1320 1438 sed
1336 1418 1393 1438 nec
1408 1407 1463 1437 illa
1478 1407 1629 1438 exstincta

901 1463 922 1477 “
939 1466 1023 1498 sunt,
1039 1462 1229 1500 alunturque
1243 1460 1348 1499 potius
1361 1467 1388 1491 ει
1407 1466 1560 1500 augemur
1575 1470 1626 1490 co-

902 1515 921 1529 “
936 1512 1086 1551 gitatione
1102 1518 1132 1542 et
1143 1511 1327 1541 memorizi.’'

942 1565 1017 1594 Ver.
1046 1568 1116 1595 860.
1140 1571 1168 1595 et
1190 1565 1285 1603 prior:
1314 1570 1348 1595 Δ.
1373 1574 1624 1604 ‹za—sanguen:

899 1615 998 1646 Viud.
1016 1616 1052 1646 L.
1071 1616 1118 1646 M.
1141 1618 1286 1656 sanguin.

944 1668 1021 1698 Ver.
1040 1671 1111 1698 861.
1129 1669 1229 1698 Abest
1240 1668 1291 1697 hic
1307 1677 1410 1697 versus
1428 1667 1467 1697 G.
1485 1667 1521 1697 P.
1531 1665 1629 1697 Vind.

902 1719 939 1749 B.
956 1719 992 1749 L.
1010 1720 1057 1750 M.
1075 1725 1109 1750 A.
1127 1724 1161 1750 Σ.
1180 1725 1223 1749 Ω.
1247 1719 1362 1759 legitur
1383 1718 1417 1748 in
1441 1717 1629 1756 Veronensi,

902 1778 933 1802 et
948 1783 985 1803 ex
1002 1773 1115 1802 nostris
1132 1779 1172 1803 11.
1196 1773 1247 1803 Eo
1262 1773 1386 1808 omisso,
1406 1782 1537 1802 mancus
1553 1777 1632 1801 esset

903 1825 997 1861 locus,
1015 1835 1050 1855 ac
1065 1825 1154 1855 nullo
1168 1834 1293 1864 prorsus
1308 1834 1412 1861 sensu,
1430 1829 1460 1853 et
1471 1828 1631 1853 construc-

902 1877 996 1907 tione.
1042 1877 1153 1913 Porro,
1176 1886 1250 1906 voce
1265 1877 1456 1914 alienigenus
1471 1873 1632 1904 multoties

902 1929 950 1958 usi
967 1934 1041 1958 sunt
1056 1927 1206 1958 Valerius
1224 1926 1388 1957 Maximus
1409 1931 1440 1955 et
1461 1925 1500 1955 de
1515 1935 1548 1955 re
1563 1934 1632 1954 rus-

902 1981 963 2010 tica
974 1981 1146 2019 scriptores,
1163 1981 1384 2018 utplienz'gena
1399 1977 1439 2008 ad
1450 1976 1634 2007 substantivi

899 2032 1034 2062 formam
1049 2032 1153 2071 plures
1164 2031 1225 2060 alii.

944 2085 1020 2114 Ver.
1037 2087 1110 2113 862.
1137 2084 1223 2112 Sive:
1244 2082 1284 2110 V.
1301 2080 1348 2110 ed.
1367 2081 1404 2110 B.
1419 2080 1456 2110 L.
1474 2080 1521 2109 M.
1539 2083 1575 2109 A.
1590 2085 1630 2109 Π.

901 2138 1121 2169 Sina—cibos:
1148 2137 1189 2165 V.
1210 2135 1256 2165 ed.
1275 2140 1308 2165 A.
1328 2141 1368 2165 Π.
1388 2135 1628 2164 ciba—dicent.-

904 2197 944 2221 Π.
959 2192 1038 2220 licet.
1084 2189 1127 2219 Et
1141 2188 1274 2227 suspicio
1290 2192 1336 2216 est
1347 2185 1504 2225 pravitatis
1515 2185 1548 2214 in
1564 2197 1631 2215 cor-

896 2253 990 2282 pore,·
1018 2251 1092 2271 nam
1109 2239 1252 2270 scribitur
1268 2238 1301 2268 in
1317 2238 1353 2268 L.
1370 2249 1448 2275 core,
1462 2243 1491 2267 et
1503 2236 1535 2266 in
1548 2247 1632 2266 mar-

903 2295 976 2335 gine
993 2293 1090 2323 Vind.
1107 2303 1191 2322 rore:
1217 2290 1358 2331 quamvis
1372 2300 1436 2319 non
1452 2299 1507 2328 per
1521 2299 1553 2319 se
1569 2288 1633 2319 dis-

903 2346 1015 2385 pliceat
1032 2343 1151 2384 phrasis
1167 2344 1315 2374 commixto
1339 2352 1478 2381 corpore.-
1506 2350 1633 2379 corpore

903 2398 1018 2428 scilicet
1033 2395 1183 2433 miscello,
1201 2401 1231 2424 et
1245 2394 1429 2434 alienigenis
1444 2402 1482 2423 ex
1492 2392 1632 2431 partibus

902 2449 1081 2488 composito.
1127 2446 1293 2487 Virgilius,
1311 2446 1385 2475 AEn.
1407 2444 1459 2474 xii.
1476 2446 1546 2474 855.

1252 2527 1374 2552 conmixti
1385 2530 1484 2560 corpore
1494 2530 1585 2556 tanto,

934 2572 1073 2597 Subsident
1084 2570 1194 2595 Teucri.

948 2636 1036 2666 Verr.
1062 2638 1133 2670 865,
1157 2637 1228 2664 864.
1253 2634 1329 2663 Esse
1351 2639 1395 2663 et:
1421 2631 1460 2662 L.
1492 2631 1631 2661 Esset.—

908 2689 1055 2727 Ossaque:
1082 2687 1120 2716 B.
1138 2685 1177 2716 Ο.
1197 2686 1278 2716 Ossa.

948 2740 1024 2770 Ver.
1036 2742 1109 2769 866.
1127 2743 1293 2778 putentur:
1318 2744 1426 2765 omnes
1444 2731 1527 2769 libri,
1537 2736 1629 2770 pute-

904 2799 972 2828 tur,·
1007 2791 1061 2821 sed
1090 2789 1154 2831 qua
1182 2790 1220 2820 de
1242 2787 1350 2818 caussa
1377 2783 1543 2815 emendare
1565 2792 1630 2812 nou

904 2842 1122 2879 dubitaverim,
1152 2841 1258 2871 statim
1280 2837 1422 2878 liquebit;
1454 2840 1485 2864 et
1513 2837 1631 2863 norunt

905 2905 1025 2931 omues,
1042 2892 1248 2924 mutationem
1263 2888 1369 2918 minus
1382 2886 1549 2916 violentam
1566 2893 1631 2914 non

905 2956 993 2986 posse
1015 2944 1093 2980 fieri,
1118 2952 1217 2984 quum
1240 2940 1329 2971 litera
1351 2950 1372 2969 n
1396 2936 1484 2968 tenui
1506 2941 1630 2967 tantum
