1894 3253
643 295 878 344 LIBER

927 295 1234 345 PRIMUS.
1597 305 1679 343 151

320 429 560 471 Herbarum
582 444 750 485 genera,
773 437 814 470 et
834 427 986 485 fruges,
1009 427 1273 484 frundeisque
1293 427 1437 478 videri,

318 504 563 558 Dispamita,
586 519 633 545 ac
655 504 696 544 in
718 512 870 544 terram
891 502 1051 543 latitare
1071 503 1243 544 minute:

197 582 280 618 890
314 578 545 627 Postremo,
568 578 610 617 in
631 577 751 633 lignis
773 577 952 617 cinerem
968 575 1210 631 fumumque
1232 576 1376 627 videri,

312 652 453 701 Quom
474 651 690 706 praefracta
710 651 860 701 forent,
883 651 1096 707 igneisque
1116 651 1242 692 latere
1263 653 1457 693 minutos.

165 809 188 825 “
203 806 271 837 lum
287 813 332 837 est
344 808 455 838 natura
465 808 608 846 solubile,
620 808 787 839 frumentis
796 808 896 839 maxi-

165 862 188 879 ⁸‘
204 870 256 890 me
288 860 401 891 idonea
431 868 491 891 est:
519 868 550 891 et
580 863 620 892 ob
644 863 725 892 hanc
754 872 898 892 caussam

165 914 188 930 “
204 911 335 949 scilicet;
359 913 442 953 quod
468 923 523 952 per
547 923 579 943 se
602 914 714 943 habeat
728 923 798 943 eam
814 913 897 943 solu-

164 966 187 982 “
202 964 336 1003 tionem,
353 976 447 1006 quam
476 966 572 996 unice
588 966 747 1003 volumus,
764 972 795 996 et
820 966 899 996 nihil

165 1018 188 1034 “
204 1016 301 1052 aliud,
328 1019 438 1048 aratris
459 1018 642 1048 exercendis
657 1018 788 1048 efficere.
836 1019 894 1048 Fe-

168 1069 303 1100 “liciter
331 1071 434 1111 itaque
461 1081 534 1101 cum
559 1071 653 1101 aratri
676 1071 779 1101 officio
805 1077 896 1101 terrae

165 1124 186 1138 ‘⁴
203 1121 294 1151 istius
310 1122 429 1151 indoles
444 1123 636 1162 conspirat.”
683 1123 772 1153 Nihil
795 1123 898 1153 verius

167 1172 224 1202 hac
247 1173 512 1212 interpretatione.
561 1175 712 1205 Conferas
735 1185 805 1214 geo.
819 1174 838 1204 i.
857 1178 898 1205 94

165 1228 281 1255 —1oo.
327 1225 447 1256 Eadem
476 1225 569 1265 opera
600 1226 759 1265 explanari
786 1232 896 1265 potest,

165 1281 259 1316 atquc
282 1288 300 1307 a
325 1277 498 1307 temerariis
524 1278 711 1318 conjecturis
733 1277 896 1314 vindicari,

167 1326 352 1357 Columellae
380 1327 478 1365 locus,
508 1339 536 1359 ν.
564 1333 592 1358 4.
621 1333 648 1359 2.
682 1327 896 1368 Virgilianum

165 1389 289 1409 versum
315 1381 445 1411 nomine
469 1381 639 1412 laudantis:
668 1385 690 1400 “
707 1382 788 1417 Quae
811 1383 894 1423 (pas-

164 1434 185 1449 “
201 1431 327 1471 tinatio)
345 1438 451 1462 tamen
468 1433 534 1472 ipsa
550 1444 630 1473 pene
645 1444 836 1473 supervacua
850 1440 896 1464 est

163 1485 187 1500 “
202 1482 240 1512 iis
254 1482 340 1521 locis,
368 1484 482 1524 quibus
507 1487 601 1516 solam
620 1493 714 1526 putre
740 1492 771 1515 et
792 1496 848 1525 per
862 1496 894 1515 se

163 1537 362 1566 “resolutum
392 1543 451 1572 est,·
486 1549 618 1578 namque
647 1540 701 1569 lzoc
733 1540 894 1569 imitamur

164 1589 185 1604 “
201 1589 330 1623 arando,
358 1594 393 1617 ut
414 1588 458 1618 ait
482 1589 651 1629 Virgilius:
689 1589 774 1630 quod
798 1590 894 1620 etiam

163 1641 186 1657 “
203 1639 427 1678 pastinando:''
452 1640 471 1670 i.
488 1651 513 1670 e.
537 1641 622 1681 quod
644 1642 777 1672 facimus
800 1642 894 1672 etiam

162 1691 363 1731 pastinando:
389 1702 514 1731 nempe,
539 1699 607 1723 tam
637 1694 767 1732 arando,
799 1705 895 1735 quam

162 1743 360 1782 pastinando,
383 1745 576 1783 putrefacere
601 1746 706 1786 glebas
730 1747 889 1777 volumus:

161 1796 417 1834 praestantissima
433 1804 478 1827 est
493 1798 590 1838 igitur
605 1805 686 1829 terra
704 1799 829 1838 proprio
844 1800 892 1829 in-

161 1848 256 1887 genio
271 1847 411 1885 friabilis,
434 1855 465 1878 et
480 1850 672 1887 praeveniens
695 1851 783 1890 quasi
808 1862 893 1881 com-

161 1899 313 1929 moditate
345 1899 401 1930 sua
430 1901 565 1930 naturali
590 1902 710 1932 labores
741 1903 892 1943 agricola·

162 1960 243 1980 rum.

203 2003 278 2033 Ver.
295 2007 366 2034 888.
388 2015 517 2044 genera:
539 2010 574 2036 Δ.
589 2007 887 2049 genam—fruges:

163 2053 358 2094 11-pfrigz'dos.

202 2105 278 2135 Ver.
309 2109 380 2137 889.
420 2108 617 2147 Dixpartita:
654 2109 709 2147 sic,
734 2111 828 2148 probe
857 2117 888 2140 et

157 2157 334 2195 emendate,
359 2163 393 2188 Δ.
412 2165 452 2189 Π.
475 2160 581 2200 vulgo,
598 2162 790 2201 Dispertita:
817 2163 888 2194 vide

157 2209 199 2239 ad
212 2220 275 2239 ver.
297 2213 445 2241 14.—ac:
471 2211 514 2240 sic
530 2217 564 2243 Σ.
590 2212 710 2242 Aldina
724 2216 886 2254 posterior,

157 2265 188 2289 et
202 2261 338 2291 Juntina
353 2262 427 2291 anni
448 2265 543 2299 1512;
562 2263 597 2293 P.
615 2263 713 2294 Vind.
728 2265 768 2295 V.
784 2266 831 2296 ed.
849 2268 885 2298 B.

158 2319 204 2343 Ω.
230 2319 270 2350 et,
293 2314 385 2344 metri
414 2315 535 2355 legibus
560 2319 808 2358 repugnantibus
815 2333 824 2358 ς
851 2328 884 2352 Δ.

158 2369 198 2393 Π.
224 2370 254 2393 et
278 2364 420 2404 vulgares
443 2367 605 2406 editiones,
630 2376 729 2410 atque.
776 2372 885 2403 Nolim

154 2417 273 2448 interea
287 2418 382 2449 lector
399 2421 576 2460 arbitretur,
593 2433 645 2453 me
660 2423 803 2464 ignorare
820 2427 882 2457 La-

155 2469 237 2499 tinos
258 2479 321 2499 non
347 2476 463 2501 temere
486 2472 649 2503 admittere
674 2480 766 2514 atque
792 2487 882 2507 usur-

153 2530 228 2559 pare
245 2535 277 2551 το
293 2532 330 2551 ac
345 2528 418 2551 ante
434 2522 604 2553 dictionem
625 2535 644 2554 a
659 2526 756 2555 vocali
772 2527 882 2567 incipi-

154 2578 278 2609 entem;
295 2572 348 2602 sed
365 2572 415 2602 vix
428 2573 553 2603 credam
564 2574 642 2605 illud
657 2583 748 2616 atque
763 2577 882 2608 decres-

152 2633 222 2654 cere
234 2625 372 2664 potuisse
387 2625 420 2654 in
435 2632 462 2655 et
470 2641 480 2661 ;
507 2626 643 2664 potuisse
658 2635 764 2658 autem
787 2630 820 2659 in
835 2642 882 2667 ac,

152 2675 246 2717 longe
276 2677 454 2708 credibilius
478 2678 611 2709 videtur:
646 2686 677 2709 et
705 2681 883 2721 vulgarium

152 2728 338 2767 scriptorum
353 2729 437 2770 leges
453 2741 517 2760 non
536 2738 609 2761 sunt
624 2731 664 2762 ad
676 2732 800 2764 libitum
815 2735 880 2765 Lu-

150 2779 247 2809 cretio
260 2780 442 2821 irrogandae.

152 2829 263 2867 Porro,
290 2843 400 2863 omnes
422 2834 509 2863 omni
533 2845 660 2874 genere,
690 2836 751 2865 nisi
774 2835 876 2874 fallor,

151 2879 223 2910 libri
237 2885 416 2915 vetustiores
432 2887 547 2916 habent
566 2894 698 2923 terram5
725 2888 810 2928 quod
832 2899 879 2918 re-

150 2931 257 2971 gimen
287 2945 384 2975 quum
414 2948 606 2978 concoquere
637 2950 701 2969 non
724 2940 881 2979 quiverint

152 2983 296 3023 editores,
320 2997 357 3017 ex
377 2990 500 3029 proprio
523 3001 607 3030 penu
635 2991 724 3022 nobis
741 3006 773 3024 τα
788 2995 879 3024 terris

196 3043 284 3074 Vos..
304 3045 329 3076 I.

944 807 1123 838 editionum
1140 819 1270 838 suarum
1285 808 1518 849 deprompsere:
1539 809 1608 841 vide
1619 819 1676 841 nos

941 863 980 893 ad
996 873 1073 893 verr.
1092 867 1164 894 250.
1183 867 1274 894 1081.
1291 870 1322 894 et
1333 863 1416 894 locos
1432 865 1474 894 ibi
1486 871 1678 896 memoratos

942 916 1072 956 hujusce
1087 907 1166 947 libri.
1214 916 1287 946 Non
1312 916 1405 946 aliam
1430 923 1512 947 recte
1534 918 1677 948 retuleris

943 967 983 996 ad
998 967 1154 1007 originem
1170 967 1336 998 lectionem
1355 970 1549 1008 ponebantur
1564 970 1598 999 in
1614 971 1677 1000 hoc

944 1018 1071 1058 Vegetii
1101 1018 1179 1055 loco,
1211 1019 1241 1049 ii.
1276 1023 1394 1050 12.—“
1411 1023 1444 1050 in
1474 1021 1535 1061 ([ιιᾶ
1567 1032 1674 1058 censu,

941 1073 963 1086 “
979 1079 1106 1109 genere,
1123 1069 1233 1109 literis,
1247 1071 1362 1109 formai,
1380 1072 1493 1102 virtute
1508 1073 1674 1112 pollentes,

942 1124 963 1139 ‘⁸
981 1121 1096 1151 milites
1111 1123 1340 1153 mittebantur.’‘
1388 1127 1485 1156 Censu
1501 1136 1585 1164 vero,
1608 1127 1675 1157 vice

940 1185 974 1204 ei·
997 1185 1099 1210 censu,
1131 1185 1170 1204 ne
1194 1177 1331 1206 retrahas
1353 1176 1393 1206 ad
1418 1179 1563 1216 pollentes
1582 1178 1676 1218 juxta

941 1231 1126 1255 caeterorum
1142 1226 1311 1256 nominum
1328 1228 1671 1261 rationem.-—minule:

943 1276 982 1305 V.
999 1276 1046 1306 ed.
1062 1279 1207 1307 minutae:
1235 1288 1298 1307 non
1315 1278 1528 1317 repudiassem
1537 1283 1673 1317 minuta,

941 1326 994 1357 sed
1009 1327 1089 1357 nihil
1104 1327 1207 1358 ausim
1223 1329 1291 1359 sine
1306 1329 1487 1360 auctoribus
1498 1330 1670 1362 demutare.

984 1378 1065 1409 Ibid.
1090 1381 1279 1420 Dispartz'ca.
1334 1381 1492 1412 Animum
1521 1382 1672 1419 advertaS,

939 1429 1045 1466 lector,
1069 1431 1109 1461 ad
1125 1432 1315 1472 adjectivum
1333 1433 1436 1463 neutri
1452 1434 1577 1474 generis
1598 1435 1671 1464 sub-

939 1483 1087 1513 stantivos
1097 1483 1269 1514 femininos
1280 1484 1480 1523 potissimum
1490 1485 1668 1525 respiciens:

939 1534 1008 1564 vide
1023 1546 1093 1576 quae
1109 1536 1321 1567 notaverimus
1335 1537 1375 1567 ad
1390 1547 1451 1568 ver.
1468 1540 1540 1568 867.
1555 1543 1586 1567 et
1602 1537 1671 1568 Ou-

937 1587 1146 1628 dendorpium
1161 1590 1202 1620 ad
1217 1591 1394 1627 Lucanum,
1409 1592 1430 1622 i.
1450 1595 1519 1623 176.

983 1640 1057 1670 Ver.
1074 1644 1147 1672 890.
1161 1641 1308 1683 sumum:
1334 1643 1371 1673 P.
1393 1642 1667 1674 summum—Hic

940 1698 970 1722 et
981 1703 1112 1733 sequens
1128 1704 1235 1724 versus
1249 1695 1364 1724 absunt
1381 1695 1420 1725 G.
1435 1695 1589 1725 Ordinem
1601 1704 1667 1725 ver-

939 1745 1052 1774 borum
1067 1745 1111 1774 sic
1129 1751 1169 1775 11.
1181 1745 1319 1775 invertit:

1248 1822 1357 1854 fumum
1368 1822 1528 1855 cineremque
1537 1823 1631 1848 videri.

982 1882 1056 1911 Ver.
1071 1884 1144 1912 891.
1162 1881 1352 1922 praefracta:
1381 1888 1420 1912 Π.
1432 1882 1600 1923 patefacta.

982 1934 1061 1964 Ibid.
1094 1935 1265 1974 proefivcla
1275 1949 1285 1965 .-

935 1985 1038 2016 fronte
1060 1985 1172 2022 fracta3
1194 1986 1215 2015 i.
1231 1996 1256 2016 e.
1283 1986 1383 2016 frusto
1405 1986 1544 2026 quolibet
1559 1987 1661 2026 dispa-

934 2043 1008 2067 rato.
1057 2037 1200 2073 Ovidius,
1217 2043 1291 2067 met.
1308 2037 1360 2068 xii.
1375 2041 1448 2069 556.

1334 1943 1597 1975 κπακεκλασμενα,
1643 1946 1662 1965 a

1206 2132 1346 2164 solidoque
1356 2133 1574 2165 revellere-fundo

948 2173 1084 2197 Annosam
1096 2174 1189 2204 pinum
1203 2180 1303 2205 magno
1314 2173 1455 2198 molimine
1465 2177 1554 2198 tentat
1565 2182 1571 2198 :

947 2213 1027 2244 Quod
1039 2212 1101 2243 quia
1112 2220 1166 2237 non
1178 2214 1278 2245 potuit,
1295 2213 1460 2245 praefractam
1476 2215 1549 2239 misit
1561 2215 1587 2239 in
1600 2215 1659 2240 hos-

1023 2256 1090 2278 tem.

932 2338 982 2368 Sic
1013 2339 1141 2368 fortasse
1171 2339 1386 2369 rescribendus
1409 2345 1455 2369 est
1480 2339 1537 2369 iste
1561 2339 1658 2372 locus.

931 2391 1014 2421 Mire
1040 2391 1195 2422 fluctuant
1220 2392 1341 2422 codices
1369 2393 1451 2422 inter
1473 2396 1655 2424 dumo—ul-

927 2446 1398 2475 mo-—terra—trzmco—-clivo:
1428 2456 1511 2475 unus
1540 2452 1657 2483 autem,

927 2494 1011 2534 quod
1026 2504 1094 2524 sero
1109 2494 1260 2532 intellexi,
1276 2495 1392 2537 lectum
1408 2497 1534 2534 praebet‚

1241 2570 1384 2601 szmdoque
1394 2570 1508 2596 evellere
1517 2571 1548 2595 ab
1557 2572 1615 2597 imo.

929 2635 991 2665 Sed
1020 2636 1099 2666 illud
1127 2639 1221 2667 solido
1251 2637 1382 2666 omnino
1404 2637 1576 2668 tenendum
1601 2645 1655 2671 est.

930 2686 1101 2725 Arnobius,
1125 2687 1176 2717 lib.
1193 2687 1255 2717 viii.
1278 2698 1308 2726 p.
1333 2691 1405 2718 246.
1432 2692 1454 2706 ‘⁶
1471 2690 1552 2719 trahi
1578 2691 1655 2722 alios

927 2741 949 2755 “
965 2741 1118 2776 cruribus,
1153 2745 1183 2768 et
1213 2739 1396 2776 claudicare,
1429 2741 1653 2782 praesractz's:”

924 2795 959 2818 ut
984 2790 1126 2828 superius
1152 2790 1247 2828 idem,
1273 2791 1324 2820 lib.
1351 2791 1381 2821 ii.
1406 2802 1436 2830 p.
1455 2795 1508 2823 50.
1556 2795 1653 2825 Colu-

921 2841 1028 2878 mella,
1057 2842 1088 2871 ii.
1120 2846 1148 2871 2.
1178 2846 1298 2872 28.—“
1320 2843 1506 2885 praesmctas
1531 2848 1651 2886 stirpes,

924 2897 944 2909 ‘⁶
959 2903 1159 2933 summasque
1174 2893 1303 2933 radices,
1316 2895 1429 2935 quibus
1443 2907 1528 2936 ager,
1542 2900 1650 2929 arbus-

925 2946 945 2961 “
961 2949 994 2973 to
1009 2944 1158 2983 consitus,
1177 2945 1365 2985 implicatur,
1382 2957 1492 2978 omnes
1506 2949 1649 2986 refodiat,

924 2997 946 3011 “
964 3000 1057 3036 atque
1066 2997 1312 3036 persequatur:'’
1327 3009 1398 3039 quae
1409 3006 1565 3038 postrema
1575 3004 1649 3030 sunt

899 3053 927 3083 L
