1894 3253
650 292 885 340 LIBER
934 290 1243 340 PRIMUS.

1607 304 1693 347 137

335 425 431 467 Non
454 426 654 476 animans,
685 440 769 466 non
791 425 985 466 exanimo
1007 439 1101 465 cum
1121 439 1310 480 corpore,
1334 432 1381 467 ut
1400 426 1535 468 arbos:

218 501 298 540 775
332 500 500 556 Quippe
520 515 635 542 suam
657 500 836 556 quidque
857 500 899 540 in
927 507 1035 540 coetu
1056 499 1250 540 variantis
1271 501 1405 541 acervi

332 574 535 615 Naturam
556 574 767 624 obtendet,
790 574 1027 628 mixtusque
1048 572 1253 614 videbitur
1274 576 1344 615 a‘e'r

331 648 441 690 Cum
461 648 569 690 terra
591 648 724 698 simul,
749 658 788 688 et
809 647 994 703 quodam
1015 662 1111 688 cum
1132 661 1241 697 rore,
1265 662 1447 690 manere:

330 723 389 763 At
408 722 638 777 primordia
658 721 884 779 gignundis
906 721 950 761 in
971 720 1093 761 rebus
1114 729 1279 775 oportet

328 796 534 838 Naturam
554 796 866 846 clandestinam,
887 810 1146 851 caecamque,
1169 795 1384 846 adhibere3

218 872 241 912 7
250 876 303 911 80
336 871 530 912 Emineat
550 886 602 912 ne
623 870 738 927 quid,
761 870 873 926 quod
890 878 1039 911 contra
1059 878 1232 927 pugnet,
1255 879 1295 912 et
1315 871 1462 922 obstet,

331 945 430 995 Quo
451 946 586 987 minus
607 961 691 987 esse
711 953 833 1000 queat
853 945 1035 999 proprie,
1059 945 1382 1001 quodquomque
1402 955 1576 989 creatur.

388 1020 504 1069 Quin
525 1021 648 1062 etiam
669 1028 860 1076 repetunt
880 1035 901 1061 a
925 1019 1044 1070 coelo,
1076 1027 1198 1075 atque
1217 1020 1382 1077 ignibus
1403 1021 1506 1076 ejus;

184 1177 290 1218 legere
305 1177 477 1217 depravatae
492 1181 606 1209 codam.
648 1179 708 1210 Sed
724 1179 861 1210 fortassis
871 1189 918 1210 er-

185 1240 240 1260 ror
254 1230 350 1260 fuerit
372 1230 405 1259 in
420 1241 494 1260 voce
515 1233 619 1269 simul,
646 1243 705 1262 nec
724 1233 803 1262 citra
817 1243 918 1262 mem-

183 1283 352 1312 branarum
369 1282 620 1313 emendatiorum
642 1294 735 1322 opem
750 1284 842 1314 facile
858 1283 917 1314 tol-

184 1332 307 1364 lendus.
355 1333 560 1363 Peritioribus
583 1334 687 1374 itaque
703 1334 849 1375 ingeniis,
873 1340 919 1365 at-

183 1396 245 1426 que
277 1385 466 1415 felicioribus
495 1386 760 1425 conjecturarum,
794 1398 919 1417 versum

183 1437 417 1467 discutiendum
447 1437 614 1477 tradimus,
644 1439 685 1469 ad
714 1439 775 1469 alia
801 1439 919 1470 laxiora

180 1487 383 1518 libentissime
396 1499 433 1518 ex
445 1489 494 1518 his
509 1490 664 1530 angustiis
684 1490 895 1530 procedentes.

230 1540 304 1570 Ver.
334 1542 404 1571 779.
428 1551 558 1571 caecam:
587 1548 627 1571 Π.
654 1553 772 1572 ceram:
809 1542 918 1578 voluit,

186 1590 308 1629 opinor,
335 1597 466 1621 certam:
493 1598 524 1622 et
545 1593 626 1622 hanc
653 1603 719 1623 esse
745 1593 920 1634 genuinam

186 1644 285 1681 po'etae
310 1643 496 1683 scripturam
520 1650 608 1683 puto.
657 1648 776 1677 Certum
799 1647 920 1686 utique,

186 1693 256 1723 finis
286 1694 356 1724 fixae
386 1695 614 1736 propositaeque
642 1703 832 1735 compotem,
857 1708 921 1727 non

186 1745 341 1776 inutiliter
356 1747 550 1786 frustratam,
567 1749 614 1778 uti
629 1759 661 1778 se
678 1759 726 1778 res
738 1750 832 1779 habet
847 1760 922 1779 cum

186 1797 365 1836 primordiis
399 1799 521 1828 nullam
552 1799 758 1830 subeuntibus
773 1800 921 1830 mutatio-

189 1860 274 1887 nem,
301 1851 355 1881 sed
381 1852 519 1891 priorem
542 1858 689 1882 naturam
703 1852 922 1891 retinentibus,

190 1912 249 1932 nec
272 1906 435 1943 proprium
467 1904 584 1944 aliquid
613 1915 694 1934 novo
723 1916 837 1945 genere
868 1917 923 1945 per

185 1953 368 1992 mixturam,
393 1961 429 1984 ut
448 1956 597 1994 oportuit,
614 1956 799 1987 creantibus.
841 1957 922 1988 Vide

190 2015 251 2035 var.
267 2004 349 2036 lectt.
366 2005 405 2036 ad
421 2006 458 2036 iv.
477 2010 526 2038 85.

232 2056 304 2087 Ver.
330 2060 400 2088 780.
426 2060 590 2090 Emineat:
629 2060 725 2091 Vind.
752 2061 789 2091 L.
820 2062 858 2092 O.
886 2068 920 2093 Δ.

187 2114 229 2138 Π.
254 2114 298 2138 Ω.
321 2110 508 2140 Demineat:
538 2121 595 2140 uec
622 2111 700 2141 mihi
727 2112 856 2151 pulchre
882 2113 919 2142 li-

184 2164 268 2198 quet,
296 2165 414 2190 veteres
443 2171 507 2190 non
540 2164 692 2193 demineat
722 2174 811 2203 aeque
840 2165 920 2196 bene

190 2209 315 2248 dixisse,
346 2221 381 2241 ac
409 2215 540 2243 emineat
548 2227 559 2248 ;
599 2219 632 2245 Σ.
662 2216 850 2254 Dz'mz'nuat;
884 2216 919 2247 P.

188 2262 238 2291 De
264 2273 404 2299 nnmero;
432 2264 471 2295 V.
497 2264 543 2295 ed.
569 2267 774 2304 Denumerot‚·
800 2268 836 2298 B.
853 2269 918 2300 De-

189 2319 439 2345 numerat.—11.e:
480 2322 520 2346 Π.
547 2328 609 2348 nec.
656 2319 803 2350 Arbitror
833 2320 919 2360 equi-

189 2362 263 2393 dem
278 2364 317 2393 ad
332 2365 412 2396 hanc
429 2376 574 2400 normam
589 2369 687 2400 tutius
701 2370 763 2410 legi
779 2381 880 2411 posse:

205 2446 244 2470 De
256 2451 359 2468 numero
370 2452 404 2470 ne
414 2446 456 2476 sit,
468 2448 540 2478 quod
551 2454 646 2473 contra
656 2454 769 2482 pugnet,
781 2455 808 2476 et
817 2452 915 2478 obstet.

188 2524 273 2554 Nam
299 2525 419 2565 quoties
446 2541 479 2559 το
502 2530 522 2558 d
549 2529 582 2558 in
606 2529 692 2560 libris
715 2538 859 2563 exaratur
876 2535 915 2564 t?

188 2583 226 2607 ut
240 2577 373 2607 minima
388 2578 550 2610 literarum
570 2581 610 2612 sit
624 2582 657 2612 in
671 2583 730 2614 hoc
745 2585 918 2616 tentamine

190 2628 332 2659 mutatio.

230 2679 303 2710 Ver.
326 2684 399 2711 782.
429 2683 527 2716 Quin:
555 2683 595 2713 V.
612 2683 658 2714 ed.
683 2685 722 2715 B.
743 2692 782 2716 Π.
814 2689 919 2721 Quan-

188 2732 225 2760 do
232 2746 242 2766 ;
267 2731 314 2760 uti
335 2732 452 2770 passim
474 2740 850 2777 peimutantur.-atque:
879 2746 919 2770 Π.

188 2789 230 2813 at.
275 2784 386 2823 Porro,
413 2786 472 2815 hoc
490 2787 645 2817 Heracliti
671 2795 764 2828 atque
783 2790 919 2830 discipu-

187 2834 292 2866 lorum
308 2838 376 2878 ejus
390 2839 556 2878 placitum,
573 2840 713 2871 invenias
725 2852 818 2881 supra
832 2844 921 2873 Grae-

191 2896 226 2916 ce
240 2890 426 2929 expositum,
451 2892 491 2922 ad
507 2903 568 2923 ver.
585 2897 657 2924 667.
681 2900 712 2923 et
727 2895 862 2933 pressius
882 2896 921 2926 ad

189 2937 411 2971 Lucretianam
437 2944 611 2975 orationem
637 2946 670 2975 in
698 2946 795 2987 Diog.
818 2947 921 2977 La'e'rt.

188 2989 230 3020 ix.
249 2995 276 3023 9.
299 3002 392 3033 quem
411 2994 580 3028 Creechius
596 2998 691 3029 etiam
707 2997 852 3030 laudavit.

966 1178 1100 1215 Interea,
1125 1178 1306 1218 exemplum
1322 1178 1464 1209 desidero
1476 1179 1559 1209 verbi
1582 1187 1692 1220 repeto,

962 1231 1005 1260 sic
1032 1230 1172 1260 absolute
1197 1230 1264 1260 sine
1290 1229 1483 1260 substantivo
1515 1231 1615 1268 positi.
1661 1233 1694 1262 Si

962 1281 1068 1311 liceret
1098 1280 1256 1317 hariolari,
1283 1290 1347 1310 non
1374 1280 1457 1311 male
1483 1280 1617 1311 dixerim
1646 1293 1692 1312 re-

962 1333 1036 1372 poni
1052 1343 1154 1372 posse:
1189 1361 1196 1367 .

1025 1418 1097 1450 Quin
1109 1425 1147 1442 res
1161 1419 1219 1450 jam
1231 1421 1359 1450 repetunt
1371 1425 1386 1442 a
1397 1418 1541 1443 coelo—-z

964 1492 1011 1523 vel
1026 1493 1164 1523 fortassis
1179 1494 1219 1524 ad
1238 1493 1487 1533 probabilitatem
1502 1495 1630 1535 propius
1644 1506 1696 1527 ac-

964 1545 1120 1583 cesserim,
1136 1545 1162 1574 si
1178 1546 1324 1576 scribam:

1027 1630 1097 1661 Quin
1109 1629 1190 1654 etiam
1203 1634 1330 1662 repetunt
1339 1631 1375 1655 ad
1385 1631 1547 1657 coelom-—z

965 1723 1035 1754 quae
1051 1714 1207 1754 Virgilius
1222 1715 1369 1750 tuebitur,
1388 1716 1462 1745 AEn.
1478 1715 1529 1745 vii.
1547 1720 1618 1747 241.

1316 1799 1378 1824 hinc
1391 1801 1529 1825 Dardanus
1539 1805 1614 1826 ortus

1029 1839 1083 1861 Huc
1094 1838 1189 1870 repetit.

1011 1912 1083 1942 Ver.
1105 1916 1174 1944 785.
1198 1925 1293 1944 auras
1312 1916 1422 1951 Λᾶν-ἰὴ
1446 1922 1482 1945 ut
1497 1915 1694 1957 distinguan-

966 1968 1018 1993 tur
1032 1964 1150 1994 scilicet
1175 1966 1213 1995 ab
1228 1968 1315 1996 auris
1338 1968 1485 2004 aetheriis,
1512 1968 1636 2007 proprie
1650 1969 1694 1999 vi-

965 2015 1093 2053 talibus;
1117 2016 1156 2046 de
1171 2017 1284 2056 quibus
1299 2017 1454 2048 nonnulla
1480 2019 1513 2048 in
1536 2020 1585 2049 his
1610 2031 1696 2050 com-

965 2067 1126 2097 mentariis
1141 2075 1314 2107 occurrent,
1341 2069 1432 2100 nobis
1453 2070 1522 2110 jam
1543 2082 1628 2102 nunc
1651 2073 1696 2103 la-

964 2120 1071 2151 borem
1108 2121 1296 2153 excusantia.
1354 2122 1520 2162 Virgilius,
1556 2125 1630 2155 AEn.
1668 2136 1694 2156 v.

964 2174 1035 2202 520.

1026 2270 1119 2278 —-
1129 2258 1212 2282 zzz-'rias
1223 2258 1308 2283 telum
1320 2260 1461 2284 contendit
1472 2260 1499 2284 in
1510 2268 1599 2285 auras.

1006 2332 1080 2363 Ver.
1109 2335 1181 2364 784.
1205 2335 1348 2365 imbrem:
1385 2335 1423 2365 V.
1451 2335 1498 2365 ed.
1526 2336 1563 2366 B.
1590 2336 1630 2366 O.
1660 2342 1693 2369 A..

963 2395 1073 2423 agnem.

1006 2436 1088 2467 Ibid.
1102 2439 1174 2468 lzz'nc
1186 2451 1196 2468 .·
1221 2438 1240 2467 i.
1261 2449 1286 2468 e.
1303 2448 1339 2468 ex
1357 2439 1435 2469 a'e're.
1483 2440 1610 2475 Seneca,
1630 2446 1694 2471 nat.

962 2494 1082 2528 quaestt.
1103 2488 1153 2518 iii.
1182 2493 1301 2519 2o.—“
1318 2501 1356 2520 ex
1377 2493 1502 2530 spiritu,
1529 2492 1583 2532 qui
1609 2492 1643 2523 in
1659 2505 1694 2523 α-

964 2543 984 2557 “
1000 2551 1089 2579 quam
1108 2541 1345 2582 transfiguratus
1359 2543 1436 2572 est.’⁹

1003 2591 1080 2621 'Ven
1107 2595 1181 2623 785.
1207 2595 1314 2623 imbri:
1341 2593 1438 2622 Vind.
1455 2594 1496 2622 V.
1521 2593 1568 2624 ed.
1598 2594 1633 2625 B.
1655 2595 1694 2627 L.

965 2641 1004 2671 O.
1021 2647 1056 2672 Δ.
1075 2649 1115 2672 Π.
1132 2648 1167 2674 Σ.
1185 2650 1231 2673 Ω.
1250 2646 1334 2682 igni:
1360 2649 1392 2672 et
1411 2644 1560 2684 indignor
1577 2651 1625 2676 tot
1640 2656 1693 2676 ex-

964 2692 1113 2731 emplaria
1134 2694 1172 2722 ‘in
1187 2695 1247 2723 hoc
1269 2704 1372 2724 errore
1383 2694 1488 2735 ,longe
1503 2697 1694 2728 crassissimi)

964 2744 1149 2774 consentire.
1197 2745 1303 2775 Verba
1323 2746 1477 2777 Heracliti
1502 2748 1587 2787 apud
1614 2749 1695 2779 Dio.

964 2804 1079 2833 genem
1094 2794 1268 2833 La'e‘rtium,
1291 2796 1360 2826 loco
1375 2808 1476 2836 nuper
1490 2797 1630 2837 laudato,
1651 2801 1694 2831 sic

965 2855 997 2874 se
1019 2845 1146 2883 habent,
1174 2845 1334 2885 impendio
1356 2847 1694 2882 dilucidaz—wuffw-

963 2909 1042 2935 μὲνθν
1057 2910 1124 2939 oefipoe
1141 2900 1262 2937 'ymicffoet
1280 2898 1355 2942 ὕδωρ,
1380 2913 1557 2941 Ἔῆγνϋμξνθν
1573 2916 1606 2933 *TO
1629 2902 1696 2944 ὕδωρ

966 2962 1000 2982 εις
1029 2963 1084 2988 ’γῆν
1109 2953 1327 2992 vendat—a
1344 2952 1446 2985 cerv-(1⁴.-
1471 2953 1567 2985 Vind.
1590 2954 1630 2984 V.
1646 2953 1692 2985 ed,

966 3004 1002 3030 Δ.
1022 3005 1058 3033 Σ.
1074 3007 1118 3033 Ω.
1135 3004 1168 3033 in
1184 3008 1308 3034 terram.

902 3057 971 3088 ΚΞ.)
