1894 3253
607 262 841 311 LIBER
894 261 1200 311 PRIMUS.

295 398 505 441 Intellecta
523 397 638 453 prius
659 411 784 453 quam
805 397 900 446 sint,
924 403 1162 450 contempta
1182 393 1398 450 relinquas.

297 471 502 516 Nam‘tibi
524 473 576 514 de
597 471 755 514 summa
776 471 867 512 coeli
888 471 1048 511 ratione
1069 469 1276 524 deumque

210 555 264 591 50
295 549 508 592 Disserere
528 547 737 601 incipiam,
760 553 800 585 et
820 558 958 584 rerum
978 543 1206 598 primordia
1225 542 1425 597 pandam3

295 623 422 665 Unde
442 621 599 662 omneis
619 627 768 660 natura
786 625 896 658 creet
915 632 994 667 rCS,
1017 624 1167 666 auctet,
1190 616 1369 671 alatque;

293 697 472 753 Quoque
491 695 635 736 eadem
655 707 819 734 rursum
838 699 987 733 natura
1005 698 1219 746 perempta
1239 690 1426 732 resolvat:

294 771 404 821 Quae
424 785 500 811 nos
519 768 733 810 materiem
754 774 794 808 et
813 765 1007 824 genitalia
1027 778 1202 819 corpora
1221 764 1342 805 rebus

295 844 531 888 Reddunda
552 845 596 885 in
617 844 776 887 ratione
796 856 958 892 vocare,
979 848 1020 882 et
1040 839 1196 881 semina
1214 853 1354 880 rerum

182 987 262 1021 Quod
272 994 351 1019 super
359 990 408 1016 cst,
417 993 521 1017 quaeso,
532 993 628 1010 vacuas
637 985 713 1015 mihi,
722 984 877 1015 Memmius,

275 1027 344 1051 auris
351 1035 358 1056 3

152 1078 197 1107 sic
221 1081 257 1106 ut
277 1075 456 1115 recoquitur
472 1075 567 1105 etiam
589 1075 622 1104 in
646 1079 681 1105 Σ.
707 1075 876 1111 Caeterum,

154 1134 189 1159 Δ.
219 1127 285 1158 vice
320 1139 357 1157 τε
386 1129 534 1157 semotum
569 1125 726 1166 sequentis
759 1124 876 1162 versslS,

151 1180 244 1209 habet
274 1180 430 1209 Scmotz'm:
466 1177 550 1218 quod
573 1187 721 1217 magnam
751 1187 814 1215 prae
846 1186 878 1205 se

149 1233 210 1263 sert
225 1232 288 1262 veri
304 1231 449 1270 speciem,
473 1240 572 1270 quum
598 1230 638 1259 sit
661 1229 879 1259 adverbiorum

149 1282 194 1313 ita
219 1281 457 1313 terminantium
479 1291 567 1321 seges
581 1280 738 1311 uberrima
760 1280 878 1310 Lucre-

149 1336 208 1366 tio:
235 1339 257 1354 “
276 1334 466 1370 Acervatim‚
488 1334 710 1372 adumbratim,
735 1332 880 1363 articula-

149 1390 173 1406 “
188 1387 258 1425 tim,
270 1386 449 1425 blanditim,
461 1386 650 1423 catervatim,
661 1385 877 1424 contemptim,

149 1443 170 1457 “
186 1438 308 1476 filatim,
333 1438 519 1479 generatim,
544 1438 711 1478 gravatim,
726 1437 878 1474 inser-tim,

149 1494 171 1509 “
183 1491 313 1531 juxtim,
340 1490 552 1528 membratim,
578 1490 774 1528 minutatim,
797 1489 879 1519 mix-

150 1546 173 1562 “
189 1544 259 1582 tim,
290 1543 486 1579 moderatim,
510 1543 733 1582 particulatim,
758 1541 879 1582 propri-

151 1599 173 1614 “
188 1596 257 1632 tim,
284 1595 489 1635 pedetentim,
526 1595 651 1634 raptim,
683 1595 879 1633 summatim,

151 1651 173 1666 ‘⁶
189 1647 323 1683 tractim,
338 1647 512 1683 turmatim,
529 1646 675 1676 viritim.”
721 1647 766 1676 Et
780 1657 881 1686 opera:

151 1699 289 1738 pretium
304 1698 400 1728 fuerit
415 1697 674 1736 animadvertere,
699 1708 794 1738 quam
812 1709 880 1737 spc-

152 1749 227 1780 ciosi
252 1760 359 1781 versus
385 1750 528 1787 evadant,
561 1749 601 1779 ad
626 1750 712 1780 hunc
741 1749 882 1779 codicem

153 1804 331 1843 compositi:

185 1862 265 1893 Quod
276 1864 413 1893 superest,
425 1868 518 1892 quaeso,
530 1868 626 1885 vacuas
637 1861 714 1890 mihi,
731 1860 886 1889 Memmius,

279 1901 373 1929 aureis,

187 1939 301 1963 Sem-stim
314 1946 329 1963 a
341 1939 419 1968 curis,
431 1939 527 1964 adhibe
538 1946 630 1963 veram
641 1940 675 1963 ad
686 1939 827 1963 rationem.

157 1987 208 2018 Ex
225 1987 279 2016 iila
293 1994 400 2017 autem
416 1987 537 2017 familia
547 1988 776 2025 adverbiorum,
792 1987 887 2017 modo

156 2039 353 2068 numerosius
365 2038 528 2076 recensita,
541 2045 681 2078 superest
691 2039 789 2076 aliud,
803 2038 888 2077 apud

155 2089 286 2121 Anthol.
311 2091 380 2120 Lat.
409 2091 560 2121 Burman.
581 2091 633 2121 lib.
650 2091 695 2121 iii.
717 2091 797 2131 epig.
818 2095 886 2122 199.

155 2141 240 2182 quod
254 2143 297 2172 sic
312 2142 426 2172 melius
441 2143 665 2173 confirmatum
691 2143 886 2173 contexenti-

154 2195 213 2225 bus
241 2194 342 2224 lexica
364 2195 633 2225 commendamus.
680 2196 790 2231 Quum
815 2206 888 2226 vero

154 2246 348 2286 po’e'matium
377 2247 416 2277 sit
438 2248 524 2278 haud
545 2247 684 2288 vulgaris
713 2248 886 2288 elegantiae,

156 2298 301 2328 dabimus
330 2298 423 2329 altius
446 2300 593 2339 repetitos
620 2310 737 2338 versus,
770 2306 801 2330 et
822 2311 887 2330 non

156 2348 237 2378 nihil
251 2349 444 2381 sinceriores:

189 2410 299 2440 Semper
309 2410 465 2439 munditias,
475 2417 590 2441 semper,
602 2409 728 2439 Basilissa,
738 2409 856 2439 decoreS,

221 2450 330 2480 Semper
341 2449 502 2480 compositas
512 2453 570 2474 arte
580 2453 690 2473 recente
700 2455 802 2478 comas,

188 2488 221 2512 Et
232 2491 338 2512 comtos
348 2495 454 2519 semper
465 2488 564 2518 cultus,
580 2491 772 2520 unguentaque
782 2494 887 2518 semper

222 2526 312 2551 Mallia
322 2527 425 2551 solicita
434 2531 534 2559 promta
546 2527 637 2552 videre
648 2534 743 2558 mauu,

189 2568 249 2591 Non
261 2574 323 2591 amo
333 2575 339 2590 z
357 2567 496 2598 neglectim,
507 2567 576 2591 mihi
585 2575 612 2592 se
623 2574 685 2598 quae
697 2567 792 2597 comit,
801 2567 888 2592 amica

222 2608 253 2631 Se
265 2607 321 2636 det,
332 2606 455 2630 inornata
467 2606 639 2638 simplicitate
651 2607 755 2631 valens.

158 2656 283 2687 Locum
309 2656 429 2694 videas3
458 2666 533 2685 nam
555 2655 699 2686 fateberis
721 2657 890 2687 sententias

157 2707 204 2737 ita
218 2707 381 2746 dispositas
395 2707 430 2737 in
453 2707 554 2743 editis,
580 2713 617 2737 ut
642 2708 782 2737 turbetur
803 2708 888 2738 clau-

159 2759 302 2790 sularum
316 2759 577 2799 respondentium
593 2759 794 2791 concinnitas.
826 2761 890 2791 Pro

159 2812 275 2847 mollia,
298 2811 394 2852 vulgo
414 2813 534 2846 omnim
566 2821 622 2850 pro
638 2817 761 2850 promta
785 2811 890 2849 etiam,

162 2869 271 2900 comta,
298 2863 426 2903 illepida
440 2863 641 2902 repetitione;
664 2869 695 2894 et
708 2873 764 2903 pro
778 2865 890 2902 valens,

160 2915 248 2945 valet.
294 2914 490 2954 Propertius,
507 2916 546 2946 iv.
563 2920 592 2947 6.
609 2919 636 2947 5.

224 2972 322 2997 costum
334 2972 405 2998 molle
416 2973 488 2999 date.

922 984 1082 1024 Denique,
1105 992 1161 1022 pro
1188 984 1349 1018 Semnum,
1377 979 1528 1020 scriptum
1551 987 1597 1012 est
1618 982 1650 1012 in

924 1043 966 1067 n.
982 1039 1150 1067 Servorum.

966 1087 1045 1118 Ibid.
1069 1097 1183 1118 vacuas
1198 1086 1319 1116 aureis:
1350 1089 1385 1114 ut
1410 1084 1554 1122 Plautus,
1577 1084 1650 1116 Tri-

921 1149 1011 1170 num.
1028 1138 1104 1178 prol.
1124 1141 1171 1168 11.

1117 1205 1180 1229 datc
1191 1203 1310 1228 vacivus
1319 1203 1415 1233 aureis,
1432 1203 1499 1227 dum
1511 1204 1633 1234 eloquor.

968 1254 1041 1284 Ver.
1073 1258 1124 1285 50.
1158 1255 1338 1284 Disserere.-
1375 1256 1411 1282 Δ.
1446 1253 1649 1283 Deserere.--

925 1307 1036 1344 Porro,
1067 1308 1212 1337 disserere
1242 1305 1335 1343 valet,
1368 1303 1468 1334 varias
1497 1304 1654 1335 doctrinas

925 1369 1089 1398 spargere:
1130 1357 1170 1388 de
1198 1357 1262 1398 qua
1290 1355 1473 1395 metaphora
1510 1356 1656 1387 consulas

925 1410 998 1440 silv.
1025 1410 1100 1440 Crit.
1123 1415 1195 1440 sect.
1218 1410 1275 1440 cvi.
1308 1415 1340 1439 et
1361 1415 1437 1438 tom.
1467 1419 1494 1438 v.
1525 1419 1555 1447 p.
1584 1412 1653 1439 107.

924 1461 1076 1502 Apposite
1092 1462 1133 1492 A.
1160 1460 1294 1499 Gellius,
1310 1471 1338 1490 v.
1361 1463 1386 1490 1.
1404 1460 1474 1491 init.
1506 1463 1528 1478 ‘³
1544 1460 1655 1496 Quum

926 1517 948 1532 “
964 1513 1175 1553 philosophus,
1207 1512 1322 1553 inquit,
1350 1512 1505 1550 hortatur,
1536 1517 1655 1550 monet,

925 1569 949 1584 “
964 1565 1085 1604 suadet,
1116 1565 1276 1606 objurgat;
1306 1566 1434 1595 aliudve
1457 1563 1534 1604 quid
1562 1563 1655 1595 disci-

926 1620 947 1635 “
963 1616 1121 1656 plinarum
1154 1618 1276 1647 disserit
1289 1615 1323 1646 .·''
1360 1616 1380 1645 i.
1408 1626 1434 1646 e.
1474 1615 1592 1655 spargit
1621 1615 1656 1645 in

925 1668 1084 1699 auditores
1113 1678 1194 1698 suos
1245 1666 1388 1705 Propriae
1419 1665 1658 1705 significationis

925 1721 1068 1760 exempla
1083 1718 1283 1758 suppeditant
1298 1728 1335 1748 ex
1351 1718 1496 1747 Varrone
1512 1723 1542 1746 et
1560 1717 1656 1747 Colu-

927 1771 1021 1801 mella
1036 1771 1136 1800 lexica
1150 1769 1305 1809 vulgaria.
1354 1769 1443 1798 Hinc
1459 1778 1533 1797 cum
1548 1775 1659 1809 quarto

928 1833 1003 1852 casu
1025 1821 1192 1860 purissime
1215 1818 1359 1849 adhibuit
1383 1828 1492 1848 vocem
1515 1819 1658 1850 Terenti-

930 1884 1009 1903 anus
1026 1874 1171 1910 Maurus,
1187 1883 1217 1911 p.
1239 1875 1329 1902 1589.

994 1939 1019 1963 Si
1029 1942 1086 1964 tam
1099 1943 1184 1964 tenues
1195 1946 1234 1963 res
1245 1938 1294 1962 tibi
1304 1937 1340 1961 sic
1352 1937 1443 1962 dissero
1455 1945 1543 1969 versu,

993 1979 1083 2003 Vitem
1096 1983 1127 2003 ut
1137 1978 1268 2004 tenebras.

1431 2030 1450 2039 v·-

931 2028 1043 2068 Dictys
1065 2027 1161 2057 etiam
1188 2025 1355 2062 Cretensis,
1382 2026 1402 2056 i.
1429 2039 1460 2057 o.
1487 2031 1508 2045 ‘⁴
1525 2028 1657 2070 Expug-

931 2083 954 2097 “
970 2084 1078 2109 natam
1093 2079 1208 2119 quippe
1233 2077 1366 2108 domum
1381 2078 1474 2118 regis,
1501 2089 1659 2110 eversum-

932 2134 955 2149 “
970 2141 1031 2171 que
1055 2140 1202 2171 regnum,
1225 2136 1257 2159 et
1278 2130 1342 2159 alia
1366 2129 1400 2158 in
1416 2129 1512 2160 talem
1527 2131 1660 2162 modum

933 2185 954 2200 “
972 2181 1089 2222 singuli
1127 2180 1347 2212 disserebant?
1411 2181 1475 2216 Qui
1510 2192 1584 2211 mox
1618 2183 1660 2213 ad

932 2244 997 2274 cap.
1024 2237 1074 2264 11.
1108 2233 1151 2263 sic
1174 2233 1275 2263 variat
1296 2232 1502 2263 locutionem:
1541 2237 1561 2251 ‘⁶
1582 2236 1660 2264 Dis«

932 2289 954 2304 “
970 2285 1120 2317 seminani
1139 2286 1209 2325 jam
1223 2295 1279 2324 per
1300 2285 1478 2315 universam
1505 2286 1661 2317 Graeciam

932 2337 1067 2378 “samd,
1091 2348 1203 2367 omnes
1218 2336 1380 2376 Pelopidae
1401 2337 1435 2367 in
1458 2348 1560 2367 unum
1585 2348 1660 2368 con-

932 2393 953 2407 “
968 2389 1128 2420 veniunt.’'

975 2441 1056 2472 Ibid.
1088 2443 1248 2472 Disserere
1274 2442 1433 2481 incipiam.

931 2503 999 2534 geo.
1016 2493 1036 2523 i.
1053 2496 1081 2524 5.

1493 2440 1660 2481 Virgilius,

994 2552 1062 2576 Hinc
1073 2559 1161 2576 canere
1171 2552 1301 2584 incipiam.

976 2599 1058 2629 Ibid.
1078 2601 1255 2639 primordia
1277 2601 1428 2638 pandam.
1454 2599 1558 2638 Idem,
1584 2602 1659 2632 AEn.

933 2650 971 2681 vi.
987 2654 1005 2681 7
1009 2655 1058 2681 95.

996 2708 1107 2740 Suscipit
1116 2707 1252 2737 Anchises,
1262 2710 1344 2738 atque
1353 2707 1446 2732 ordine
1452 2707 1552 2740 singula
1558 2709 1660 2741 pandit.

979 2757 1050 2787 Ver.
1068 2760 1119 2787 52.
1150 2759 1283 2796 Quoque,
1299 2755 1383 2786 solus
1400 2756 1529 2795 Seneca,
1545 2768 1592 2797 ep.
1609 2761 1661 2789 95.

935 2808 1000 2846 alii,
1022 2812 1137 2843 Quove:
1155 2807 1226 2838 vide
1241 2808 1274 2839 ii.
1289 2812 1341 2839 65.
1365 2811 1506 2839 resolvat:
1523 2810 1559 2840 P.
1575 2815 1606 2840 et
1620 2810 1662 2840 V.

936 2859 984 2889 ed.
999 2861 1127 2890 resolvit.

981 2911 1063 2941 Ibid.
1089 2918 1247 2952 perempta
1263 2913 1399 2943 resolvat.
1423 2911 1574 2942 Similiter
1589 2912 1662 2941 Ma-

937 2973 985 3002 ro,
1009 2963 1105 2993 nostri
1122 2973 1226 2995 comes
1240 2963 1434 3002 individuus,
1456 2973 1525 3004 geo.
1544 2962 1584 2993 iv.
1601 2965 1661 2993 301
