1894 3253
227 271 289 311 24

732 265 800 312 T..
838 263 1217 314 LUCRETII

367 395 573 438 Ductores
594 394 792 437 Danaum
813 395 972 445 delecti,
993 396 1128 450 prima
1147 397 1347 438 virorum:

369 470 482 520 Quoi
503 469 621 510 simul
639 468 781 520 infula,
803 470 1015 527 virgineos
1035 470 1288 512 circumdata
1308 478 1517 528 comptus,

370 544 437 585 Ex
458 542 630 599 utraque
648 544 740 599 pari
759 544 960 586 malarum
979 553 1097 599 parte
1116 544 1283 600 profusa
1302 554 1387 596 est3

256 682 386 708 Maeonios
397 682 463 707 Italo
474 682 611 707 scelerae-a·
620 683 749 715 sanguine
760 683 871 708 fluctus:

226 739 255 762 et
272 731 420 761 ibid..ver.
438 735 509 764 697.
523 732 636 773 fedare
652 734 754 768 Iacus5
781 744 852 773 quae
876 743 950 763 con-

225 783 338 813 similia
366 788 448 813 sunt.
493 781 561 813 Nec
590 783 680 813 aliter
709 784 884 814 censuerim
912 783 952 814 de

227 835 353 864 Senecae
370 835 498 874 OEffipo,
516 845 575 866 ver.
597 837 665 866 177.

318 894 359 918 Bis
368 898 496 927 turpatam
507 894 628 926 sanguine
640 894 746 920 Dircen.

224 935 342 976 VulgO,
358 939 509 967 turbatam
520 951 529 966 .·
556 936 609 966 sed
621 936 660 965 de
675 935 813 966 hocloco
828 935 950 964 minore

225 988 396 1029 pertinacia
411 988 635 1025 contenderim,
653 998 748 1027 quam
765 987 804 1016 de
819 987 949 1024 Siliano,

223 1051 324 1082 quum
354 1040 403 1069 hic
426 1040 553 1078 scriptor
577 1051 609 1069 se
633 1045 736 1069 totum
760 1039 799 1068 ad
823 1038 951 1079 Virgilii

224 1092 435 1123 imitationem
447 1090 665 1130 composuerit.
699 1091 763 1120 Par
777 1089 951 1119 hallucina-

223 1145 269 1175 tio
299 1143 501 1173 somniculosi
529 1143 634 1172 scribae
664 1142 798 1171 Statium
829 1152 953 1181 quoque

225 1195 356 1226 crimine
386 1193 646 1224 inhonestissimae
677 1194 856 1232 καθιοζῆλιας
889 1198 950 1222 tra-

225 1248 325 1283 duxit,
343 1247 382 1276 ad
398 1246 497 1276 Theb.
514 1256 541 1276 x.
557 1249 630 1275 511.

241 1306 377 1331 Prctnrlmt
388 1312 490 1329 mensas
502 1304 572 1328 dirus
584 1304 683 1334 liquor:
696 1304 815 1334 undique
826 1306 949 1333 manant,

241 1346 374 1378 Sanguine
384 1344 523 1376 permixti,
536 1343 638 1367 calices.

226 1396 356 1428 Barthio
371 1396 550 1424 submorose
572 1393 778 1423 stomachanti
801 1392 841 1423 ad
861 1403 951 1423 voca-

224 1448 336 1479 bulum
344 1446 514 1486 proturbat,
524 1444 593 1484 quis
601 1445 713 1473 harum
724 1443 952 1483 elegantiarum

225 1500 357 1529 idoneus
387 1496 501 1526 arbiter
524 1494 753 1525 succensuerit?
782 1494 880 1525 Ocius
905 1494 950 1524 la-

224 1553 296 1581 bem
310 1547 501 1578 fedissimam
517 1545 603 1576 eluas
617 1545 809 1587 reponendo,

290 1610 424 1638 Perturpat
435 1613 538 1631 mensas
550 1605 620 1629 dirus
631 1605 726 1636 liquor.

227 1659 341 1697 Neque
357 1656 412 1686 tibi
428 1656 467 1685 sit
481 1654 628 1685 terriculo
649 1653 796 1684 dictionis
821 1653 953 1691 novitas,

225 1719 325 1751 quum
342 1709 425 1746 ἅπαξ
441 1715 600 1746 λεγομενως
614 1716 708 1744 opera
719 1705 845 1744 Papinii
858 1710 953 1735 scate-

227 1768 298 1797 ant;
321 1770 385 1790 non
409 1765 474 1788 tam
500 1768 557 1787 suo
576 1757 681 1787 seculo
702 1757 853 1787 inauditis
869 1763 954 1787 etex

227 1812 353 1853 propria
368 1811 492 1848 incude,
508 1820 604 1850 quam
624 1810 664 1839 ob
691 1808 853 1838 literarum
868 1809 955 1838 Lati-

228 1875 341 1895 narum
357 1861 557 1901 naufragium
571 1859 723 1890 solitariis.
760 1859 851 1889 Idem
867 1859 958 1898 po'eta

229 1916 264 1945 in
285 1912 476 1944 nobilissima
502 1916 589 1949 parte
612 1910 799 1946 Theba·1'dos‚
815 1910 868 1940 xii.
885 1914 956 1940 410.

230 1964 418 1995 vocabulum
432 1962 562 2002 hujusce
572 1960 699 1991 familiae
709 1961 767 1991 sibi
778 1967 957 1991 revocatum

230 2016 308 2046 vult:

245 2074 323 2099 Haud
333 2071 424 2104 procul
434 2070 531 2095 Ismeni
539 2070 724 2095 monstrabant
731 2076 870 2094 murmura
877 2070 955 2101 ripas,

248 2113 310 2145 Qui,
321 2115 436 2143 turpatus
447 2110 535 2134 adhuc
547 2113 573 2134 et
582 2110 710 2140 sanguine
721 2109 837 2139 decolor,
848 2109 917 2133 ibat:

233 2163 257 2193 i.
270 2172 296 2192 e.
312 2160 508 2191 decolorante
524 2158 677 2198 sanguine
686 2158 816 2188 sedatus.
841 2157 959 2197 Vulgo,

232 2214 387 2244 turbatus:
414 2211 468 2241 sed
483 2210 657 2239 indubitata
672 2216 719 2239 est
733 2210 799 2239 haec
811 2208 958 2239 emenda-

232 2265 277 2295 tio
292 2268 415 2303 propter
430 2261 534 2292 statim
549 2260 777 2300 praecedentem
789 2270 848 2290 ver.
866 2263 937 2290 407.

294 2323 386 2348 Vicino
397 2322 497 2346 turbata
510 2321 561 2346 die.

276 2374 348 2403 Ver.
365 2375 414 2403 87.
434 2373 537 2411 prima
553 2373 695 2402 virorum.
740 2371 791 2400 De
813 2371 871 2401 hac
893 2370 956 2400 for-

234 2424 328 2460 mula,
346 2434 383 2454 ex
402 2424 585 2453 Graecorum
601 2433 685 2461 penu
700 2422 806 2461 petita,
822 2422 958 2452 diximus

232 2477 272 2508 ad
288 2476 397 2514 Eurip.
414 2476 512 2505 Herc.
530 2475 589 2505 fur.
605 2485 666 2504 ver.
682 2474 738 2504 ult.
755 2474 865 2514 Dictys
883 2474 957 2504 Cre-

232 2529 338 2566 tensis,
361 2538 389 2558 V.
408 2530 436 2558 7.
460 2530 481 2545 “
501 2526 802 2565 Circumspicientes,
827 2525 958 2556 laudan-

235 2584 257 2599 “
273 2586 380 2619 tesque
390 2581 545 2619 prceclara
561 2590 682 2618 operam
706 2578 837 2607 civitatis
859 2577 955 2617 ejus.’'

239 2630 377 2663 Feliciter
406 2630 500 2660 audet
531 2629 658 2665 Statius,
690 2629 789 2659 Theb.
816 2628 857 2658 xi.
883 2632 956 2659 550.

238 2680 409 2718 Sophocleo
423 2691 522 2711 more:

444 2747 497 2764 non
508 2744 596 2765 mater
606 2740 689 2769 enim,
701 2746 754 2764 non
766 2740 853 2764 obstat
865 2738 939 2763 eunti

251 2778 311 2802 Ulla
328 2785 414 2802 soror:
444 2783 471 2803 te
495 2785 583 2804 cunum
606 2784 717 2812 rogant3
743 2780 784 2804 hic
810 2779 959 2811 plangimus

358 2824 449 2841 omnes.

234 2867 278 2897 Et
300 2872 473 2905 opportune
488 2867 589 2896 Faber
610 2873 719 2897 monet
736 2867 899 2903 Ovidium,
926 2875 958 2895 a-

234 2928 312 2948 mor.
329 2918 348 2948 i.
365 2923 392 2949 9.
416 2918 508 2957 plane
534 2928 627 2948 suum
643 2929 679 2948 ex
695 2920 755 2949 hoc
769 2918 959 2949 Lucretiano

234 2970 432 3010 expressissez
456 2972 620 3002 “Summa
648 2972 759 3002 ducum
793 2968 957 3001 Atrides:''

996 696 1059 715 ver.
1078 688 1131 717 37.
1157 685 1302 717 Pessime
1325 692 1432 717 a‘utem
1458 684 1588 717 consilio
1609 685 1642 716 in
1657 685 1726 727 qui-

994 737 1128 768 busdam
1158 738 1348 768 editionibus
1371 738 1612 768 subdistinctum
1635 738 1726 768 video

994 795 1064 827 post
1078 787 1236 818 Danaz‘lm.
1285 790 1390 827 Maro,
1414 789 1468 819 ecl.
1484 790 1524 819 iv.
1541 793 1591 819 54.
1615 790 1669 819 ubi
1685 789 1725 819 ad

994 840 1114 879 epicam
1129 840 1324 880 majestatem
1340 841 1452 881 surgit,
1469 847 1499 871 et
1510 841 1597 881 quasi
1610 841 1724 880 praelu-

994 892 1040 922 dit
1056 892 1187 922 AEne'idi
1206 892 1334 922 divinae:

1009 951 1083 976 Alter
1094 951 1143 975 erit
1155 954 1215 975 tum
1225 950 1341 982 Tiphys,
1353 954 1379 975 et
1391 951 1474 976 altera
1485 957 1547 981 quae
1560 951 1641 976 vehat
1650 952 1721 984 Argo

1009 989 1120 1014 Delectos
1130 990 1226 1013 heroas.

1041 1038 1114 1068 Ver.
1133 1041 1182 1068 88.
1220 1038 1289 1068 Nec
1311 1038 1400 1068 flores
1427 1039 1577 1068 horumce
1600 1049 1725 1080 quoque

995 1100 1142 1120 versuum
1154 1100 1218 1120 non
1233 1089 1379 1120 delibavit
1395 1089 1636 1130 diligentissima
1650 1091 1724 1120 Ma-

996 1141 1080 1170 ronis
1095 1141 1311 1176 discursitatio‚
1329 1140 1369 1170 ad
1384 1151 1451 1180 geo.
1466 1140 1509 1170 iii.
1522 1144 1595 1171 486.

996 1201 1073 1229 Saepe
1081 1199 1106 1222 in
1116 1199 1218 1223 honore
1228 1199 1317 1224 Deum
1325 1200 1415 1224 medio
1423 1203 1492 1223 stans
1500 1200 1595 1229 hostia,
1602 1199 1726 1230 adaram,

995 1239 1083 1262 Lanea
1095 1238 1160 1261 dum
1172 1238 1251 1262 nivea
1264 1238 1437 1262 circumdatur
1448 1238 1531 1269 infula
1544 1239 1623 1269 vitta,

996 1278 1068 1301 Inter
1079 1277 1228 1301 cunctantis
1239 1277 1334 1302 cecidit
1347 1277 1505 1301 moribunda
1515 1277 1651 1302 ministros.

1042 1325 1125 1356 Ibid.
1156 1333 1308 1366 comptus:
1335 1327 1354 1357 i.
1387 1337 1412 1357 e.
1444 1327 1728 1359 cultus—ornatus.

997 1379 1108 1408 Festus
1123 1377 1161 1408 de
1176 1380 1278 1409 verbb.
1293 1384 1364 1408 vett.
1389 1384 1408 1396 “
1427 1381 1581 1418 Comptzcm
1595 1378 1724 1410 Afrani-

997 1433 1019 1448 “
1036 1441 1073 1460 us
1088 1440 1144 1469 pro
1159 1437 1270 1461 ornatu
1287 1436 1317 1460 et
1339 1432 1423 1460 cultu
1450 1429 1583 1469 posuit.’‘
1632 1431 1725 1461 Glos-

994 1483 1111 1512 sarium
1127 1487 1226 1512 vetus:
1255 1486 1277 1500 “
1298 1484 1448 1521 Campum,
1482 1483 1724 1523 naekzwmo-pcoess’

999 1533 1202 1570 Claudianus,
1219 1533 1257 1563 de
1272 1534 1310 1563 vi.
1326 1544 1409 1563 conS.
1427 1533 1550 1563 Honor.
1567 1536 1639 1564 525.

1254 1595 1402 1624 vcstesquc,
1414 1594 1441 1617 et
1453 1590 1564 1623 cingula,
1575 1591 1649 1616 comit

1029 1635 1105 1665 Saepe
1116 1640 1208 1658 manu.

998 1683 1050 1712 De
1065 1684 1122 1712 hac
1136 1693 1169 1712 re
1190 1682 1299 1722 Dictys
1325 1682 1493 1719 Cretensis,
1518 1681 1537 1712 i.
1555 1685 1604 1711 21.
1629 1685 1649 1700 “
1668 1682 1725 1712 In-

999 1738 1019 1750 “
1035 1733 1137 1771 terim,
1167 1733 1323 1773 virginem
1350 1732 1479 1772 Ulysses
1503 1738 1534 1761 et
1557 1732 1726 1763 Menelaus

1001 1787 1022 1802 “
1040 1794 1112 1814 cum
1131 1783 1495 1814 Calchante—sacrificio
1509 1784 1695 1814 adornanl.'’

1002 1825 1109 1876 Atque
1123 1835 1208 1865 haud
1222 1846 1302 1875 aegre
1312 1835 1508 1873 crediderim,
1520 1835 1642 1874 po'e'tam
1655 1846 1726 1866 nos-

1001 1894 1087 1918 trum
1102 1888 1135 1918 in
1150 1888 1280 1928 hujusce
1301 1887 1516 1926 descriptionis
1531 1892 1642 1917 ornatu
1657 1898 1727 1926 per-

1001 1939 1134 1970 ficiendo
1163 1939 1282 1969 fructus
1312 1939 1431 1979 aliquid
1470 1938 1655 1978 decerpsisse
1691 1950 1730 1970 ex

1001 1989 1202 2019 celeberrima
1217 1990 1395 2019 Timanthis
1415 1988 1532 2026 tabula,
1549 2000 1644 2029 quam
1662 1990 1731 2021 lau-

999 2040 1051 2070 dat
1068 2040 1294 2076 Quintilianus,
1310 2040 1350 2069 ad
1364 2040 1471 2070 institt.
1488 2046 1564 2070 orat.
1581 2040 1612 2070 ii.
1633 2045 1679 2071 15.
1695 2047 1727 2071 et

1004 2091 1138 2128 Plinius,
1166 2097 1227 2121 nat.
1256 2091 1330 2121 hist.
1355 2101 1444 2120 XXXV.
1460 2094 1516 2121 56:
1529 2095 1559 2121 δ’.
1583 2091 1637 2130 qui
1654 2098 1728 2122 sunt

1002 2141 1167 2172 lectoribus
1176 2141 1320 2172 adeundi.
1357 2141 1499 2171 Similem
1511 2141 1659 2171 tabellam
1670 2153 1727 2173 no-

1003 2193 1149 2223 minatim
1170 2193 1277 2223 laudat
1300 2192 1479 2232 AEschylus,
1515 2194 1541 2222 A
1547 2203 1629 2233 gam.
1657 2198 1729 2226 ⁴249.

1002 2246 1088 2276 hune
1103 2245 1206 2284 ipsum
1224 2244 1398 2285 Iphigeniae
1408 2249 1580 2274 mactatum
1593 2244 1724 2275 deflens:

1119 2311 1242 2344 Πξετεσοε
1255 2308 1286 2338 δ’,
1296 2310 1326 2337 ὡς
1339 2319 1358 2335 εν
1369 2316 1483 2343 γξοιφοιις.

1048 2353 1121 2384 Ver.
1138 2357 1187 2385 89.
1209 2353 1415 2383 Latinitatem
1438 2353 1569 2393 hujusce
1588 2352 1649 2382 loci
1663 2363 1729 2384 non

1001 2405 1172 2445 attigerunt
1187 2404 1333 2442 editores;
1357 2415 1415 2435 nec
1426 2404 1534 2442 miror,
1552 2415 1651 2445 quum
1662 2414 1728 2435 cre-

1001 2457 1134 2487 diderim
1149 2457 1284 2488 rationes
1299 2457 1365 2497 ejus
1380 2458 1566 2498 neutiquam
1581 2456 1642 2486 illis
1658 2466 1728 2496 per-

1003 2514 1119 2547 spectas
1134 2519 1213 2538 esse:
1237 2514 1268 2538 et
1282 2508 1377 2538 nimis
1392 2517 1501 2538 ornnes
1516 2508 1605 2547 proni
1620 2517 1729 2538 sumus

1003 2560 1208 2598 dissimulare,
1219 2566 1314 2600 atque
1320 2560 1444 2590 silentio
1454 2559 1644 2599 praetervehi,
1657 2569 1728 2598 quae

1001 2618 1074 2642 sunt
1083 2623 1176 2652 supra
1186 2618 1329 2643 nostrum
1339 2622 1471 2643 acumen
1481 2611 1589 2650 posita.
1620 2609 1725 2640 Struc-

1002 2669 1106 2694 turam
1132 2675 1205 2694 sane
1220 2665 1367 2694 orationis
1389 2665 1432 2693 sic
1454 2667 1577 2702 egomet
1600 2661 1728 2700 expedi-

1003 2716 1112 2755 verim,
1128 2717 1167 2747 ad
1183 2718 1267 2746 hunc
1282 2716 1423 2746 ordinem
1435 2715 1614 2743 verborum:
1636 2716 1657 2730 “
1670 2713 1727 2743 In-

1005 2769 1026 2784 “
1042 2767 1110 2797 fula
1134 2768 1261 2806 profusa
1285 2773 1331 2796 est
1352 2776 1389 2796 ex
1413 2764 1543 2804 utraque
1559 2763 1724 2800 malarum,

1004 2821 1026 2836 “
1042 2819 1108 2857 pari
1120 2818 1243 2858 parte:'’
1268 2818 1288 2847 i.
1306 2827 1330 2847 e.
1354 2815 1441 2856 aequzi
1456 2814 1623 2854 utrobique
1637 2825 1726 2844 men-

1002 2869 1083 2905 sura,
1098 2869 1142 2899 ita
1164 2875 1199 2899 ut
1213 2867 1286 2898 hinc
1301 2875 1332 2897 et
1347 2867 1433 2896 illinc
1448 2866 1487 2896 ad
1503 2865 1654 2895 amussim
1670 2866 1724 2895 de—

1002 2919 1159 2958 penderet,
1170 2918 1255 2959 justa
1269 2917 1477 2958 longitudinis
1491 2917 1699 2955 proportione.

1046 2970 1126 3001 Ibid.
1160 2968 1288 3010 prqfusa
1325 2975 1377 3001 est.
1431 2968 1512 2999 Haec
1541 2967 1652 3008 figura,
1684 2974 1723 2997 ex

977 3014 999 3041 5
