1894 3253
628 227 862 276 LIBER
916 226 1223 276 PRIMUS.

1619 233 1681 274 85

321 359 390 401 Sic
411 359 507 401 alias
528 374 692 416 quoque
713 376 776 402 res
797 361 904 402 inter
925 375 966 401 se
985 375 1104 416 posse
1124 359 1297 409 moveri,

320 434 376 476 Et
397 442 556 476 mutare
576 435 728 484 locum,
762 436 946 490 quamvis
967 435 1049 476 sint
1069 435 1210 475 omnia
1228 433 1362 489 plena.

321 509 483 550 Scilicet
504 509 546 549 id
568 509 665 550 salso
690 518 822 550 totum
844 510 1004 550 ratione
1025 518 1234 564 receptum
1256 517 1328 549 est.

320 582 446 633 Nam,
470 597 553 638 quo
575 583 822 639 squamigeri
842 590 1039 637 poterunt
1058 582 1282 637 procedere
1303 581 1486 632 tandem,

203 662 287 698 380
320 657 375 698 Ni
397 657 574 711 spatium
595 657 787 697 dederint
807 657 968 698 latices?
1004 657 1245 698 Concedere
1264 672 1392 713 porro

320 731 420 780 Quo
440 738 637 785 poterunt
658 732 799 781 undae,
823 747 949 787 quom
969 732 1099 787 pisces
1119 733 1179 773 ire
1199 733 1452 788 nequibunt?

317 805 406 847 Aut
427 805 554 861 igitur
574 813 690 846 motu
710 805 961 860 privandum
981 814 1041 847 est
1061 821 1238 862 corpora
1259 822 1449 863 quaeque,

317 880 406 921 Aut
427 895 512 920 esse
532 879 768 921 admixtum
789 880 1017 922 dicundum
1039 888 1099 921 est
1120 881 1242 922 rebus
1262 881 1405 931 inanc;

318 953 446 995 Unde
466 954 614 995 initum
635 955 818 1009 primum
840 955 976 1010 capiat
997 970 1061 996 res
1082 971 1258 1012 quaeque
1278 956 1485 998 movendi.

171 1111 206 1141 in
221 1110 378 1141 humilem
393 1110 466 1140 vitae
481 1110 619 1152 vulgaris
635 1112 759 1150 callem,
783 1124 802 1143 a
817 1113 905 1143 fasti-

170 1162 232 1202 giis
245 1162 367 1201 templi‚
384 1161 417 1191 in
432 1162 546 1202 quihus
560 1170 796 1194 commorantur
811 1164 905 1194 Veri-

171 1220 219 1243 tas
245 1220 276 1244 et
303 1212 521 1252 Philosophia:
548 1214 618 1244 vide
640 1215 672 1245 ii.
697 1218 724 1246 7.
741 1219 769 1246 8.
816 1216 905 1246 Hinc

172 1264 340 1305 Virgilius,
356 1274 424 1304 geo.
441 1264 485 1294 iii.
508 1268 554 1294 lo.

201 1332 303 1356 Primus
320 1339 371 1363 ego
388 1331 415 1355 in
435 1331 551 1363 patriam
563 1339 684 1363 mecum,
701 1333 784 1358 modo
794 1333 851 1357 vita
861 1340 903 1358 su-

294 1372 385 1403 pei-sit,

200 1411 281 1437 Aonio
292 1411 395 1437 rediens
406 1411 529 1436 deducam
541 1412 640 1438 vertice
650 1416 746 1438 Musas.

215 1461 289 1491 Ver.
323 1464 397 1492 572.
417 1463 567 1503 fingunt:
598 1464 637 1493 G.
656 1465 902 1506 sagana—prce-

169 1523 310 1544 currere:
339 1518 383 1543 Ω.
402 1523 594 1552 percurrere.

215 1564 298 1595 Ibid.
324 1564 412 1594 Ordo
443 1572 499 1595 est:
546 1569 568 1584 ‘⁶
588 1566 694 1607 Cogor
715 1578 905 1606 praecurrere

171 1619 195 1634 “
212 1615 303 1654 illud,
320 1615 404 1655 quod
419 1616 549 1656 quidam
564 1617 701 1658 fingunt,
715 1629 755 1648 ne
766 1620 863 1658 possit
875 1626 905 1650 te

171 1670 195 1687 “
211 1677 284 1698 vero
300 1667 492 1699 deducere:‘'
517 1669 538 1699 i.
554 1680 578 1699 e.
596 1669 683 1708 prius
695 1680 799 1711 cogor,
812 1682 909 1712 quam

171 1719 207 1750 in
222 1725 412 1760 argumento
427 1721 593 1752 commode
602 1721 722 1752 valeam
732 1723 907 1762 procedere,

175 1781 258 1802 vano
274 1771 401 1802 cuidam
422 1779 610 1813 argumento
636 1780 667 1803 et
691 1775 855 1805 temerario
884 1789 908 1807 εν

178 1822 290 1865 παραδῳ
305 1814 482 1853 occurrere.⁴

217 1874 293 1903 Ver.
312 1877 384 1904 575.
401 1876 584 1905 nitentibus:
604 1875 645 1904 V.
659 1875 705 1906 ed.
718 1879 904 1908 ualentibus:

175 1934 252 1954 nam
270 1924 367 1954 altera
388 1925 521 1955 varietas
544 1925 696 1962 lectionis,
722 1938 818 1967 quam
841 1939 908 1958 me-

175 1981 277 2005 morat
294 1976 545 2015 Hawmampus,
564 1979 722 2008 conatibus
734 1978 814 2016 dico,
824 1979 910 2009 haud

176 2026 273 2057 dubie
299 2027 448 2057 mendose
471 2028 615 2057 scribitur
637 2038 693 2066 pro
714 2032 906 2068 conantibus,

175 2091 213 2110 σε
241 2081 408 2110 nitentibus
435 2080 719 2119 interpretamenta
778 2081 829 2111 Sic
851 2083 905 2111 ab·

588 2132 619 2138 ...
669 2135 685 2142 ‚-

203 2198 290 2227 Hanc,
311 2202 341 2221 nt
365 2204 448 2229 prona
464 2198 531 2229 jugo
553 2197 656 2221 laevum
679 2197 854 2222 incumbebat
869 2198 905 2223 ad

295 2243 416 2267 amnem,

204 2277 320 2305 Dexter,
333 2276 359 2300 in
372 2277 514 2301 adversum
526 2276 618 2306 nitens,
629 2276 772 2301 concussit.

218 2332 300 2363 Ibid.
338 2337 540 2374 squamigeris
548 2349 558 2364 .·
599 2334 618 2363 i.
650 2344 675 2363 e.
706 2332 904 2364 animalibus.

175 2383 367 2414 Incomitatzi
389 2384 524 2414 dictione
547 2385 590 2414 sic
605 2390 636 2414 ct
653 2384 796 2414 Plinium
812 2395 906 2415 usum

173 2445 239 2465 esse
256 2435 356 2473 video,
373 2443 436 2466 nat.
452 2437 521 2466 hist.
540 2436 579 2464 xi.
597 2439 650 2466 50.
682 2441 700 2453 ‘⁶
720 2435 822 2465 Simili
838 2447 906 2466 mo-

174 2486 198 2501 “
215 2481 256 2512 do
270 2485 472 2522 squamigeris
488 2490 579 2523 atque
596 2486 820 2524 serpentibus.'’

218 2533 297 2563 Ver.
328 2536 402 2563 574.
439 2536 575 2573 liquidas
605 2538 677 2566 vias.

175 2584 253 2614 AEn.
273 2595 298 2614 v,
317 2587 388 2614 217.

269 2645 347 2669 Radit
359 2645 406 2668 iter
416 2645 551 2677 liquidum.

738 2537 904 2577 Virgilius,

176 2696 271 2732 Quod
287 2697 523 2728 hemistichium
545 2698 670 2739 juvenis
691 2700 819 2740 quidem
844 2702 905 2732 ele·

175 2749 278 2788 gantis
294 2750 415 2790 ingenii
431 2750 471 2780 ad
494 2750 733 2781 celeberrimum
758 2759 905 2784 tonsorem

179 2799 484 2841 Cantabrigiensem‚
512 2813 609 2832 manu
632 2802 793 2833 celeri-imit
807 2804 904 2834 offici-

176 2860 233 2880 um
248 2863 341 2883 suum
357 2861 572 2895 peragentem,
589 2865 662 2885 cum
680 2854 804 2886 summai
820 2856 903 2887 festi-

175 2902 269 2934 vitate
284 2906 450 2938 transtulit.

995 1113 1075 1144 Ibid.
1098 1115 1219 1154 aperire
1233 1115 1308 1145 vias.

950 1164 990 1194 xi.
1013 1168 1084 1195 884.

1358 1114 1451 1145 Idem
1476 1114 1581 1154 Maro,
1606 1117 1681 1148 ΖΕΗ.

1269 1247 1328 1272 pars
1338 1240 1463 1266 claudere
1472 1244 1572 1273 portas,

1010 1280 1033 1303 N
1036 1287 1066 1304 ec
1079 1280 1154 1304 sociis
1164 1279 1263 1312 aperire
1272 1279 1359 1304 viam.

991 1354 1068 1385 Ver.
1083 1358 1125 1386 57
1130 1358 1157 1386 7.
1173 1358 1253 1386 sint:
1274 1360 1308 1387 Σ.
1325 1366 1361 1386 ac
1376 1355 1559 1387 collationes
1575 1357 1680 1388 Hein-

949 1406 1057 1445 sianae‚
1073 1414 1162 1439 sunt:
1181 1413 1222 1444 et,
1234 1407 1268 1437 in
1280 1418 1370 1438 versu
1386 1407 1540 1445 veniente,
1559 1416 1600 1440 Π.
1616 1420 1681 1441 non

946 1458 1089 1498 agnoscit
1101 1465 1155 1490 est.
1681 1461 1686 1465 ’

991 1509 1067 1540 Ver.
1082 1513 1124 1541 57
1129 1515 1156 1542 9.
1180 1511 1255 1541 Hoc
1270 1510 1346 1541 dicit
1359 1511 1460 1550 poeta,
1477 1522 1515 1542 ex
1530 1514 1684 1544 concessis

950 1562 1118 1593 adversarii
1133 1564 1338 1596 concludens:
1367 1569 1389 1584 “
1408 1567 1579 1602 Quomodo
1594 1574 1682 1607 pote-

950 1617 972 1632 “
983 1621 1053 1645 rant
1062 1616 1161 1655 pisces
1170 1617 1347 1656 procedere,
1356 1618 1415 1648 nisi
1426 1619 1569 1649 cedentes
1578 1619 1685 1650 latices

954 1670 976 1685 ‘⁶
993 1669 1076 1699 viam
1106 1670 1279 1709 aperirent?
1313 1672 1398 1712 quod
1423 1678 1557 1703 tutemet
1587 1673 1684 1704 etiam

954 1720 976 1737 “
993 1720 1158 1750 confiteris.
1206 1721 1316 1761 Atqui,
1340 1724 1398 1752 hoc
1425 1724 1596 1763 confessus,
1627 1736 1681 1755 va-

954 1776 976 1792 “
994 1783 1091 1804 cuum
1118 1773 1184 1803 unzi
1211 1775 1304 1813 operfi
1327 1775 1484 1806 concedis:
1512 1788 1597 1814 nam,
1623 1779 1684 1808 nisi

953 1831 973 1844 “
990 1830 1069 1855 esset
1084 1835 1232 1864 vacuum,
1249 1831 1280 1855 et
1295 1826 1393 1865 pisces
1408 1827 1525 1857 moveri
1546 1836 1682 1868 possent,

954 1883 973 1897 “
993 1877 1071 1908 nihil
1087 1877 1147 1908 loci
1163 1879 1313 1915 haberent
1328 1878 1442 1915 latices,
1470 1879 1511 1909 ad
1532 1890 1629 1920 quem
1651 1893 1684 1912 se

955 1934 976 1948 “
993 1930 1177 1968 reciperent.
1210 1930 1298 1970 Ergo
1313 1929 1405 1960 datur
1420 1940 1566 1969 vacuum,
1583 1943 1685 1972 quum

955 1986 976 2001 “
993 1981 1091 2020 pisces
1105 1987 1302 2019 moveantur,
1319 1987 1349 2011 et
1364 1981 1471 2012 latices
1484 1983 1662 2014 recedant.”

994 2033 1069 2063 Ver.
1099 2036 1172 2062 581.
1215 2034 1279 2067 Quo
1306 2039 1466 2072 poterunt:
1504 2034 1544 2063 V.
1575 2035 1622 2065 ed.
1646 2036 1685 2067 B.

956 2086 1030 2118 (2211ae
1048 2090 1207 2124 poterant:
1233 2084 1294 2114 levi
1316 2084 1520 2121 aberratione,
1544 2091 1579 2115 ut
1599 2087 1682 2117 arbi-

949 2142 1023 2175 trer,
1039 2146 1096 2176 pro
1111 2136 1171 2177 qud
1179 2152 1190 2173 ;
1217 2147 1274 2167 nec
1289 2137 1425 2168 deterior
1442 2139 1508 2168 haec
1523 2138 1605 2169 foret
1619 2139 1682 2170 lec-

949 2188 1002 2218 tio.

994 2239 1076 2269 Ibid.
1099 2250 1200 2279 quom,
1224 2240 1273 2270 vel
1295 2252 1381 2271 cum:
1408 2241 1445 2270 P.
1463 2241 1503 2271 V.
1519 2241 1568 2271 ed.
1586 2242 1627 2271 B.
1646 2239 1683 2274 A.

951 2297 991 2320 Π.
1018 2295 1052 2322 Σ.
1075 2303 1156 2331 quo5
1178 2291 1328 2331 reliquiae,
1356 2291 1389 2321 ni
1419 2291 1520 2330 fallor,
1551 2298 1682 2323 vetustae

951 2341 1139 2380 scriptionis,
1156 2353 1252 2382 quam
1268 2353 1325 2372 nos
1337 2343 1369 2372 in
1382 2344 1440 2373 hoc
1448 2343 1600 2373 vocabulo
1611 2354 1680 2382 pas-

951 2392 1010 2421 sim
1041 2393 1228 2423 exhibemus
1257 2394 1297 2423 ad
1327 2394 1460 2424 aliorum
1488 2395 1681 2434 exemplum,

950 2455 1052 2484 quom,
1068 2445 1191 2475 brevius
1206 2452 1347 2476 exaratae.

1628 2501 1681 2532 De

950 2551 1009 2579 hoc
1025 2560 1140 2590 genere
1156 2551 1396 2581 constructionis
1419 2552 1492 2581 satis
1509 2552 1576 2591 jam
1599 2553 1680 2583 dixi-

949 2612 1020 2630 mus
1036 2601 1068 2630 in
1085 2602 1307 2640 superioribus,
1323 2603 1363 2632 ad
1379 2613 1439 2632 ver.
1460 2604 1617 2633 lla—Et
1636 2604 1681 2634 ita

953 2652 1158 2691 concipienda
1186 2659 1232 2682 est
1262 2654 1328 2682 haec
1358 2653 1530 2684 conclusio:
1573 2659 1594 2672 “
1610 2656 1680 2686 Aut

953 2709 974 2722 “
989 2704 1086 2743 igitur
1101 2704 1270 2734 dicendum
1290 2711 1336 2733 est
1351 2704 1430 2734 nihil
1445 2706 1563 2736 moveri
1577 2717 1680 2746 posse,

953 2759 975 2773 “
991 2761 1045 2784 aut
1055 2755 1290 2784 admittendum
1300 2765 1446 2786 vacuum:
1467 2757 1520 2788 sed
1529 2758 1682 2789 concedes

953 2811 972 2824 “
987 2805 1093 2835 latices
1108 2806 1237 2843 moveri,
1261 2812 1291 2836 et
1314 2807 1452 2846 piscibus
1466 2808 1572 2839 locum
1587 2809 1675 2840 dare:

951 2861 972 2876 “
989 2857 1128 2887 admittis
1142 2868 1216 2897 ergo
1232 2859 1398 2889 vacuum.’'

993 2908 1069 2940 Ver.
1085 2912 1157 2939 585.
1181 2911 1362 2942 dicundum.
1398 2911 1450 2942 Ita
1463 2911 1614 2952 scriptum
1628 2910 1678 2942 in·

994 2498 1068 2527 Ver.
1085 2501 1159 2528 582.
1176 2501 1366 2538 privandwn
1389 2506 1430 2530 est
1447 2511 1582 2539 corpora.
