1894 3253
619 274 850 325 LIBER

905 274 1216 326 PRIMUS.
1579 286 1669 325 185

303 410 362 451 At
382 418 527 452 contra
545 410 704 452 tenueis
724 418 940 465 exponunt
960 409 1066 451 ae’ris
1086 423 1224 460 auras,

303 485 360 526 Et
380 485 532 527 calidos
552 486 672 527 simul
692 501 716 527 a
735 485 873 527 medio
893 484 1095 526 differrier
1115 484 1267 542 igneis;

303 560 444 616 Atque
463 560 557 602 ideo
577 569 711 602 totum
732 561 888 602 circum

908 568 1083 601 tremere
1102 559 1259 600 aethera
1289 558 1433 615 signis,

303 634 359 676 Et
380 635 473 676 solis
492 635 701 676 flammam
721 650 796 690 per
815 634 906 677 coeli
927 633 1078 676 caerula
1097 633 1224 688 pasci,

254 794 339 817 Prona
351 794 448 824 petunt
459 794 532 817 retro
541 791 629 823 fluvii
641 793 748 824 juga-.

160 842 320 883 Denique,
341 842 541 881 proverbium
559 842 718 879 Graecum,
743 842 827 883 quod
842 843 891 873 hae

159 893 283 924 dicendi
298 893 442 924 formulae
456 893 641 932 respiciunt,
662 893 705 924 sic
721 893 891 934 Euripides

160 946 302 977 elocutus
317 952 374 985 ent,
392 947 488 985 Supp.
504 949 575 977 521.

559 1022 610 1037 σινω
621 1021 673 1046 γαρ
684 1022 715 1037 ειν
730 1012 773 1047 ρεοι

237 1061 288 1084 Tm
299 1058 437 1084 NAMA&
446 1059 529 1089 οὕτως,
542 1069 558 1084 ει
567 1057 752 1093 ’πιταξομεσθα
765 1060 801 1088 δη.

160 1121 281 1161 Vulgo,
308 1121 525 1159 insulsissime,
551 1128 595 1154 Ta
612 1125 764 1164 πραγμαέῗ
790 1123 888 1158 οὕτως.

161 1175 203 1205 In
227 1175 438 1214 Propertium,
466 1175 568 1206 simile
593 1182 777 1206 tractantem
795 1186 889 1216 argu-

162 1232 318 1263 mentum,
346 1233 376 1256 et
392 1227 516 1267 egregie
531 1233 724 1266 corruptum,
754 1237 889 1257 acumen

162 1276 282 1317 ingenii
298 1277 360 1307 mei
375 1278 582 1316 periclitabor,
598 1278 638 1308 ad
653 1279 672 1309 i.
691 1282 739 1310 15.
756 1283 806 1310 29.

190 1337 269 1361 Pulsa
281 1337 351 1367 prius
360 1345 447 1362 vacuo
459 1338 582 1362 labantur
593 1338 706 1362 flumina
716 1342 812 1370 ponto,

220 1380 312 1402 Annus
323 1383 350 1403 et
361 1378 476 1403 inversas
487 1379 596 1403 duxerit
607 1383 672 1403 ante
684 1379 780 1403 vias—.

161 1428 315 1459 Codicum
331 1430 491 1460 varietates
507 1430 591 1469 apud
607 1431 830 1461 Burmannum
844 1430 889 1460 vi-

156 1480 242 1518 deas,
260 1488 291 1511 et
304 1482 432 1512 fortasse
447 1482 574 1512 conatui
590 1492 662 1512 meo
676 1482 815 1521 plaudes.

203 1533 276 1564 Ver.
293 1537 386 1565 1085.
408 1534 509 1564 Hunc
523 1545 660 1571 versum,
684 1540 719 1564 ut
740 1534 889 1565 adulteri-

160 1597 251 1624 num,
276 1586 367 1616 obelo
392 1586 533 1616 confodit
551 1586 730 1624 Bentleius;
753 1592 784 1616 et
799 1597 888 1624 sane,

159 1639 185 1668 si
205 1638 329 1669 credere
355 1638 489 1678 dignum
514 1644 571 1676 est,
602 1638 795 1669 Bodleianus
825 1649 889 1670 non

159 1690 308 1730 agnoscit.
352 1690 463 1727 Nobis,
486 1696 522 1720 ut
537 1690 726 1730 exegeticuS,
750 1690 890 1731 adeoque

159 1742 389 1782 simplicitatem
402 1743 463 1772 stili
477 1743 658 1773 Lucretiani
673 1743 805 1782 sapiens,
818 1743 889 1773 nul-

161 1793 192 1823 lo
218 1793 312 1824 modo
339 1794 489 1833 displicet.
536 1795 646 1830 Porro,
675 1799 710 1825 Δ.
732 1795 799 1824 vice
819 1805 890 1825 con-

161 1848 331 1884 tineantur,
346 1848 440 1876 habet
453 1849 685 1877 continu-antur.

206 1897 290 1927 Ibid.
316 1900 407 1937 quasi
428 1904 545 1928 terreno
567 1909 705 1937 corpore:
738 1898 758 1929 i.
774 1909 801 1929 e.
826 1909 891 1929 non

164 1948 286 1988 proprie
300 1954 421 1978 terrena
443 1949 674 1988 tantummodo,
697 1949 751 1980 sed
773 1950 890 1990 lignea,

163 2011 287 2038 cornea,
298 2006 334 2030 ut
342 2000 431 2040 Virg.
443 2002 517 2031 „Em
533 2002 570 2032 vi.
583 2005 653 2032 752.
665 2005 780 2034 terreni
790 2009 892 2038 artus,-

163 2059 255 2092 atque
269 2052 331 2081 alia
353 2053 413 2082 hoc
429 2063 542 2092 genus:
570 2059 604 2083 ut
622 2064 819 2094 nequaquam
836 2054 893 2084 sua

163 2105 194 2134 vi
215 2103 401 2133 vocabulum
423 2106 514 2144 quasi
531 2104 726 2135 destituatur.
773 2105 892 2142 Cicero,

164 2158 194 2189 T
195 2169 257 2189 usc.
281 2159 378 2198 dispp.
393 2159 412 2189 i.
427 2164 479 2190 20.
511 2163 532 2177 “
550 2160 635 2189 Nam
650 2170 737 2190 nunc
752 2160 893 2200 quidem,

164 2214 186 2228 “
202 2221 396 2251 quamquam
422 2211 580 2241 foramina
603 2211 669 2249 illa,
696 2222 765 2252 quae
787 2218 894 2250 patent

163 2265 187 2280 “
203 2262 241 2292 ad
253 2263 397 2293 animum
413 2274 431 2293 a
446 2274 583 2303 corpore,
600 2263 801 2294 callidissimo
815 2264 889 2294 arti-

165 2317 187 2331 “
203 2313 275 2342 ficio
290 2321 400 2344 natura
413 2315 563 2345 fabricata
578 2321 634 2353 est,
656 2322 763 2346 tamen
778 2328 813 2347 ea
828 2322 889 2347 ter-

164 2368 189 2383 “
203 2367 286 2394 renis
310 2365 521 2406 concretisque
543 2367 723 2406 corporibus
746 2375 820 2398 sunt
841 2369 890 2398 in-

166 2419 188 2433 “
205 2420 347 2453 tersaepta
375 2415 637 2454 quodammod0.‘’
694 2419 744 2449 Sic
765 2419 895 2450 fortasoe

167 2465 388 2505 supplendum.
434 2466 541 2507 Vulgo
563 2468 629 2497 sine
652 2480 698 2504 ea,
723 2470 779 2499 sed
797 2470 894 2500 codex

166 2519 270 2549 Oxon.
295 2519 388 2548 habet
402 2530 431 2548 a.
476 2520 648 2558 Arnoffius,
665 2521 717 2551 lib.
739 2521 770 2551 ii.
793 2532 821 2560 p.
841 2527 892 2556 61.

164 2570 203 2600 de
218 2569 342 2600 animai:
371 2573 392 2587 “
409 2570 494 2600 Nolo
508 2570 596 2600 illam
611 2571 738 2607 discere,
759 2573 813 2603 sed
833 2573 890 2604 do-

164 2626 188 2642 “
205 2632 273 2652 cere
280 2634 289 2659 ;
315 2632 371 2652 nec
387 2632 424 2651 ex
440 2622 540 2660 doctri,
562 2630 598 2652 ut
613 2623 736 2661 dicitur,
752 2625 890 2656 elemen-

166 2677 188 2692 “
204 2674 316 2703 tariam
336 2672 418 2711 fieri3
443 2674 509 2711 sed,
537 2674 724 2705 retinentem
739 2686 786 2706 res
811 2688 892 2712 suaS,

166 2729 187 2743 “
202 2726 375 2765 corporibus
391 2731 489 2755 semet
503 2726 719 2767 circumligare
733 2728 892 2759 terrenc's.’'

167 2776 206 2806 In
219 2778 333 2818 quibus
348 2779 492 2808 animum
507 2779 646 2809 advertat
661 2780 757 2810 lector
771 2781 890 2811 formu-

164 2827 229 2859 lam
243 2831 395 2861 sermonis
411 2831 555 2861 Paulinae
570 2832 750 2872 gemellam,
775 2836 788 2862 1
807 2833 891 2863 Tim.

164 2878 206 2908 iv.
222 2883 252 2910 3.
275 2889 441 2914 κωλωντων
456 2897 572 2923 γκμειν,
596 2887 759 2924 απεχεσέαε
774 2888 891 2927 βρωμα-

168 2943 238 2960 τωνε
263 2942 359 2973 quam
380 2945 438 2964 nos
452 2935 493 2965 ad
519 2935 592 2966 Silv.
610 2935 686 2966 Crit„
713 2935 790 2966 Sect.
813 2936 894 2966 xxixa

166 2981 274 3020 paucis
300 2983 530 3018 illustravimus.
578 2987 674 3018 Hanc
699 2994 805 3019 autem
833 2988 892 3018 mi-

936 792 1021 822 nime
1051 796 1203 827 tenentes,
1234 789 1374 831 Lysiam,
1414 794 1521 821 contra
1552 787 1670 821 Philoc.

935 843 1006 883 epil.
1023 854 1088 874 non
1114 842 1270 873 intellexit
1290 841 1448 878 Reiskius‚
1476 848 1518 880 et,
1545 841 1585 872 ad
1603 841 1672 881 ejus

934 901 1075 925 mentem
1096 893 1305 925 inconsultius
1327 893 1530 932 interpolans,
1558 892 1670 933 Auge-

935 957 989 977 rus
1003 947 1194 987 depravavitt
1223 952 1269 981 Τις
1282 945 1304 977 δ’
1322 959 1357 977 εκ
1373 945 1438 976 οιδεν
1450 948 1592 979 Αθηναιων
1609 959 1672 988 τρια

936 1006 1076 1030 ‘raama-a
1113 1011 1192 1041 παρα
1225 1004 1391 1040 Εργοκλεες
1428 1000 1670 1039 μεσεγγυῆθεντω

937 1064 992 1084 ‘fols
1010 1058 1136 1091 &5786113
1161 1063 1181 1081 Et
1197 1049 1323 1080 Buvoetw'o
1339 1063 1425 1080 Μιλτᾶν
1441 1063 1542 1088 ffam'oet,
1565 1063 1614 1080 καί
1629 1063 1672 1089 μη

936 1118 1121 1147 κατηγορειν;
1163 1104 1214 1135 Sic
1249 1104 1457 1134 sincerissime
1487 1104 1606 1146 legitur
1636 1103 1671 1134 in

936 1156 1066 1187 Aldina.
1099 1157 1174 1187 Non
1187 1156 1314 1186 aliunde
1330 1156 1446 1195 pendet
1461 1156 1522 1186 loci
1539 1156 1573 1186 in
1589 1156 1672 1187 Dio-

934 1219 1014 1248 gene
1030 1208 1169 1246 Laertio,
1196 1207 1229 1238 ii.
1257 1210 1307 1239 95.
1332 1207 1521 1246 intellectus,
1550 1208 1606 1238 ubi
1623 1208 1670 1239 Μ.

937 1259 1143 1289 Casaubonus
1181 1260 1305 1299 egregie
1346 1259 1538 1297 luditicatus,
1576 1270 1673 1290 vanas

935 1310 1130 1350 conjecturas
1144 1310 1308 1351 prodigere
1333 1310 1496 1340 sustinuit:
1524 1318 1628 1354 Λνῃρεν
1643 1311 1670 1342 δε

935 1375 986 1392 aa}
1002 1376 1056 1396 ‘a‘d3
1073 1364 1221 1398 ΜΙΠΔἏἚἜΙΞ,
1246 1375 1282 1393 Βκ
1304 1363 1460 1404 ακρίζ8σαὶ
1479 1376 1531 1396 ‘fni'
1547 1376 1670 1403 ξπίγνω·

934 1425 986 1445 σιν·
1012 1428 1067 1444 των
1083 1415 1109 1444 τ’
1127 1421 1253 1454 ευλσγως
1271 1421 1439 1454 manoperam
1456 1427 1558 1445 ’ταντα
1575 1427 1671 1457 πρατ-

936 1479 1010 1496 τεινε
1032 1476 1147 1505 nempe
1164 1478 1199 1496 εκ
1217 1478 1326 1508 ανῃρεν,
1344 1478 1520 1504 επε-τοιττον,
1536 1473 1671 1497 εκελευω.

936 1517 1089 1547 Similiter
1116 1517 1343 1553 Tertullianus,
1375 1516 1454 1556 apol.
1482 1526 1548 1556 cap.
1574 1521 1672 1549 55.—

935 1578 956 1592 “
972 1574 1025 1614 qui
1051 1585 1108 1604 nos
1134 1574 1249 1604 nolunt
1276 1575 1441 1605 Romanos
1465 1575 1584 1613 haberi,
1617 1573 1671 1604 sed

936 1630 956 1644 ‘⁸
971 1627 1075 1656 hostes
1098 1626 1277 1666 principum
1302 1626 1557 1656 Romanorum.’'
1604 1626 1672 1656 Ne-

935 1689 995 1718 que
1010 1677 1132 1707 alienus
1147 1684 1192 1707 est
1206 1676 1292 1707 idem
1303 1676 1518 1707 nobilissimus
1531 1676 1669 1707 Tarsen-

936 1729 987 1766 sis,
1005 1728 1099 1758 modo
1115 1733 1320 1765 memoratus,
1344 1727 1418 1758 ibid.
1434 1728 1465 1758 ii.
1484 1732 1533 1758 12.
1558 1736 1672 1760 rvvmm

936 1780 962 1811 δέ
989 1780 1126 1812 ἒλὲαᾶκιξίν
1143 1793 1179 1811 Βκ
1207 1792 1360 1822 ξπμῗρξπω,
1387 1779 1431 1810 ΒΣΞ
1460 1783 1596 1812 oevssqu'sw
1623 1796 1671 1812 oev-

1432 1833 1514 1864 Vide
1541 1834 1671 1875 insuper

935 1885 1100 1915 Davisium
1120 1885 1161 1916 ad
1181 1885 1245 1916 Cic.
1261 1885 1300 1915 de
1323 1885 1398 1915 finn.
1422 1886 1456 1916 ii.
1475 1891 1504 1917 8.
1551 1887 1670 1919 Sanctii

937 1940 1073 1970 Minerv.
1086 1939 1126 1969 ix.
1139 1943 1167 1970 8.
1181 1939 1234 1970 fin.
1267 1940 1351 1970 Cum
1365 1940 1508 1971 trimetro
1523 1942 1668 1983 denique,

932 1833 1001 1876 δρος·
1026 1835 1098 1864 αλλ’
1118 1847 1182 1864 mm
1210 1847 1234 1864 εν
1264 1834 1384 1874 vio-uxta.

938 2004 1033 2034 quem
1056 1993 1110 2024 dat
1133 1993 1258 2024 ‘Marius
1274 1993 1468 2033 Victorinus,
1491 2002 1548 2026 art.
1570 2006 1670 2037 gram.

938 2045 958 2075 i.
973 2056 1003 2084 p.
1020 2048 1112 2077 2504.
1134 2046 1221 2075 hunc
1236 2055 1404 2076 excursum
1420 2046 1582 2085 claudam5
1606 2058 1670 2078 non

938 2097 1136 2138 indigentem
1162 2103 1279 2134 tamen,
1311 2104 1347 2128 ut
1377 2109 1510 2138 sperem,
1541 2110 1669 2130 excusa-

937 2151 1041 2188 tionis,
1068 2162 1168 2192 quum
1191 2162 1272 2190 rem,
1302 2150 1412 2182 multis
1440 2153 1514 2183 viris
1541 2154 1671 2184 eruditis

936 2214 1051 2244 parum
1073 2209 1262 2243 perceptam,
1285 2210 1405 2245 tangat,
1429 2211 1522 2245 atque
1543 2205 1583 2235 ad
1600 2206 1668 2245 jus-

933 2261 999 2285 tam
1013 2255 1255 2295 intelligentiam
1267 2255 1409 2285 locorum
1426 2256 1666 2286 innumerabili-

934 2317 990 2337 um
1004 2306 1090 2337 haud
1104 2306 1215 2336 leviter
1234 2307 1403 2337 conducat:

1030 2375 1128 2398 Amare
1139 2373 1213 2402 nolo,
1225 2379 1275 2398 nec
1287 2373 1388 2403 dolere,
1400 2373 1494 2398 Clinia.

981 2432 1054 2462 Ver.
1085 2436 1176 2462 1086.
1209 2435 1326 2463 tenueis
1357 2434 1439 2463 aeris
1468 2442 1571 2462 auras.
1618 2430 1670 2461 Sic

939 2484 1044 2521 Maro,
1065 2494 1134 2524 geo.
1150 2484 1190 2514 iv.
1207 2487 1281 2514 311.

1084 2555 1237 2582 tenuemque
1248 2551 1343 2583 magn,
1355 2551 1451 2582 magis,
1462 2550 1526 2575 αὲνα
1535 2553 1664 2582 carpunt:

935 2622 967 2645 et
983 2616 1100 2646 ibidem
1116 2615 1180 2654 ille,
1196 2626 1260 2646 ver.
1279 2619 1353 2646 500.

1318 2693 1367 2711 ceu
1378 2685 1470 2711 fumus
1480 2686 1508 2710 in
1517 2693 1596 2711 auras

1000 2726 1165 2750 conmixtus
1178 2726 1270 2750 tenuis.

938 2782 1049 2819 Porro,
1064 2782 1130 2812 vice
1145 2785 1236 2818 aeris,
1256 2782 1295 2812 V.
1312 2781 1361 2813 ed.
1380 2790 1476 2814 artus.

982 2833 1054 2864 Ver.
1089 2837 1180 2865 1087.
1203 2836 1318 2865 medio:
1354 2842 1395 2866 Π.
1424 2835 1663 2878 mara—defler-

937 2888 1015 2916 ricr:
1043 2887 1083 2916 V.
1100 2886 1148 2916 ed.
1171 2889 1322 2918 ‹lisserc‘er.

980 2937 1054 2968 Ver.
1086 2941 1180 2968 1088.
1215 2940 1332 2969 circum
1362 2945 1504 2970 tremere:
1541 2945 1665 2978 propter

937 2988 1171 3029 scintillantem,
1193 2990 1410 3031 palpitantem,
1440 3001 1477 3022 ac
1493 2991 1665 3026 nictantem

898 3047 930 3077 N
946 3052 965 3078 ‘2
