1894 3253
664 296 666 298 .
705 251 766 299 Τ.
819 248 1202 298 LUCRETII

349 384 446 435 Qus
466 400 511 427 re
533 383 710 440 Religio,
731 382 905 438 pedibus
926 381 1119 437 subjecta,
1141 380 1317 422 vicissim

266 465 320 501 80
352 459 581 508 Obteritur‚
603 472 679 498 nos
699 464 892 512 exaequat
910 455 1081 497 victoria
1100 454 1216 495 coelo.

410 533 517 574 Illud
535 533 579 573 in
600 532 678 573 hiis
698 532 819 573 rebus
840 546 998 581 vereor,
1021 545 1074 571 ne
1093 529 1199 571 forte
1220 528 1345 570 rearis

353 608 474 662 Inpia
493 616 533 649 te
552 607 722 648 rationis
743 607 848 648 inire
868 606 1083 656 elementa,
1105 605 1295 660 viamque

208 754 279 782 490.
306 748 359 788 qui
385 747 472 778 locus
500 747 690 779 Lucretiano
718 758 784 779 non
810 747 935 778 cesserit

209 800 414 831 sublimitate:

239 861 325 891 Felix,
337 861 381 892 qui
391 860 481 893 potuit
491 867 581 886 rerum
593 867 754 892 cognoscere
765 866 878 888 caussas;

239 903 330 932 Atque
341 906 429 926 metus
440 902 537 931 omnis,
549 905 576 925 et
587 900 752 925 inexorabile
765 901 871 929 Fatum,

240 943 346 975 Subje’cit
353 943 468 975 pedibus,
478 943 675 974 strepitumque
684 941 842 966 Acherontis
850 941 931 964 avari.

251 993 328 1023 Ver.
347 997 399 1024 80.
449 994 602 1023 Obterz'tur
612 993 750 1031 pedibus.
786 989 935 1020 Sublimis

208 1051 254 1076 est
275 1045 381 1085 imago
396 1044 530 1082 victoris,
546 1044 626 1074 hosti
642 1043 761 1073 domito
783 1042 937 1072 insultan-

208 1098 258 1135 tis,
270 1103 300 1127 et
313 1098 443 1136 superbe
454 1095 830 1139 calcantisisubjacentem.
862 1094 935 1124 :Ma-

209 1160 256 1187 ro,
273 1150 348 1179 ΖΕΗ.
366 1148 418 1178 xii.
428 1151 502 1180 556.

240 1207 396 1232 semianimi
405 1207 525 1238 labsoque
535 1206 688 1238 supervenit
695 1214 702 1236 3
721 1209 759 1235 et,
768 1204 830 1236 pede
841 1204 899 1228 collo

241 1250 364 1279 inpresso,
375 1247 483 1272 dextrae
494 1253 654 1271 mucronem
666 1246 822 1276 extorquet.

211 1296 357 1334 Ovidius,
373 1302 446 1327 met.
462 1296 525 1326 viii.
541 1299 613 1327 425.

273 1357 341 1387 Ipse,
349 1355 412 1387 pede
422 1355 546 1387 imposito,
557 1358 633 1387 caput
645 1353 782 1379 exitiabile
791 1352 890 1385 pressit.

213 1405 295 1436 Vide
309 1405 400 1445 plura
410 1405 444 1435 in
459 1405 531 1436 Silv.
550 1405 624 1436 Crit.
641 1404 660 1434 i.
676 1415 704 1443 p.
719 1406 788 1433 102.
833 1402 941 1431 Habet

214 1464 259 1488 Ω.
274 1458 440 1497 opperitur.

255 1509 337 1539 Ibid.
354 1520 406 1539 nos
421 1515 558 1549 eoeaequat
572 1509 699 1539 victoria
716 1508 795 1538 caelo.
841 1505 940 1543 Hinc,

210 1561 339 1602 ignarus
354 1561 430 1601 quid
445 1561 569 1591 codices
584 1560 796 1600 praeciperent,
812 1557 943 1597 propiiis

210 1613 328 1644 viribus
342 1613 525 1643 mendosam
544 1612 671 1643 Manilii
686 1611 853 1641 lectionem
869 1620 938 1649 pro-

210 1665 402 1706 ffigawram,
418 1665 459 1695 ad
472 1666 503 1695 ii.
521 1669 591 1696 542.

274 1725 345 1750 Am's
354 1729 385 1749 ut
396 1725 503 1756 ingenio
514 1725 605 1749 divina
615 1725 736 1756 potentia
747 1727 848 1754 surgat,

274 1763 554 1796 Exaequentquefidem
566 1764 624 1788 coelo
635 1763 760 1788 mortalia
771 1764 867 1787 corda:

211 1815 233 1845 i.
251 1825 276 1845 e.
294 1818 316 1832 “
332 1819 369 1844 ut
382 1814 541 1853 persuasio
563 1820 594 1843 et
610 1812 739 1843 scientia
760 1810 942 1841 mortalium

214 1869 235 1884 “
263 1865 359 1906 aequis
383 1865 523 1904 passibus
552 1864 741 1895 comitentur
770 1861 942 1893 coelestium

213 1921 236 1936 “
249 1917 412 1957 signorum
428 1916 491 1945 vim
503 1922 596 1956 atque
611 1912 941 1945 demonstrationem.⁷’

213 1969 300 2000 Nam
318 1968 436 1998 Carum
446 1967 568 1997 videtur
582 1967 723 1997 aemulari
739 1966 866 2004 phrasis.

258 2021 333 2050 Ver.
350 2023 399 2049 81.
422 2021 502 2049 hiis.-
527 2018 574 2048 ita
589 2018 688 2048 nostri
711 2016 832 2046 codices
854 2015 940 2045 exhi-

215 2075 290 2104 bent
303 2077 428 2102 tantum
449 2081 514 2100 non
537 2069 788 2100 constantissimo
810 2077 940 2098 consen-

214 2136 266 2156 su:
286 2134 381 2165 quam
395 2122 663 2163 orthographiam,
679 2129 715 2153 ut
730 2121 940 2157 vetustiorem,

216 2187 279 2218 quo
294 2175 401 2205 minus
415 2174 503 2215 sequi
518 2173 697 2211 debeamus,
720 2183 816 2213 quam
831 2172 864 2201 in
879 2173 942 2201 Dii

215 2235 246 2260 et
263 2227 488 2265 consimilibus,
503 2226 583 2256 nihil
597 2226 745 2267 equidem
759 2235 874 2255 caussae
888 2234 940 2254 va-

214 2281 265 2311 leo
280 2280 461 2311 discernere.
505 2277 589 2308 Vide
605 2277 644 2308 ad
658 2288 685 2307 v.
701 2280 773 2308 550.

257 2333 333 2362 Ver.
346 2335 396 2362 82.
406 2331 537 2362 rationis
552 2332 632 2360 inire
643 2331 787 2360 elementa
796 2343 807 2360 :
825 2329 868 2359 sie
879 2331 941 2359 im·-

217 2395 248 2414 νε
263 2385 425 2421 rationem,
441 2382 512 2413 Ter.
530 2381 659 2413 Phorm.
675 2387 707 2412 et
724 2381 790 2412 Cic.
808 2381 842 2410 in
857 2380 943 2420 epist.

217 2435 384 2477 Virgilius,
401 2436 476 2466 AEn.
487 2444 514 2465 v.
532 2437 603 2465 846.

247 2506 307 2536 Ipse
317 2511 367 2536 ego
377 2503 518 2536 paullisper
527 2509 574 2534 pro
584 2506 612 2527 te
623 2506 670 2526 tua
681 2509 787 2525 munera
798 2501 874 2525 inibo.

260 2555 344 2585 Ibid.
361 2557 524 2585 elementa:
542 2553 562 2583 i.
579 2563 604 2583 e.
616 2551 947 2592 principia—initia—

218 2606 399 2646 primordia:
419 2607 498 2636 forte
513 2616 554 2636 an
569 2607 607 2635 ab
624 2612 738 2645 ελυμος,
755 2616 886 2646 coz-eppa:
911 2608 948 2633 ut

220 2659 335 2688 semina
352 2664 466 2696 noster,
482 2669 543 2689 ver.
560 2661 610 2689 54.

263 2708 337 2739 Ver.
354 2712 402 2738 85.
419 2711 608 2750 Indugredi:
628 2709 672 2739 sic
689 2706 798 2748 optimi
814 2706 948 2737 aliorum

220 2766 252 2791 et
273 2770 310 2789 ex
327 2760 449 2797 nostris,
473 2761 647 2791 mutatione
668 2760 831 2791 literarum
854 2757 947 2795 facta,

220 2811 305 2853 quod
319 2811 587 2850 praepositionibus
609 2812 737 2842 solitum
753 2818 799 2842 est
812 2811 844 2840 in
861 2820 946 2840 com-

218 2862 390 2903 positione;
411 2873 484 2891 nam
500 2869 621 2892 rectum
635 2863 738 2893 fuerat
754 2861 944 2902 Endogredi,

220 2916 259 2945 ab
274 2913 341 2946 ενδον
357 2914 529 2952 communi,
545 2914 594 2944 vel
611 2914 673 2946 ενδω
689 2916 822 2945 Dorum.
862 2915 943 2945 Nos-

221 2973 267 2996 ter
281 2965 354 2997 alibi
369 2968 444 2997 endo
459 2976 515 3006 per
530 2976 574 3004 se,
590 2971 627 2995 ut
641 2965 766 2996 Ennius
780 2966 865 2996 haud
880 2965 945 2996 vice

977 746 1121 785 simplici.
1165 744 1218 775 Sic
1242 757 1266 774 εν
1285 743 1399 782 passim
1422 747 1563 773 mutatur
1587 742 1706 773 Roma-

977 798 1036 835 nis,
1065 800 1098 827 in
1121 796 1334 827 scribentibus.
1382 795 1464 825 Vide
1487 796 1628 834 Festum,
1652 806 1709 825 vv.

979 853 1001 869 “
1027 851 1222 886 Endoilium,
1248 847 1416 878 initium:”
1445 853 1475 877 et
1498 847 1710 888 sequentibus.

980 901 1133 941 Agnoscit
1159 901 1254 930 etiam
1278 899 1536 940 orthographiam
1569 905 1709 930 nostram

979 952 1124 982 Valerius
1140 953 1274 989 Probus,
1291 951 1333 981 sic
1356 950 1504 980 exhibens
1521 950 1711 981 versiculum

982 1005 1039 1034 sub
1054 1003 1151 1034 finem
1167 1004 1220 1034 lib.
1244 1007 1269 1033 l.
1285 1013 1416 1043 gramm,
1432 1002 1539 1034 institt.
1556 1003 1642 1042 quod
1655 1013 1712 1032 no-

982 1054 1127 1084 tandum:

1011 1114 1149 1146 Indugredi
1159 1113 1276 1144 sceleris;
1289 1113 1362 1144 quod
1373 1116 1465 1137 contra
1477 1111 1574 1144 saepius
1585 1111 1672 1137 illa—.

981 1163 1053 1202 Ipse
1076 1163 1241 1193 Lucretius
1263 1163 1338 1193 alibi
1361 1162 1442 1192 clare
1465 1163 1657 1202 indupediri,
1680 1166 1715 1192 et

1443 1214 1612 1244 Germanae
1633 1213 1716 1243 anti-

979 1266 1105 1305 quitatis
1119 1266 1276 1305 specimen
1292 1275 1473 1295 conservare
1497 1264 1598 1294 voluit
1614 1264 1637 1296 J
1639 1274 1714 1294 uve-

982 1317 1075 1355 nalis,
1093 1328 1122 1348 x.
1144 1321 1212 1348 158.

980 1216 1161 1253 indupedita
1184 1214 1255 1253 plus
1276 1214 1384 1245 semel.

1425 1375 1458 1399 ad
1471 1375 1524 1399 hoc
1535 1381 1563 1399 se

1018 1419 1165 1446 Romanus,
1177 1416 1336 1447 Graiusque,
1347 1422 1378 1440 ac
1390 1415 1514 1439 barbarus
1525 1414 1688 1446 induperator

969 1454 978 1458 “
1014 1457 1107 1481 Erexit
1116 1464 1122 1480 :

989 1506 1173 1536 Ciceronem
1187 1510 1322 1543 secutus,
1339 1505 1378 1535 de
1394 1504 1454 1535 div.
1469 1504 1489 1534 i.
1505 1508 1557 1534 48.
1575 1503 1609 1533 in
1623 1502 1715 1533 vitio-

987 1568 1020 1587 so
1035 1567 1139 1587 versu:

1015 1617 1144 1641 Omnibus
1155 1623 1219 1640 cura
1230 1615 1302 1645 viris,
1313 1618 1373 1640 uter
1384 1619 1451 1640 esset
1462 1614 1625 1646 induperator
1635 1623 1644 1640 .·

985 1674 1016 1698 et
1031 1674 1184 1705 nostrum,
1208 1668 1248 1697 iv.
1269 1671 1339 1698 964.
1387 1667 1465 1696 Huc
1480 1666 1596 1696 referas
1618 1666 1715 1696 etiam

984 1719 1134 1749 vocabula
1157 1719 1594 1758 z'ndz'ffl'scor—indigena—et
1618 1718 1711 1747 inda-

982 1782 1031 1810 go.

988 1825 1008 1839 “
1018 1824 1186 1861 Induperu,
1200 1833 1352 1851 επις-ατη
1364 1819 1398 1850 .·”
1421 1825 1510 1849 vetus
1521 1818 1718 1859 glossarium.

988 1873 1094 1903 Idem:
1133 1876 1152 1890 “
1179 1873 1281 1909 Endo,
1307 1885 1378 1905 ενεις·
1405 1872 1550 1911 εζωσμενοι
1575 1883 1600 1900 εν
1622 1877 1718 1901 πολε·

987 1928 1009 1943 “
1024 1924 1101 1965 μῳ.”
1143 1924 1223 1959 Qum
1238 1922 1328 1952 nihili
1345 1927 1426 1952 sunt.
1460 1921 1566 1951 Scribe
1575 1919 1714 1951 divisim:

985 1989 1021 2014 εν,
1035 1989 1086 2009 εις.-
1101 1975 1120 2005 ἰ.
1133 1986 1160 2005 e.
1174 1979 1193 1993 “
1207 1974 1301 2004 Endo
1313 1984 1398 2003 nunc
1409 1979 1509 2013 potest
1519 1986 1554 2011 εν,
1565 1983 1651 2003 nuuc
1663 1985 1718 2007 213.-

985 2030 1007 2044 “
1021 2037 1090 2066 quae
1103 2025 1336 2064 praepositiones
1348 2025 1457 2064 utique
1469 2023 1582 2062 saepius
1591 2033 1718 2053 conver-

986 2081 1008 2096 “
1021 2084 1145 2114 tuntur3
1174 2083 1209 2106 ut
1224 2075 1356 2105 dicimus
1373 2076 1518 2114 εζωσμενοι
1540 2087 1564 2104 εν
1587 2080 1717 2113 παλεμῳ,

985 2132 1008 2148 “
1024 2129 1090 2159 vice
1117 2142 1150 2163 εις
1179 2127 1336 2167 παλεμον.”
1381 2126 1456 2156 Hoc
1478 2125 1577 2155 voluit
1598 2124 1717 2165 glosso-

985 2182 1137 2222 graphus;
1162 2187 1192 2210 et
1203 2181 1299 2219 probo
1315 2189 1388 2209 cum
1399 2177 1530 2218 judicio.
1577 2177 1611 2207 Si
1625 2177 1717 2216 plura

985 2233 1062 2263 velis
1084 2232 1123 2263 de
1135 2231 1182 2262 his
1198 2229 1358 2261 vetustatis
1373 2228 1522 2269 reliquiis,
1539 2227 1630 2258 adeas
1645 2238 1716 2268 quae

986 2291 1150 2325 supersunt
1164 2284 1270 2324 legum
1295 2281 1452 2322 regiarum
1475 2286 1568 2321 atque
1591 2279 1714 2310 decem-

986 2337 1142 2374 viralium,
1169 2336 1271 2371 verbo,
1297 2334 1335 2364 de
1357 2343 1420 2373 quo
1444 2332 1560 2372 agitur,
1586 2337 1618 2361 et
1641 2330 1718 2362 inde

988 2388 1179 2428 compositis,
1216 2385 1454 2417 abundantium.
1522 2384 1608 2414 Ante
1643 2392 1717 2413 vero

991 2451 1087 2481 quam
1108 2439 1277 2469 dictionem
1299 2439 1380 2467 hanc
1401 2436 1531 2466 missam
1553 2435 1717 2470 faciamus,

992 2503 1093 2532 operae
1107 2490 1242 2540 preti'n
1258 2489 1353 2519 fuerit
1364 2487 1508 2518 Ennium
1517 2485 1671 2526 corrigere
1685 2489 1718 2514 et

990 2543 1143 2583 supplere,
1160 2541 1262 2572 annal.
1276 2540 1315 2570 vi.

1022 2616 1060 2638 Ut
1071 2613 1199 2645 primurn,
1209 2610 1340 2636 tenebreis
1351 2607 1484 2641 abjecteis‚
1494 2604 1640 2631 indalbalmt

1021 2656 1082 2678 Orta
1093 2653 1156 2678 dies.

992 2705 1033 2735 In
1048 2703 1232 2744 fragmentis
1247 2701 1346 2732 Ennii
1361 2699 1506 2739 vulgatur
1528 2694 1694 2726 inalbabat.

1036 2755 1116 2786 Ibid.
1131 2756 1249 2786 sceleris
1264 2754 1344 2794 quod
1353 2765 1363 2782 .-
1391 2756 1432 2780 Π.
1446 2749 1552 2780 sceleri
1566 2747 1639 2787 quia
1647 2759 1658 2780 ,·
1687 2749 1714 2775 Ρ.

990 2810 1109 2839 sceleris
1123 2809 1208 2848 quin.

1036 2859 1116 2890 Ibid.
1131 2861 1195 2889 illa.
1213 2856 1264 2887 Sic
1282 2854 1321 2886 G.
1339 2853 1378 2884 V.
1394 2852 1442 2883 ed.
1457 2852 1495 2882 B.
1507 2850 1544 2881 L.
1561 2849 1608 2880 M.
1623 2852 1656 2879 Δ.
1674 2852 1718 2879 Π.

989 2918 1023 2944 Σ.
1043 2919 1088 2943 Ω..

991 2963 1130 3001 Quidam
1145 2960 1238 3000 male,
1255 2961 1335 2991 olim.
1359 2957 1486 2995 Noster,
1499 2954 1530 2986 ii.
1544 2955 1615 2986 635.
