1894 3253
597 275 830 324 LIBER
891 275 1199 326 PRIMUS.

1561 284 1649 328 167

287 409 392 458 Fiet,
415 409 499 450 utei
522 422 725 465 nusquam
747 410 873 464 possit
894 410 1114 451 consistere
1135 410 1247 461 finis3

286 483 589 540 Ecl'ugiumque
612 484 721 541 fugae
742 484 917 539 prolatet
938 486 1058 540 copia
1079 500 1249 540 semper.

345 558 565 607 Praeterea,
589 558 765 612 spatium
787 561 965 599 summai
984 559 1108 599 totius
1129 575 1252 600 omne

289 631 488 687 Undique
509 633 539 672 si
562 632 766 672 inclusum
787 633 906 672 certis
928 633 1166 675 consisteret
1186 636 1282 685 oris,

169 709 253 746 985
288 705 323 746 F
325 706 555 761 initumque
575 705 698 755 foret;
725 706 812 760 jam
833 706 953 760 copia
974 708 1165 748 materiai

289 779 488 835 Undique
507 779 760 834 ponderibus
781 780 918 821 solidis
940 781 1150 823 confluxet
1169 783 1221 825 ad
1243 776 1391 836 imum,

287 853 378 895 Nec
398 869 461 895 res
482 854 562 895 ulla
581 855 669 911 geri
690 855 765 895 sub
786 855 876 896 coeli
897 857 1078 913 tegmine
1097 868 1233 912 posset
1240 878 1252 909 ς

284 928 375 970 Nec
395 927 501 969 foret
521 929 693 970 omnino
715 930 878 980 coelum,
902 946 1035 987 neque
1055 932 1211 974 lumina
1232 935 1339 976 solis:

284 1003 466 1057 Quippe,
491 1003 561 1044 ubi
581 1005 771 1046 materies
791 1006 925 1047 omnis
947 1007 1154 1049 cumulata
1166 1009 1322 1064 jaceret

133 1159 224 1199 copia
239 1159 366 1190 extendi
383 1158 468 1190 dabit
485 1160 540 1190 teli
566 1160 715 1192 volatum.
763 1163 870 1200 Silius,

136 1210 210 1241 Pun
237 1211 279 1241 iii.
301 1215 368 1242 1452.

327 1274 400 1296 stant
410 1277 476 1301 arae,
488 1275 570 1302 atque
580 1271 686 1296 horrida
693 1279 776 1302 sacra,

165 1311 239 1335 Ante
250 1311 357 1340 oculos3
377 1311 546 1342 brevitasque
557 1315 632 1336 vetat
644 1313 780 1337 mutabilis
792 1313 867 1338 horae

164 1350 299 1374 Prolatare
311 1351 392 1375 diem.

133 1398 219 1435 Quid
248 1406 354 1430 autem
384 1399 478 1429 facies
511 1409 584 1429 cum
615 1399 674 1430 isto
697 1403 866 1440 mutabilis,

132 1461 258 1491 prorsus
282 1452 475 1491 importuno,
493 1457 524 1482 et
547 1452 606 1482 loci
631 1462 761 1491 scopum
788 1454 867 1484 nihil

128 1502 326 1542 attingente?
354 1503 573 1543 Virgilianum
598 1503 700 1540 illum,
729 1506 803 1536 AEn.
827 1506 868 1536 xi.

131 1558 206 1585 425.
224 1554 355 1585 omnino
371 1554 529 1585 diversum
545 1562 601 1593 est,
615 1562 707 1596 atque
724 1557 786 1586 huc
802 1562 865 1587 tor-

130 1607 218 1646 queri
235 1606 350 1646 nequit.
400 1607 616 1646 Reposuerim,
634 1614 663 1637 et
679 1609 861 1648 certissime,

130 1663 167 1688 ut
182 1664 343 1696 exputem,
359 1658 526 1687 minimam
543 1669 596 1697 per
612 1659 839 1690 mutationem:

262 1717 431 1748 brevitasque
441 1720 516 1741 vetat
525 1724 563 1741 me
571 1717 653 1741 labilis
660 1718 737 1743 horae

161 1755 295 1780 Prolatare
306 1756 388 1780 diem.

131 1804 201 1835 Nec
218 1815 267 1834 me
287 1805 445 1843 terruerit,
462 1805 546 1845 quod
560 1806 711 1845 sequioris
727 1813 866 1837 tantum-

130 1855 226 1885 modo
251 1855 347 1885 seculi
374 1856 536 1894 scriptores
552 1858 704 1887 vocabulo
727 1864 867 1896 utantur,

122 1906 214 1936 ‘inter
228 1906 285 1935 has
301 1906 462 1936 literarum
475 1914 614 1936 veterum
631 1909 752 1946 ruinas3
769 1919 869 1949 quum

130 1957 305 1995 praesertim
322 1957 441 1987 interea
458 1960 521 1988 veri
537 1958 574 1988 sit
589 1959 798 1994 simillimum,
816 1971 869 1990 eos

129 2018 168 2038 ex
185 2008 358 2047 purissimis
374 2009 589 2050 antiquiorum
602 2010 741 2040 fontibus
752 2010 868 2041 rivulos

131 2071 204 2091 suos
218 2060 383 2091 derivasse.

129 2112 241 2149 Porro,
258 2122 316 2141 vox
334 2113 535 2149 Lucretiana„
561 2113 697 2154 quacum
713 2114 802 2144 nobis
817 2124 866 2144 res

128 2170 188 2201 est,
211 2163 290 2193 forte
312 2174 353 2194 an
379 2165 418 2194 sit
436 2165 571 2205 Vegetio
595 2166 799 2204 restituenda,
825 2166 865 2196 de

130 2225 165 2245 re
185 2214 252 2244 mil.
268 2214 311 2244 iii.
332 2219 360 2245 6.
386 2219 407 2233 “
428 2216 512 2246 lllud
536 2227 660 2257 quoque
685 2217 861 2256 vitandum,

131 2269 154 2285 “
170 2277 210 2296 ne
224 2276 279 2305 per
294 2266 533 2307 negligentiam,
549 2268 619 2298 aliis
630 2268 862 2307 festinantibus,

128 2321 152 2336 “
169 2318 237 2348 aliis
263 2318 382 2348 tardius
396 2319 625 2358 incedentibus,
649 2320 859 2360 interrumpa-

131 2372 154 2387 “
171 2375 224 2398 tur
239 2368 330 2406 acies,
353 2376 407 2399 aut
422 2377 504 2400 certe
519 2377 681 2402 tenuetur:
709 2372 861 2403 continuo

131 2423 154 2438 ‘⁴
172 2419 258 2450 enim
273 2421 376 2450 hostes
391 2420 472 2450 inter
482 2424 639 2461 prolatata
655 2423 859 2462 pervadunt.”

129 2473 171 2502 In
202 2471 296 2506 libris,
324 2474 463 2511 prolata,
490 2473 538 2503 vel
566 2476 769 2514 interpolata:
795 2475 859 2511 sed,

129 2534 226 2564 quam
250 2533 356 2562 pronae
382 2529 483 2553 essent
507 2523 540 2553 in
563 2525 770 2554 aberrationes
785 2525 858 2555 scri-

128 2576 242 2606 barum
272 2585 396 2612 manus,
440 2575 561 2615 quoties
590 2576 717 2616 syllabae
746 2577 864 2607 similes

129 2633 361 2663 concurrerent,
383 2626 583 2657 emendatrix
609 2627 724 2658 Critice
747 2629 864 2667 passim

128 2684 266 2709 testatur.
307 2678 407 2709 Aliud
421 2679 551 2719 hujusce
566 2679 796 2718 depravationis
807 2691 861 2711 ex-

129 2731 270 2769 emplum
286 2731 422 2770 proferre
445 2731 535 2762 liceat
557 2742 595 2761 ex
626 2731 802 2772 fragmento
817 2744 860 2762 oe-

130 2792 253 2813 conom.
285 2783 456 2814 Hieroclis:
485 2787 713 2826 Δυςπειθεστερσς
729 2784 752 2815 δ’
768 2798 831 2819 ισως
849 2787 862 2815 ὅ

131 2845 196 2875 προς
219 2836 332 2876 θατεραι
353 2849 408 2866 των
433 2849 527 2879 εργων,
552 2837 606 2867 ὅσα
623 2837 744 2876 γυναιξιν
760 2843 859 2867 ΑΠΟ-

130 2890 367 2924 ΝΕΝΕΜἩΤΑῘ,
395 2896 576 2932 παρακαλων
601 2902 647 2920 τον
663 2887 745 2930 ανδρα
762 2896 859 2928 λαγοί.

130 2935 250 2976 Vung
268 2951 458 2979 ατυνεμηται.

216 2995 303 3026 Vos.
329 2997 355 3027 I.

864 2998 900 3027 M

958 1166 1033 1197 Ver.
1051 1171 1121 1198 984.
1145 1170 1314 1200 inclusum:
1343 1171 1382 1201 G.
1399 1171 1435 1202 L.
1452 1175 1644 1207 inclusus.—

915 1219 994 1247 oris:
1024 1224 1064 1247 Π.
1079 1221 1170 1249 horis.

958 1270 1032 1300 Ver.
1050 1274 1122 1301 986.
1145 1274 1312 1311 confluxet:
1340 1272 1382 1304 sic
1399 1275 1436 1305 P.
1456 1276 1501 1306 M.
1519 1282 1554 1308 Δ.
1570 1289 1644 1310 cum

915 1320 1033 1350 Aldina
1051 1322 1197 1359 secunda,
1215 1330 1246 1353 et
1262 1324 1442 1357 Florentina
1457 1329 1532 1358 anni
1552 1333 1649 1361 1512.

913 1371 997 1402 unde
1021 1379 1128 1403 autem
1151 1385 1257 1406 veram
1283 1377 1364 1407 hanc
1387 1377 1553 1411 lectionem
1571 1382 1643 1412 duae

911 1425 1095 1463 posteriores
1106 1427 1276 1467 hauserint,
1289 1429 1382 1468 plane
1394 1432 1515 1462 nescio:
1531 1433 1645 1474 reliqui

913 1486 1022 1506 omnes
1046 1478 1178 1514 codices,
1201 1486 1232 1510 et
1255 1481 1458 1521 Veronensis,
1490 1487 1646 1526 conflarit.

914 1526 965 1557 Sic
980 1539 1146 1568 consumse,
1167 1541 1226 1562 ver.
1246 1536 1316 1563 954.
1340 1540 1370 1563 et
1385 1537 1504 1572 divisse,
1529 1537 1644 1569 Horat.

910 1585 965 1609 sat.
981 1580 1012 1610 ii.
1028 1584 1059 1611 5.
1079 1585 1150 1613 169.
1173 1593 1246 1613 cum
1262 1585 1371 1615 multis
1385 1587 1471 1625 aliis;
1488 1589 1520 1618 in
1530 1590 1644 1629 quibus

911 1630 1025 1669 Varro,
1052 1632 1091 1662 de
1115 1643 1148 1663 re
1170 1641 1244 1665 rust.
1272 1635 1302 1666 ii.
1332 1640 1357 1667 1.
1374 1642 1472 1668 6.--“
1489 1647 1523 1669 ut
1548 1641 1645 1681 Argis

914 1684 936 1699 “
956 1682 1090 1721 Atreus;
1126 1695 1221 1724 quam
1252 1687 1395 1727 (auream
1425 1690 1554 1732 pellem)
1586 1693 1644 1722 sibi

913 1737 936 1752 “
954 1734 1123 1775 Thyestem
1139 1739 1272 1769 subdare
1293 1741 1474 1780 queritur:'’
1498 1744 1595 1775 etiam
1609 1746 1645 1776 in

912 1788 1046 1828 pedestri
1062 1790 1212 1821 oratione.

955 1840 1031 1869 Ver.
1050 1844 1123 1871 987.
1148 1845 1217 1872 coeli
1231 1847 1378 1883 tegmine:
1397 1848 1480 1886 quod
1490 1853 1641 1884 cortinam

912 1892 981 1923 coeli
1004 1893 1124 1922 vocavit
1147 1894 1281 1925 Ennius.
1328 1897 1374 1926 Ut
1396 1906 1502 1930 noster
1522 1910 1640 1944 autem,

912 1950 1091 1985 togatorum
1110 1945 1331 1978 disertissimus
1346 1949 1379 1979 in
1397 1952 1537 1984 Arateis:

971 2028 1101 2060 Amplexi
1112 2033 1223 2060 terram,
1234 2030 1288 2055 coeli
1299 2033 1346 2056 sub
1358 2034 1464 2065 tegmine
1474 2035 1552 2061 fulti:

909 2105 939 2129 et
955 2100 1098 2131 similiter
1112 2102 1226 2133 alicubi
1250 2105 1284 2134 in
1299 2105 1419 2138 iisdem.
1465 2111 1638 2152 Arnobius‚

909 2151 959 2182 lib.
977 2153 1016 2184 vi.
1039 2164 1068 2192 p.
1087 2157 1157 2186 192.
1183 2159 1203 2173 “
1223 2156 1288 2187 Sub
1310 2169 1368 2189 axe
1383 2161 1468 2191 enim
1484 2164 1580 2200 nudo,
1608 2173 1639 2195 et

909 2207 931 2221 “
947 2206 1005 2234 sub
1019 2207 1143 2236 aetlzerz'o
1159 2211 1302 2247 tegmine,
1319 2211 1452 2242 invocati
1469 2215 1494 2243 si
1511 2215 1638 2254 fuerint,

910 2260 931 2274 “
947 2257 1026 2287 nihil
1042 2258 1206 2289 audiunt.''

952 2309 1033 2340 Ibid.
1059 2312 1128 2342 Nec
1158 2323 1205 2343 res
1235 2315 1298 2343 ulla
1325 2318 1395 2354 geri
1411 2325 1527 2355 posset:
1563 2330 1636 2351 nam

905 2362 1050 2392 materies
1065 2364 1168 2393 omnis
1180 2375 1217 2393 ex
1227 2365 1324 2405 longo
1336 2372 1474 2406 tempore
1483 2370 1522 2399 ad
1534 2370 1637 2402 imum

904 2414 1106 2452 subsedisset,
1130 2426 1167 2445 ex
1192 2416 1282 2456 cujus
1297 2418 1436 2448 motibus
1452 2426 1544 2460 atque
1560 2433 1634 2454 con-

906 2465 1102 2495 cursionibus
1132 2473 1279 2497 creantur
1301 2470 1420 2507 omnia,
1453 2482 1488 2501 ac
1511 2483 1636 2504 summa

903 2525 1008 2546 rerum
1024 2523 1222 2549 sustentatur.

951 2570 1024 2600 Ver.
1041 2574 1113 2601 989.
1129 2573 1197 2601 ubi:
1218 2572 1254 2602 P.
1271 2572 1308 2602 V.
1322 2573 1370 2603 ed.
1385 2575 1633 2609 ibi.——materz'es.-

908 2621 1006 2651 Vind.
1024 2626 1178 2654 materias.
1225 2625 1303 2654 Mox
1322 2625 1360 2655 Ο.
1376 2628 1569 2660 subsistendo.

948 2674 1024 2704 Ver.
1038 2679 1112 2707 991.
1134 2678 1270 2715 requies:
1299 2683 1338 2707 Π.
1354 2689 1447 2717 reges.

950 2726 1030 2757 Ibid.
1053 2730 1172 2767 requies
1186 2730 1260 2758 data
1275 2729 1361 2758 nulla
1377 2735 1429 2760 est.
1468 2730 1633 2773 Virgilius,

906 2779 980 2809 AEn.
996 2778 1035 2808 vi.
1051 2783 1122 2810 600.

1068 2861 1116 2878 nec
1131 2853 1200 2878 fibris
1212 2855 1306 2887 requies
1316 2856 1395 2882 datur
1406 2858 1459 2884 ulla
1471 2861 1576 2886 renatis.

907 2927 1023 2958 Confer
1036 2933 1191 2966 nostrum,
1208 2927 1246 2959 vi.
1264 2931 1356 2960 1166.
