1894 3253
219 253 312 298 ‘278

711 240 770 287 T.
819 236 1200 287 LUCRETII

360 377 458 419 Non
479 390 501 416 e
520 372 738 429 perplexis,
760 371 832 412 sed
851 371 995 421 acutis,
1016 384 1101 411 esse
1120 366 1340 410 elementis.

416 449 514 499 Sed,
535 447 648 505 quod
668 462 808 488 amara
825 446 938 488 vides
958 445 1117 495 eadem,
1139 458 1232 500 quae
1251 439 1406 484 fluvida
1424 447 1630 492 constant,

360 524 497 566 Sudor
516 524 599 565 utei
620 523 743 564 maris
763 530 838 572 est,
858 522 1042 562 minume
1061 518 1247 560 mirabile
1266 517 1502 574 quoiquam.

246 606 326 641 2165
361 599 485 649 Nam,
508 598 619 654 quod
639 597 838 639 fluvidum
859 605 932 647 est,
964 611 987 637 e
1006 595 1174 636 laevibus
1196 602 1318 649 atque
1337 591 1524 634 rotundis

217 778 238 792 ‘⁴
257 773 456 812 dissipentur,
493 776 524 801 et
562 769 700 810 undique
737 775 939 809 spargantur3

216 830 239 846 “
256 826 324 856 fieri
347 835 410 854 non
433 829 543 862 potest,
573 829 608 852 ut
630 832 739 852 earum
760 822 941 860 primordia,

218 883 241 897 “
257 884 418 917 utcunque
434 875 607 916 inaequalia,
624 874 712 904 valde
728 873 942 913 perplexabili-

219 934 241 950 “
258 937 304 961 ter
325 929 492 969 conjuncta
513 927 571 957 sibi
596 926 728 956 invicem
751 925 940 955 adhaereant:

220 987 241 1001 ‘⁶
259 988 366 1022 putem
393 981 489 1021 igitur
517 977 734 1019 hujuscemodi
764 977 946 1016 corpuscula

220 1041 243 1054 “
260 1036 363 1075 potius
372 1040 463 1064 acuta
473 1043 548 1069 esse,
559 1042 653 1073 quam
665 1029 840 1070 perplexa.”
866 1030 947 1059 Haec

220 1089 365 1119 videntur
393 1084 673 1117 sensum‘wrnnino
703 1089 948 1113 consentaneum

223 1141 358 1178 efficere;
382 1146 424 1177 et,
447 1138 556 1178 paucis
580 1136 766 1174 immutatis,
791 1134 950 1165 contextui

223 1193 312 1223 nobis
327 1191 466 1222 exhibito
489 1200 576 1231 aeque
599 1194 787 1229 congruunt,
813 1187 951 1226 proprias

222 1244 438 1284 cogitationes,
454 1253 494 1271 ne
509 1242 542 1271 in
558 1248 714 1280 φιλαυτιας
737 1238 844 1268 nimiae
859 1248 950 1268 accu-

225 1296 378 1326 sationem
398 1292 586 1330 incidamus,
612 1290 796 1330 conjecturis
819 1289 952 1319 aliorum

226 1345 490 1386 posthabentibus.

271 1397 345 1428 Ver.
361 1400 432 1427 464.
456 1394 603 1426 Editores
616 1399 686 1433 post
701 1394 834 1423 minume
858 1392 952 1422 inter-

226 1450 334 1491 polant
357 1451 402 1487 iel,
430 1453 537 1478 contra
553 1446 696 1476 omnium
712 1445 864 1475 librorum
879 1454 952 1473 auc-

226 1504 392 1534 toritatem.
438 1500 506 1530 Nos
520 1498 594 1528 talia
607 1498 641 1527 in
654 1497 838 1528 Lucretium
851 1496 953 1526 nobis-

227 1553 367 1594 metipsis
376 1563 438 1582 non
449 1550 672 1591 permittimus,
684 1549 765 1579 nihil
778 1548 953 1578 dubitantes

227 1605 370 1636 voculam
387 1605 419 1634 id
435 1612 490 1642 pro
505 1601 613 1632 versus
626 1600 791 1631 fulcimine
802 1599 955 1630 intrusam

227 1668 294 1688 esse
306 1654 494 1696 quibusdam
504 1653 543 1684 de
551 1652 723 1693 quantitate
734 1651 955 1681 metuentibus.

229 1707 397 1749 Virgilius,
429 1706 504 1736 AEn.
530 1705 568 1735 vi.
596 1707 646 1736 97.
670 1707 692 1722 “
711 1703 806 1739 Quod
831 1705 956 1733 minime

227 1764 250 1779 “
267 1758 404 1796 reris—;‘’
428 1768 481 1787 eos
504 1756 635 1786 meliora
656 1761 799 1795 potuerat
820 1754 956 1785 edocere.

229 1813 431 1843 —mirabile:
452 1817 495 1841 Π.
512 1810 899 1849 mirabilia—quoiquam:
914 1798 958 1838 sic

230 1865 266 1896 P.
285 1864 324 1894 V.
341 1863 390 1893 ed.
415 1861 560 1893 Bentleio
575 1862 739 1900 probante;
763 1860 817 1890 sed
840 1860 891 1890 Pii
906 1869 957 1890 co·

228 1916 313 1947 dices
328 1913 466 1955 quidam,
483 1915 650 1944 habendum
660 1929 670 1949 ,·
692 1912 776 1953 quod
791 1922 850 1941 nos
864 1910 959 1941 etiam

229 1968 268 1999 ad
284 1967 425 2006 priorum
441 1965 597 1996 editorum
619 1964 799 2003 exemplum
822 1963 959 2002 amplexi

230 2029 379 2056 essemuS‚
395 2018 457 2047 alio
470 2017 550 2047 libro
559 2016 736 2046 addicente:
756 2016 792 2045 L.
807 2016 959 2050 M.debet;

231 2070 316 2100 unde
331 2078 440 2098 meum
455 2067 564 2097 saltem
586 2077 720 2098 acumen
743 2065 838 2096 alicui
861 2066 958 2104 probo

232 2119 416 2151 excudendo
431 2129 494 2149 non
511 2124 565 2148 est.

278 2172 358 2203 Ibid.
384 2173 485 2202 Sudor
500 2172 604 2201 maris.
635 2170 732 2209 Lege,
746 2171 841 2199 udor:
861 2178 962 2208 neque

232 2224 321 2254 aliter
336 2223 376 2253 ad
389 2222 429 2252 vi.
445 2225 516 2253 501.
562 2222 788 2252 Bzxrtems.

236 2274 363 2305 Nollem
380 2273 509 2308 dictum,
523 2272 570 2301 vir
585 2271 769 2302 acutissime.
815 2271 861 2301 Ut
877 2270 963 2301 enim

233 2327 289 2358 tibi
305 2325 474 2357 concedam
491 2324 660 2355 dictionem
676 2326 753 2354 udor
776 2323 867 2353 Latia
889 2323 961 2353 civi-

234 2384 296 2409 tate
321 2376 461 2417 legitime
491 2375 638 2405 donatam
662 2386 738 2413 esse,
762 2385 831 2415 quae
858 2380 962 2404 tamen

234 2436 430 2461 controverso
446 2427 598 2458 Varronis
614 2427 693 2466 loco,
707 2428 746 2457 de
760 2427 834 2467 ling.
848 2427 916 2457 Lat.
926 2426 963 2456 iv.

235 2485 264 2513 5.
281 2481 373 2511 inniti
388 2480 529 2517 videtum
552 2489 615 2509 non
631 2485 688 2517 est,
706 2480 739 2509 in
754 2479 857 2518 phrasi
873 2480 965 2509 sudor

237 2535 332 2564 maris
342 2531 425 2573 quod
438 2530 560 2561 erudito
572 2531 636 2560 viro
648 2530 838 2570 displicuisse
848 2529 965 2560 debeat.

238 2586 336 2616 Sudor
352 2586 446 2614 maris
460 2581 542 2612 valet
556 2584 682 2612 humida
698 2583 844 2612 salsitudo
856 2583 962 2611 maris:

238 2636 287 2666 vel
313 2638 420 2666 humor
445 2634 638 2674 simpliciter,
665 2640 757 2674 atque
780 2633 853 2663 inde
875 2634 966 2663 sudor

240 2687 423 2726 appellatus,
453 2686 537 2727 quod
564 2688 671 2717 humor
701 2689 841 2716 marinus
871 2685 964 2716 etiam

239 2741 336 2769 salsus
351 2740 400 2769 sit.
447 2740 551 2775 Maro,
569 2739 644 2769 AEn.
661 2738 691 2769 ii.
711 2741 779 2769 175.

588 2824 723 2854 salsusque
734 2830 781 2855 per
791 2826 864 2848 artus

303 2861 385 2886 Sudor
395 2862 435 2886 iit.

244 2935 414 2977 Appositus
429 2942 474 2966 est
489 2936 583 2968 etiam
600 2938 743 2976 Ovidius,
760 2943 832 2968 met.
849 2937 879 2967 ii.
896 2940 964 2968 198.

1211 764 1278 795 nigri
1290 763 1421 787 madidum
1433 763 1530 787 sudore
1540 763 1648 787 veneni.

988 826 1075 856 Hinc
1091 824 1234 863 petulans
1252 823 1384 854 Gesneri
1404 822 1536 857 inscitia,
1562 820 1708 852 Claudia·

987 887 1065 906 num
1091 875 1130 905 ad
1158 875 1249 905 Prob.
1273 880 1304 904 et
1335 874 1427 914 Olyb.
1453 884 1536 903 cons.
1552 876 1624 905 221.
1646 871 1712 903 cul·

988 928 1100 968 pantis‚
1113 927 1238 957 retundi
1254 932 1367 966 potest:

1399 1007 1504 1032 taurina
1514 1006 1640 1032 levantur

1022 1050 1138 1078 Cornua,
1149 1048 1316 1079 temporibus
1327 1055 1419 1073 raucos
1431 1047 1551 1072 sudantia
1561 1047 1647 1071 rivos:

994 1116 1013 1147 i.
1038 1127 1063 1147 e.
1087 1118 1257 1147 stillantia:
1283 1120 1313 1145 et
1335 1124 1442 1145 vocem
1473 1125 1582 1145 raucos
1610 1118 1720 1144 conisa

995 1169 1169 1198 Heinsium
1194 1168 1399 1198 Burmannus
1422 1168 1502 1197 bene
1523 1172 1639 1204 tuetur,
1666 1165 1721 1196 sed

994 1220 1110 1259 optime
1126 1219 1291 1260 Virgilius,
1317 1220 1391 1249 AEn.
1412 1219 1452 1249 iX.
1472 1221 1540 1250 125.
1565 1218 1721 1248 Aristote-

994 1271 1039 1301 les
1053 1271 1160 1308 etiam,
1178 1271 1212 1300 in
1228 1277 1353 1300 meteor.
1369 1270 1401 1300 ii.
1416 1274 1444 1300 5.
1481 1270 1638 1300 Lambino
1651 1269 1720 1299 lau-

996 1323 1096 1358 datus,
1112 1322 1187 1352 dicit
1203 1321 1429 1360 Empedoclem
1443 1322 1621 1352 vocitavisse
1634 1331 1723 1352 mare

997 1373 1100 1415 ἱδρωται
1127 1387 1178 1407 τῆς
1207 1386 1279 1413 7⁷7⁵:
1305 1378 1335 1402 et
1362 1371 1552 1402 Plutarchus
1577 1372 1618 1402 de
1643 1371 1721 1411 plac.

997 1424 1072 1464 phil.
1088 1424 1132 1455 iii.
1148 1428 1197 1455 16.
1219 1423 1304 1453 idem
1318 1429 1446 1453 testatus
1461 1430 1514 1453 est.
1559 1423 1580 1454 ,Ι
1583 1433 1635 1453 am
1649 1433 1722 1454 vero

997 1476 1103 1506 locum
1119 1475 1294 1512 Plutarchi,
1321 1474 1410 1504 aliter
1430 1475 1559 1505 citatum
1574 1475 1725 1513 Eusebio,

999 1532 1028 1557 et
1046 1526 1208 1566 Xylandro
1225 1525 1416 1565 Reiskioque
1439 1536 1503 1555 non
1519 1526 1726 1565 intellectum,

997 1580 1092 1618 probe
1107 1578 1245 1608 exhiberi
1268 1578 1300 1607 in
1324 1577 1456 1618 vulgatis
1474 1578 1548 1607 satis
1567 1578 1726 1618 evincunt,

998 1640 1068 1670 quae
1093 1629 1226 1659 subinde
1248 1628 1323 1659 dicit
1347 1629 1546 1667 Aristoteles3
1569 1630 1623 1669 qui
1650 1640 1724 1660 con-

999 1681 1149 1711 sulendus
1164 1687 1217 1710 est.
1262 1681 1418 1720 Denique,
1444 1680 1484 1710 ad
1506 1681 1727 1711 Lucretianam

1000 1733 1136 1773 phrasim
1152 1733 1297 1763 omnium
1311 1733 1450 1763 maxime
1467 1732 1600 1764 Serenus
1618 1733 1726 1764 Samo-

1001 1785 1090 1815 nicus
1105 1784 1188 1820 facit,
1205 1783 1244 1814 de
1258 1783 1339 1814 med.
1355 1787 1406 1814 88.

1063 1871 1179 1896 Pruritus
1190 1875 1282 1896 autem
1294 1872 1374 1896 salsus
1384 1871 1456 1896 levat
1466 1871 1566 1896 humor
1574 1871 1655 1901 aceti,

1064 1912 1124 1937 Sive
1134 1912 1212 1936 maris
1223 1912 1304 1936 rabidi
1316 1911 1402 1936 sudor.

1005 1980 1056 2010 Sic
1072 1980 1257 2021 legendum:
1283 1981 1380 2010 salsus
1396 1985 1452 2017 est,
1468 1979 1735 2017 acris-acerbus3

1005 2037 1040 2061 ut
1060 2032 1140 2061 bene
1162 2031 1259 2061 codex
1280 2030 1458 2061 Leidensis:
1485 2030 1591 2070 vulgo,
1616 2032 1709 2061 salsos
1717 2044 1728 2060 .-

1002 2088 1033 2112 et
1049 2084 1162 2118 rabidi,
1179 2082 1243 2112 vice
1258 2084 1375 2122 rapidi,
1391 2081 1537 2120 praecepit
1549 2081 1730 2111 Keucheni-

1004 2145 1058 2171 us;
1074 2134 1113 2164 de
1124 2133 1187 2174 qua
1197 2133 1424 2173 permutatione
1440 2142 1496 2162 nos
1511 2132 1730 2171 ampliabimus

1005 2185 1045 2215 ad
1059 2195 1086 2215 v.
1103 2189 1173 2216 890.

1049 2238 1124 2268 Ver.
1140 2241 1212 2268 465.
1236 2239 1332 2278 quod.-
1360 2243 1402 2267 Π.
1419 2239 1486 2277 qui,⁴
1505 2246 1570 2266 non
1586 2237 1680 2275 male,
1696 2244 1733 2268 ut

1006 2288 1046 2318 ad
1068 2290 1160 2319 sudor
1189 2291 1284 2319 maris
1314 2288 1432 2318 redeat:
1459 2287 1507 2317 vel
1537 2288 1631 2318 etiam
1659 2289 1734 2319 hinc

1006 2341 1100 2379 probe
1115 2339 1200 2380 legas
1215 2339 1254 2370 ad
1269 2341 1349 2370 hanc
1365 2349 1528 2369 normam:

1071 2409 1150 2437 Nam,
1161 2407 1350 2440 quiafluvidus
1361 2411 1440 2432 est—.

999 2470 1170 2509 fluvidum.-
1195 2469 1293 2499 Vind.
1318 2469 1366 2499 M.
1391 2468 1430 2499 Ο.
1456 2475 1497 2498 rs.
1523 2474 1567 2498 Ω.
1577 2469 1731 2509 fluvidus:

1010 2532 1080 2562 quae
1094 2532 1166 2552 vera
1181 2522 1276 2560 possit
1302 2532 1367 2551 esse
1392 2521 1485 2551 lectio
1491 2533 1500 2558 3
1524 2520 1578 2550 sed
1603 2521 1636 2550 in
1654 2521 1734 2550 hanc

1010 2573 1112 2613 magis
1122 2573 1305 2612 opinionem
1315 2572 1506 2612 propendeo,
1516 2578 1553 2601 ut
1561 2571 1734 2602 existimem

1010 2635 1029 2654 a
1044 2626 1365 2665 contractofluvz'dum
1381 2631 1434 2660 est,
1450 2632 1564 2662 nempe
1568 2623 1735 2663 fluvidust,

1011 2676 1103 2706 istam
1118 2677 1298 2706 varietatem
1313 2682 1452 2706 exortam
1468 2685 1541 2705 esse.

1055 2730 1136 2760 Ibid.
1168 2732 1247 2770 quod
1271 2731 1447 2771 fluvidum:
1481 2728 1501 2757 i.
1533 2735 1558 2756 e.
1588 2728 1621 2756 z'n
1651 2725 1736 2766 quod

1010 2781 1359 2821 fluvidum—quatenus
1398 2778 1550 2809 fluvidum
1580 2782 1633 2807 est.
1693 2776 1737 2806 Et

1010 2845 1061 2864 um
1077 2833 1162 2864 haud
1177 2833 1293 2872 patitur
1313 2830 1488 2865 elisionem3
1511 2827 1550 2858 de
1564 2826 1627 2868 qua
1641 2837 1674 2857 re
1688 2828 1737 2857 in-

1009 2885 1092 2924 spice
1108 2890 1215 2914 notam
1230 2883 1270 2913 ad
1284 2883 1303 2912 i.
1319 2885 1392 2912 562.
1403 2880 1446 2910 iii.
1463 2882 1531 2911 197.
1556 2879 1607 2909 Sic
1621 2878 1654 2908 in
1666 2889 1734 2908 mo-

1009 2935 1169 2975 nosynaba
1185 2934 1320 2965 dictione
1336 2931 1477 2970 Flaccus,
1494 2937 1548 2961 sat.
1564 2930 1595 2961 ii.
1612 2934 1640 2961 2.
1656 2933 1707 2961 28.
