<?xml version="1.0" encoding="UTF-8"?>
<!DOCTYPE html PUBLIC "-//W3C//DTD XHTML 1.0 Transitional//EN"
    "http://www.w3.org/TR/xhtml1/DTD/xhtml1-transitional.dtd">
<html xmlns="http://www.w3.org/1999/xhtml" xml:lang="en" lang="en">
 <head>
  <title>
</title>
<meta http-equiv="Content-Type" content="text/html;charset=utf-8" />
  <meta name='ocr-system' content='tesseract 3.04.00' />
  <meta name='ocr-capabilities' content='ocr_page ocr_carea ocr_par ocr_line ocrx_word'/>
</head>
<body>
  <div class='ocr_page' id='page_1' title='image "./tlucretiicarider01lucruoft_0140.png"; bbox 0 0 1894 3253; ppageno 0'>
   <div class='ocr_carea' id='block_1_1' title="bbox 160 267 223 307">
    <p class='ocr_par' dir='ltr' id='par_1_1' title="bbox 160 267 223 307">
     <span class='ocr_line' id='line_1_1' title="bbox 160 267 223 307; baseline -0.016 0"><span class='ocrx_word' id='word_1_1' title='bbox 160 267 223 307; x_wconf 79' lang='lat'>80</span> 
     </span>
    </p>
   </div>
   <div class='ocr_carea' id='block_1_2' title="bbox 661 252 1164 306">
    <p class='ocr_par' dir='ltr' id='par_1_2' title="bbox 661 252 1164 306">
     <span class='ocr_line' id='line_1_2' title="bbox 661 252 1164 306; baseline -0.01 0"><span class='ocrx_word' id='word_1_2' title='bbox 661 258 721 306; x_wconf 92' lang='lat' dir='ltr'>T.</span> <span class='ocrx_word' id='word_1_3' title='bbox 775 252 1164 304; x_wconf 81' lang='lat' dir='ltr'>LUCRETH</span> 
     </span>
    </p>
   </div>
   <div class='ocr_carea' id='block_1_3' title="bbox 187 385 1309 448">
    <p class='ocr_par' dir='ltr' id='par_1_3' title="bbox 187 385 1309 448">
     <span class='ocr_line' id='line_1_3' title="bbox 187 385 1309 448; baseline -0.006 -15"><span class='ocrx_word' id='word_1_4' title='bbox 187 397 268 433; x_wconf 78' lang='lat'>345</span> <span class='ocrx_word' id='word_1_5' title='bbox 302 391 442 442; x_wconf 84' lang='lat' dir='ltr'>Quam</span> <span class='ocrx_word' id='word_1_6' title='bbox 462 390 601 448; x_wconf 83' lang='lat' dir='ltr'>genita</span> <span class='ocrx_word' id='word_1_7' title='bbox 621 389 793 430; x_wconf 78' lang='lat' dir='ltr'>omnino</span> <span class='ocrx_word' id='word_1_8' title='bbox 813 387 922 429; x_wconf 66' lang='lat' dir='ltr'>nulla</span> <span class='ocrx_word' id='word_1_9' title='bbox 944 387 1102 428; x_wconf 82' lang='lat' dir='ltr'>ratione</span> <span class='ocrx_word' id='word_1_10' title='bbox 1121 385 1309 427; x_wconf 80' lang='lat' dir='ltr'>fuissent:</span> 
     </span>
    </p>
   </div>
   <div class='ocr_carea' id='block_1_4' title="bbox 305 461 1315 521">
    <p class='ocr_par' dir='ltr' id='par_1_4' title="bbox 305 461 1315 521">
     <span class='ocr_line' id='line_1_4' title="bbox 305 461 1315 521; baseline -0.007 -13"><span class='ocrx_word' id='word_1_11' title='bbox 305 467 502 521; x_wconf 87' lang='lat' dir='ltr'>Undique</span> <span class='ocrx_word' id='word_1_12' title='bbox 521 463 711 505; x_wconf 85' lang='lat' dir='ltr'>materies</span> <span class='ocrx_word' id='word_1_13' title='bbox 732 463 928 519; x_wconf 86' lang='lat' dir='ltr'>quoniam</span> <span class='ocrx_word' id='word_1_14' title='bbox 957 462 1107 517; x_wconf 85' lang='lat' dir='ltr'>stipata</span> <span class='ocrx_word' id='word_1_15' title='bbox 1126 461 1315 517; x_wconf 83' lang='lat' dir='ltr'>quiesset.</span> 
     </span>
    </p>
   </div>
   <div class='ocr_carea' id='block_1_5' title="bbox 361 537 1376 595">
    <p class='ocr_par' dir='ltr' id='par_1_5' title="bbox 361 537 1376 595">
     <span class='ocr_line' id='line_1_5' title="bbox 361 537 1376 595; baseline -0.005 -15"><span class='ocrx_word' id='word_1_16' title='bbox 361 541 583 589; x_wconf 80' lang='lat' dir='ltr'>Praeterea,</span> <span class='ocrx_word' id='word_1_17' title='bbox 606 538 792 595; x_wconf 88' lang='lat' dir='ltr'>quamvis</span> <span class='ocrx_word' id='word_1_18' title='bbox 812 537 952 578; x_wconf 89' lang='lat' dir='ltr'>solidae</span> <span class='ocrx_word' id='word_1_19' title='bbox 973 551 1037 577; x_wconf 89' lang='lat' dir='ltr'>res</span> <span class='ocrx_word' id='word_1_20' title='bbox 1057 551 1142 577; x_wconf 88' lang='lat' dir='ltr'>esse</span> <span class='ocrx_word' id='word_1_21' title='bbox 1161 542 1376 590; x_wconf 83' lang='lat' dir='ltr'>putentur,</span> 
     </span>
    </p>
   </div>
   <div class='ocr_carea' id='block_1_6' title="bbox 302 613 1396 666">
    <p class='ocr_par' dir='ltr' id='par_1_6' title="bbox 302 613 1396 666">
     <span class='ocr_line' id='line_1_6' title="bbox 302 613 1396 666; baseline -0.006 -10"><span class='ocrx_word' id='word_1_22' title='bbox 302 615 419 656; x_wconf 88' lang='lat' dir='ltr'>Hinc</span> <span class='ocrx_word' id='word_1_23' title='bbox 440 622 579 655; x_wconf 85' lang='lat' dir='ltr'>tamen</span> <span class='ocrx_word' id='word_1_24' title='bbox 600 629 684 656; x_wconf 88' lang='lat' dir='ltr'>esse</span> <span class='ocrx_word' id='word_1_25' title='bbox 703 613 797 654; x_wconf 88' lang='lat' dir='ltr'>licet</span> <span class='ocrx_word' id='word_1_26' title='bbox 816 627 911 654; x_wconf 83' lang='lat' dir='ltr'>raro</span> <span class='ocrx_word' id='word_1_27' title='bbox 932 626 1027 653; x_wconf 89' lang='lat' dir='ltr'>cum</span> <span class='ocrx_word' id='word_1_28' title='bbox 1048 625 1221 666; x_wconf 87' lang='lat' dir='ltr'>corpore</span> <span class='ocrx_word' id='word_1_29' title='bbox 1242 624 1396 651; x_wconf 85' lang='lat' dir='ltr'>cernas.</span> 
     </span>
    </p>
   </div>
   <div class='ocr_carea' id='block_1_7' title="bbox 155 770 897 2416">
    <p class='ocr_par' dir='ltr' id='par_1_7' title="bbox 155 770 897 2416">
     <span class='ocr_line' id='line_1_7' title="bbox 441 770 844 804; baseline -0.005 -8"><span class='ocrx_word' id='word_1_30' title='bbox 441 772 625 804; x_wconf 78' lang='lat' dir='ltr'>nequidquam</span> <span class='ocrx_word' id='word_1_31' title='bbox 635 772 735 804; x_wconf 82' lang='lat' dir='ltr'>spicula</span> <span class='ocrx_word' id='word_1_32' title='bbox 746 770 844 796; x_wconf 71' lang='lat' dir='ltr'>dextra</span> 
     </span>
     <span class='ocr_line' id='line_1_8' title="bbox 186 814 313 839; baseline 0 0"><span class='ocrx_word' id='word_1_33' title='bbox 186 814 295 839; x_wconf 52' lang='lat' dir='ltr'>§vlit-ital</span> <span class='ocrx_word' id='word_1_34' title='bbox 305 823 313 839; x_wconf 84' lang='grc'>.’</span> 
     </span>
     <span class='ocr_line' id='line_1_9' title="bbox 156 861 886 901; baseline -0.004 -7"><span class='ocrx_word' id='word_1_35' title='bbox 156 865 175 895; x_wconf 85' lang='lat' dir='ltr'>i.</span> <span class='ocrx_word' id='word_1_36' title='bbox 193 876 218 894; x_wconf 82' lang='lat' dir='ltr'>e.</span> <span class='ocrx_word' id='word_1_37' title='bbox 242 865 348 894; x_wconf 83' lang='lat' dir='ltr'>crebro</span> <span class='ocrx_word' id='word_1_38' title='bbox 370 869 459 893; x_wconf 81' lang='lat' dir='ltr'>motu</span> <span class='ocrx_word' id='word_1_39' title='bbox 486 869 595 901; x_wconf 81' lang='lat' dir='ltr'>tentat,</span> <span class='ocrx_word' id='word_1_40' title='bbox 623 869 653 893; x_wconf 88' lang='lat' dir='ltr'>et</span> <span class='ocrx_word' id='word_1_41' title='bbox 679 861 886 893; x_wconf 85' lang='lat' dir='ltr'>succussione.</span> 
     </span>
     <span class='ocr_line' id='line_1_10' title="bbox 157 915 886 955; baseline -0.005 -9"><span class='ocrx_word' id='word_1_42' title='bbox 157 917 245 946; x_wconf 86' lang='lat' dir='ltr'>Hinc</span> <span class='ocrx_word' id='word_1_43' title='bbox 257 916 323 945; x_wconf 86' lang='lat' dir='ltr'>istae</span> <span class='ocrx_word' id='word_1_44' title='bbox 338 921 512 955; x_wconf 78' lang='lat' dir='ltr'>pervagatae</span> <span class='ocrx_word' id='word_1_45' title='bbox 526 915 701 945; x_wconf 83' lang='lat' dir='ltr'>locutiones</span> <span class='ocrx_word' id='word_1_46' title='bbox 723 918 744 932; x_wconf 86' lang='lat'><strong>“</strong></span> <span class='ocrx_word' id='word_1_47' title='bbox 760 920 886 950; x_wconf 87' lang='lat' dir='ltr'>terram,</span> 
     </span>
     <span class='ocr_line' id='line_1_11' title="bbox 157 965 887 1006; baseline -0.005 -8"><span class='ocrx_word' id='word_1_48' title='bbox 157 972 178 986; x_wconf 87' lang='lat'><strong>“</strong></span> <span class='ocrx_word' id='word_1_49' title='bbox 196 979 295 1006; x_wconf 87' lang='lat' dir='ltr'>mare,</span> <span class='ocrx_word' id='word_1_50' title='bbox 317 969 515 1003; x_wconf 57' lang='lat' dir='ltr'>solicitat-65²⁵</span> <span class='ocrx_word' id='word_1_51' title='bbox 548 968 566 998; x_wconf 88' lang='lat' dir='ltr'>i.</span> <span class='ocrx_word' id='word_1_52' title='bbox 584 979 608 997; x_wconf 89' lang='lat' dir='ltr'>e.</span> <span class='ocrx_word' id='word_1_53' title='bbox 633 968 740 997; x_wconf 85' lang='lat' dir='ltr'>crebro</span> <span class='ocrx_word' id='word_1_54' title='bbox 756 965 836 995; x_wconf 85' lang='lat' dir='ltr'>ciere</span> <span class='ocrx_word' id='word_1_55' title='bbox 852 974 887 994; x_wconf 82' lang='lat' dir='ltr'>ac</span> 
     </span>
     <span class='ocr_line' id='line_1_12' title="bbox 156 1015 887 1056; baseline -0.005 -7"><span class='ocrx_word' id='word_1_56' title='bbox 156 1029 290 1050; x_wconf 87' lang='lat' dir='ltr'>movere.</span> <span class='ocrx_word' id='word_1_57' title='bbox 328 1019 507 1056; x_wconf 81' lang='lat' dir='ltr'>Terentius,</span> <span class='ocrx_word' id='word_1_58' title='bbox 526 1019 643 1048; x_wconf 81' lang='lat' dir='ltr'>Heaut.</span> <span class='ocrx_word' id='word_1_59' title='bbox 661 1017 703 1047; x_wconf 85' lang='lat' dir='ltr'>iii.</span> <span class='ocrx_word' id='word_1_60' title='bbox 724 1021 748 1047; x_wconf 93' lang='lat'>1.</span> <span class='ocrx_word' id='word_1_61' title='bbox 767 1021 816 1047; x_wconf 73' lang='lat'>52.</span> <span class='ocrx_word' id='word_1_62' title='bbox 833 1015 887 1045; x_wconf 88' lang='lat' dir='ltr'>ubi</span> 
     </span>
     <span class='ocr_line' id='line_1_13' title="bbox 155 1066 887 1109; baseline -0.007 -8"><span class='ocrx_word' id='word_1_63' title='bbox 155 1071 275 1101; x_wconf 86' lang='lat' dir='ltr'>meritis</span> <span class='ocrx_word' id='word_1_64' title='bbox 309 1072 414 1101; x_wconf 84' lang='lat' dir='ltr'>sannis</span> <span class='ocrx_word' id='word_1_65' title='bbox 441 1069 674 1100; x_wconf 51' lang='lat' dir='ltr'>iVesterhovius</span> <span class='ocrx_word' id='word_1_66' title='bbox 712 1066 887 1109; x_wconf 84' lang='lat' dir='ltr'>Eugraphii</span> 
     </span>
     <span class='ocr_line' id='line_1_14' title="bbox 156 1123 671 1162; baseline -0.006 -9"><span class='ocrx_word' id='word_1_67' title='bbox 156 1123 398 1153; x_wconf 75' lang='lat' dir='ltr'>commentarios</span> <span class='ocrx_word' id='word_1_68' title='bbox 417 1128 598 1162; x_wconf 84' lang='lat' dir='ltr'>prosecutus</span> <span class='ocrx_word' id='word_1_69' title='bbox 613 1128 671 1151; x_wconf 86' lang='lat' dir='ltr'>est:</span> 
     </span>
     <span class='ocr_line' id='line_1_15' title="bbox 281 1182 601 1208; baseline -0.006 -1"><span class='ocrx_word' id='word_1_70' title='bbox 281 1185 381 1208; x_wconf 85' lang='lat' dir='ltr'>Omnes</span> <span class='ocrx_word' id='word_1_71' title='bbox 390 1183 495 1208; x_wconf 72' lang='lat' dir='ltr'>solicitos</span> <span class='ocrx_word' id='word_1_72' title='bbox 507 1182 601 1206; x_wconf 83' lang='lat' dir='ltr'>habui:</span> 
     </span>
     <span class='ocr_line' id='line_1_16' title="bbox 156 1228 888 1263; baseline -0.01 0"><span class='ocrx_word' id='word_1_73' title='bbox 156 1233 175 1263; x_wconf 90' lang='lat' dir='ltr'>i.</span> <span class='ocrx_word' id='word_1_74' title='bbox 193 1244 218 1263; x_wconf 88' lang='lat' dir='ltr'>e.</span> <span class='ocrx_word' id='word_1_75' title='bbox 235 1233 376 1262; x_wconf 80' lang='lat' dir='ltr'>celeriter</span> <span class='ocrx_word' id='word_1_76' title='bbox 391 1238 421 1261; x_wconf 87' lang='lat' dir='ltr'>et</span> <span class='ocrx_word' id='word_1_77' title='bbox 436 1231 633 1261; x_wconf 81' lang='lat' dir='ltr'>continenter</span> <span class='ocrx_word' id='word_1_78' title='bbox 648 1228 888 1259; x_wconf 74' lang='lat' dir='ltr'>discursitantes,</span> 
     </span>
     <span class='ocr_line' id='line_1_17' title="bbox 159 1280 888 1321; baseline -0.008 -6"><span class='ocrx_word' id='word_1_79' title='bbox 159 1286 250 1315; x_wconf 87' lang='lat' dir='ltr'>Bene</span> <span class='ocrx_word' id='word_1_80' title='bbox 266 1285 424 1314; x_wconf 83' lang='lat' dir='ltr'>Donatus:</span> <span class='ocrx_word' id='word_1_81' title='bbox 455 1288 477 1302; x_wconf 85' lang='lat'>“</span> <span class='ocrx_word' id='word_1_82' title='bbox 495 1282 584 1313; x_wconf 69' lang='lat' dir='ltr'>Nihil</span> <span class='ocrx_word' id='word_1_83' title='bbox 599 1281 826 1321; x_wconf 77' lang='lat' dir='ltr'>significantius</span> <span class='ocrx_word' id='word_1_84' title='bbox 842 1280 888 1310; x_wconf 90' lang='lat' dir='ltr'>di-</span> 
     </span>
     <span class='ocr_line' id='line_1_18' title="bbox 159 1335 891 1376; baseline -0.007 -8"><span class='ocrx_word' id='word_1_85' title='bbox 159 1342 182 1357; x_wconf 86' lang='lat'><strong>“</strong></span> <span class='ocrx_word' id='word_1_86' title='bbox 199 1348 268 1368; x_wconf 87' lang='lat' dir='ltr'>cere</span> <span class='ocrx_word' id='word_1_87' title='bbox 284 1337 394 1376; x_wconf 87' lang='lat' dir='ltr'>potuit.</span> <span class='ocrx_word' id='word_1_88' title='bbox 441 1336 527 1372; x_wconf 83' lang='lat' dir='ltr'>Quid</span> <span class='ocrx_word' id='word_1_89' title='bbox 543 1337 628 1366; x_wconf 87' lang='lat' dir='ltr'>enim</span> <span class='ocrx_word' id='word_1_90' title='bbox 651 1335 737 1364; x_wconf 84' lang='lat' dir='ltr'>aliud</span> <span class='ocrx_word' id='word_1_91' title='bbox 753 1341 798 1364; x_wconf 91' lang='lat' dir='ltr'>est</span> <span class='ocrx_word' id='word_1_92' title='bbox 821 1336 891 1364; x_wconf 72' lang='lat' dir='ltr'>soli-</span> 
     </span>
     <span class='ocr_line' id='line_1_19' title="bbox 157 1385 890 1429; baseline -0.008 -9"><span class='ocrx_word' id='word_1_93' title='bbox 157 1394 180 1408; x_wconf 84' lang='lat'><strong>“</strong></span> <span class='ocrx_word' id='word_1_94' title='bbox 197 1392 302 1425; x_wconf 72' lang='lat' dir='ltr'>citare,</span> <span class='ocrx_word' id='word_1_95' title='bbox 327 1399 422 1429; x_wconf 86' lang='lat' dir='ltr'>quam</span> <span class='ocrx_word' id='word_1_96' title='bbox 438 1400 490 1419; x_wconf 73' lang='lat' dir='ltr'>sm»</span> <span class='ocrx_word' id='word_1_97' title='bbox 506 1391 567 1418; x_wconf 84' lang='lat' dir='ltr'>loco</span> <span class='ocrx_word' id='word_1_98' title='bbox 584 1387 721 1418; x_wconf 54' lang='lat' dir='ltr'>wawere?</span> <span class='ocrx_word' id='word_1_99' title='bbox 748 1385 890 1416; x_wconf 83' lang='lat' dir='ltr'>Solicitos</span> 
     </span>
     <span class='ocr_line' id='line_1_20' title="bbox 159 1438 890 1482; baseline -0.001 -13"><span class='ocrx_word' id='word_1_100' title='bbox 159 1446 181 1469; x_wconf 87' lang='lat'>‘.‘</span> <span class='ocrx_word' id='word_1_101' title='bbox 198 1442 295 1482; x_wconf 80' lang='lat' dir='ltr'>igitur</span> <span class='ocrx_word' id='word_1_102' title='bbox 323 1441 433 1471; x_wconf 84' lang='lat' dir='ltr'>habuit</span> <span class='ocrx_word' id='word_1_103' title='bbox 461 1451 571 1470; x_wconf 82' lang='lat' dir='ltr'>omnes</span> <span class='ocrx_word' id='word_1_104' title='bbox 601 1440 798 1476; x_wconf 81' lang='lat' dir='ltr'>domesticos,</span> <span class='ocrx_word' id='word_1_105' title='bbox 836 1438 890 1478; x_wconf 89' lang='lat' dir='ltr'>qui</span> 
     </span>
     <span class='ocr_line' id='line_1_21' title="bbox 158 1491 890 1523; baseline -0.005 0"><span class='ocrx_word' id='word_1_106' title='bbox 158 1496 181 1511; x_wconf 88' lang='lat'><strong>“</strong></span> <span class='ocrx_word' id='word_1_107' title='bbox 197 1493 275 1523; x_wconf 78' lang='lat' dir='ltr'>hinc</span> <span class='ocrx_word' id='word_1_108' title='bbox 293 1499 323 1523; x_wconf 90' lang='lat' dir='ltr'>et</span> <span class='ocrx_word' id='word_1_109' title='bbox 346 1493 419 1522; x_wconf 85' lang='lat' dir='ltr'>inde</span> <span class='ocrx_word' id='word_1_110' title='bbox 443 1492 481 1522; x_wconf 83' lang='lat' dir='ltr'>ad</span> <span class='ocrx_word' id='word_1_111' title='bbox 500 1491 744 1521; x_wconf 77' lang='lat' dir='ltr'>ministrandum</span> <span class='ocrx_word' id='word_1_112' title='bbox 761 1491 890 1521; x_wconf 88' lang='lat' dir='ltr'>distine-</span> 
     </span>
     <span class='ocr_line' id='line_1_22' title="bbox 159 1544 747 1576; baseline -0.005 -1"><span class='ocrx_word' id='word_1_113' title='bbox 159 1549 181 1564; x_wconf 84' lang='lat'><strong>“</strong></span> <span class='ocrx_word' id='word_1_114' title='bbox 197 1545 341 1576; x_wconf 82' lang='lat' dir='ltr'>bantur.&#39;&#39;</span> <span class='ocrx_word' id='word_1_115' title='bbox 387 1545 470 1575; x_wconf 77' lang='lat' dir='ltr'>Vide</span> <span class='ocrx_word' id='word_1_116' title='bbox 487 1544 747 1574; x_wconf 54' lang='lat' dir='ltr'>WVestc-rliovium.</span> 
     </span>
     <span class='ocr_line' id='line_1_23' title="bbox 202 1598 889 1639; baseline -0.009 -9"><span class='ocrx_word' id='word_1_117' title='bbox 202 1599 283 1630; x_wconf 82' lang='lat' dir='ltr'>Ibid.</span> <span class='ocrx_word' id='word_1_118' title='bbox 305 1602 426 1639; x_wconf 71' lang='lat' dir='ltr'>privata</span> <span class='ocrx_word' id='word_1_119' title='bbox 444 1605 591 1629; x_wconf 69' lang='lat' dir='ltr'>carerent.</span> <span class='ocrx_word' id='word_1_120' title='bbox 638 1598 711 1627; x_wconf 84' lang='lat' dir='ltr'>Non</span> <span class='ocrx_word' id='word_1_121' title='bbox 733 1602 806 1626; x_wconf 81' lang='lat' dir='ltr'>sunt</span> <span class='ocrx_word' id='word_1_122' title='bbox 822 1606 889 1625; x_wconf 82' lang='lat' dir='ltr'>om-</span> 
     </span>
     <span class='ocr_line' id='line_1_24' title="bbox 159 1648 890 1688; baseline -0.007 -6"><span class='ocrx_word' id='word_1_123' title='bbox 159 1652 213 1682; x_wconf 89' lang='lat' dir='ltr'>nia</span> <span class='ocrx_word' id='word_1_124' title='bbox 238 1651 271 1680; x_wconf 91' lang='lat' dir='ltr'>in</span> <span class='ocrx_word' id='word_1_125' title='bbox 288 1651 446 1688; x_wconf 81' lang='lat' dir='ltr'>Lucretio,</span> <span class='ocrx_word' id='word_1_126' title='bbox 471 1651 514 1680; x_wconf 79' lang='lat' dir='ltr'>sic</span> <span class='ocrx_word' id='word_1_127' title='bbox 537 1656 572 1680; x_wconf 90' lang='lat' dir='ltr'>ut</span> <span class='ocrx_word' id='word_1_128' title='bbox 595 1650 685 1679; x_wconf 90' lang='lat' dir='ltr'>nobis</span> <span class='ocrx_word' id='word_1_129' title='bbox 700 1649 770 1688; x_wconf 90' lang='lat' dir='ltr'>plus</span> <span class='ocrx_word' id='word_1_130' title='bbox 793 1648 890 1678; x_wconf 87' lang='lat' dir='ltr'>semel</span> 
     </span>
     <span class='ocr_line' id='line_1_25' title="bbox 158 1700 889 1743; baseline -0.004 -10"><span class='ocrx_word' id='word_1_131' title='bbox 158 1703 290 1743; x_wconf 83' lang='lat' dir='ltr'>contigit</span> <span class='ocrx_word' id='word_1_132' title='bbox 305 1702 517 1739; x_wconf 82' lang='lat' dir='ltr'>admonuisse,</span> <span class='ocrx_word' id='word_1_133' title='bbox 541 1712 613 1731; x_wconf 89' lang='lat' dir='ltr'>cum</span> <span class='ocrx_word' id='word_1_134' title='bbox 633 1701 819 1739; x_wconf 80' lang='lat' dir='ltr'>superbioris</span> <span class='ocrx_word' id='word_1_135' title='bbox 837 1700 889 1740; x_wconf 82' lang='lat' dir='ltr'>ju-</span> 
     </span>
     <span class='ocr_line' id='line_1_26' title="bbox 157 1753 889 1794; baseline -0.005 -8"><span class='ocrx_word' id='word_1_136' title='bbox 157 1756 231 1786; x_wconf 85' lang='lat' dir='ltr'>dicii</span> <span class='ocrx_word' id='word_1_137' title='bbox 254 1756 433 1785; x_wconf 79' lang='lat' dir='ltr'>morositate</span> <span class='ocrx_word' id='word_1_138' title='bbox 457 1753 587 1794; x_wconf 83' lang='lat' dir='ltr'>rigidius</span> <span class='ocrx_word' id='word_1_139' title='bbox 610 1753 813 1791; x_wconf 82' lang='lat' dir='ltr'>pensitanda3</span> <span class='ocrx_word' id='word_1_140' title='bbox 835 1764 889 1783; x_wconf 87' lang='lat' dir='ltr'>ne-</span> 
     </span>
     <span class='ocr_line' id='line_1_27' title="bbox 159 1805 890 1847; baseline -0.005 -10"><span class='ocrx_word' id='word_1_141' title='bbox 159 1818 230 1847; x_wconf 90' lang='lat' dir='ltr'>que,</span> <span class='ocrx_word' id='word_1_142' title='bbox 255 1814 290 1837; x_wconf 89' lang='lat' dir='ltr'>ut</span> <span class='ocrx_word' id='word_1_143' title='bbox 305 1806 420 1847; x_wconf 82' lang='lat' dir='ltr'>quaevis</span> <span class='ocrx_word' id='word_1_144' title='bbox 435 1806 530 1836; x_wconf 87' lang='lat' dir='ltr'>dictio</span> <span class='ocrx_word' id='word_1_145' title='bbox 545 1805 584 1835; x_wconf 86' lang='lat' dir='ltr'>ad</span> <span class='ocrx_word' id='word_1_146' title='bbox 601 1805 766 1843; x_wconf 75' lang='lat' dir='ltr'>praecisum</span> <span class='ocrx_word' id='word_1_147' title='bbox 784 1805 890 1845; x_wconf 70' lang='lat' dir='ltr'>Virgi-</span> 
     </span>
     <span class='ocr_line' id='line_1_28' title="bbox 160 1857 893 1898; baseline -0.004 -8"><span class='ocrx_word' id='word_1_148' title='bbox 160 1860 237 1890; x_wconf 85' lang='lat' dir='ltr'>liani</span> <span class='ocrx_word' id='word_1_149' title='bbox 270 1859 379 1889; x_wconf 84' lang='lat' dir='ltr'>nitoris</span> <span class='ocrx_word' id='word_1_150' title='bbox 404 1868 547 1898; x_wconf 81' lang='lat' dir='ltr'>unguem</span> <span class='ocrx_word' id='word_1_151' title='bbox 577 1857 726 1897; x_wconf 77' lang='lat' dir='ltr'>castigata</span> <span class='ocrx_word' id='word_1_152' title='bbox 757 1858 893 1887; x_wconf 89' lang='lat' dir='ltr'>molliter</span> 
     </span>
     <span class='ocr_line' id='line_1_29' title="bbox 160 1909 891 1950; baseline -0.004 -9"><span class='ocrx_word' id='word_1_153' title='bbox 160 1911 276 1947; x_wconf 84' lang='lat' dir='ltr'>effluat,</span> <span class='ocrx_word' id='word_1_154' title='bbox 300 1921 425 1950; x_wconf 71' lang='lat' dir='ltr'>{equum</span> <span class='ocrx_word' id='word_1_155' title='bbox 441 1910 537 1939; x_wconf 83' lang='lat' dir='ltr'>fuerit</span> <span class='ocrx_word' id='word_1_156' title='bbox 552 1916 743 1948; x_wconf 73' lang='lat' dir='ltr'>exspectare:</span> <span class='ocrx_word' id='word_1_157' title='bbox 771 1909 819 1939; x_wconf 88' lang='lat' dir='ltr'>his</span> <span class='ocrx_word' id='word_1_158' title='bbox 835 1920 891 1939; x_wconf 87' lang='lat' dir='ltr'>au-</span> 
     </span>
     <span class='ocr_line' id='line_1_30' title="bbox 160 1961 894 2001; baseline -0.001 -8"><span class='ocrx_word' id='word_1_159' title='bbox 160 1970 226 1993; x_wconf 86' lang='lat' dir='ltr'>tem</span> <span class='ocrx_word' id='word_1_160' title='bbox 256 1962 420 1999; x_wconf 67' lang='lat' dir='ltr'>concessis,</span> <span class='ocrx_word' id='word_1_161' title='bbox 452 1962 602 1991; x_wconf 79' lang='lat' dir='ltr'>Tui-nebo</span> <span class='ocrx_word' id='word_1_162' title='bbox 634 1961 706 2001; x_wconf 84' lang='lat' dir='ltr'>jure</span> <span class='ocrx_word' id='word_1_163' title='bbox 736 1962 894 2000; x_wconf 82' lang='lat' dir='ltr'>displicuit</span> 
     </span>
     <span class='ocr_line' id='line_1_31' title="bbox 160 2014 893 2055; baseline -0.001 -11"><span class='ocrx_word' id='word_1_164' title='bbox 160 2015 291 2055; x_wconf 83' lang='lat' dir='ltr'>phrasis,</span> <span class='ocrx_word' id='word_1_165' title='bbox 317 2016 441 2053; x_wconf 71' lang='lat' dir='ltr'>privata</span> <span class='ocrx_word' id='word_1_166' title='bbox 465 2020 619 2048; x_wconf 44' lang='lat' dir='ltr'>cco-eren&amp;</span> <span class='ocrx_word' id='word_1_167' title='bbox 647 2014 700 2053; x_wconf 84' lang='lat' dir='ltr'>qui</span> <span class='ocrx_word' id='word_1_168' title='bbox 723 2014 893 2053; x_wconf 86' lang='lat' dir='ltr'>legendum</span> 
     </span>
     <span class='ocr_line' id='line_1_32' title="bbox 162 2065 895 2107; baseline -0.004 -10"><span class='ocrx_word' id='word_1_169' title='bbox 162 2066 335 2107; x_wconf 81' lang='lat' dir='ltr'>proposuit,</span> <span class='ocrx_word' id='word_1_170' title='bbox 354 2067 477 2105; x_wconf 68' lang='lat' dir='ltr'>privata</span> <span class='ocrx_word' id='word_1_171' title='bbox 491 2065 652 2104; x_wconf 79' lang='lat' dir='ltr'>jacerent:</span> <span class='ocrx_word' id='word_1_172' title='bbox 686 2075 749 2094; x_wconf 88' lang='lat' dir='ltr'>non</span> <span class='ocrx_word' id='word_1_173' title='bbox 776 2065 895 2094; x_wconf 90' lang='lat' dir='ltr'>inscite.</span> 
     </span>
     <span class='ocr_line' id='line_1_33' title="bbox 162 2116 897 2155; baseline -0.004 -6"><span class='ocrx_word' id='word_1_174' title='bbox 162 2120 232 2150; x_wconf 88' lang='lat' dir='ltr'>Nec</span> <span class='ocrx_word' id='word_1_175' title='bbox 248 2117 385 2148; x_wconf 83' lang='lat' dir='ltr'>deterius</span> <span class='ocrx_word' id='word_1_176' title='bbox 399 2123 505 2147; x_wconf 86' lang='lat' dir='ltr'>tamen</span> <span class='ocrx_word' id='word_1_177' title='bbox 521 2116 649 2146; x_wconf 86' lang='lat' dir='ltr'>fortasse</span> <span class='ocrx_word' id='word_1_178' title='bbox 664 2116 770 2153; x_wconf 83' lang='lat' dir='ltr'>fuerit,</span> <span class='ocrx_word' id='word_1_179' title='bbox 789 2118 897 2155; x_wconf 81' lang='lat' dir='ltr'>priva-</span> 
     </span>
     <span class='ocr_line' id='line_1_34' title="bbox 163 2167 894 2202; baseline -0.01 0"><span class='ocrx_word' id='word_1_180' title='bbox 163 2178 195 2202; x_wconf 88' lang='lat' dir='ltr'>ta</span> <span class='ocrx_word' id='word_1_181' title='bbox 212 2176 387 2201; x_wconf 79' lang='lat' dir='ltr'>manerent:</span> <span class='ocrx_word' id='word_1_182' title='bbox 413 2167 554 2198; x_wconf 83' lang='lat' dir='ltr'>conferas</span> <span class='ocrx_word' id='word_1_183' title='bbox 568 2167 612 2197; x_wconf 87' lang='lat' dir='ltr'>iii.</span> <span class='ocrx_word' id='word_1_184' title='bbox 630 2170 701 2198; x_wconf 82' lang='lat'>548.</span> <span class='ocrx_word' id='word_1_185' title='bbox 725 2167 763 2196; x_wconf 90' lang='lat' dir='ltr'>iv.</span> <span class='ocrx_word' id='word_1_186' title='bbox 779 2171 852 2198; x_wconf 82' lang='lat'>596.</span> <span class='ocrx_word' id='word_1_187' title='bbox 869 2177 894 2196; x_wconf 90' lang='lat' dir='ltr'>v.</span> 
     </span>
     <span class='ocr_line' id='line_1_35' title="bbox 166 2218 895 2261; baseline -0.007 -9"><span class='ocrx_word' id='word_1_188' title='bbox 166 2225 259 2252; x_wconf 69' lang='lat'>1120.</span> <span class='ocrx_word' id='word_1_189' title='bbox 283 2221 459 2261; x_wconf 88' lang='lat' dir='ltr'>genuinum</span> <span class='ocrx_word' id='word_1_190' title='bbox 483 2229 556 2248; x_wconf 80' lang='lat' dir='ltr'>vero</span> <span class='ocrx_word' id='word_1_191' title='bbox 578 2229 654 2256; x_wconf 88' lang='lat' dir='ltr'>esse,</span> <span class='ocrx_word' id='word_1_192' title='bbox 677 2224 770 2258; x_wconf 84' lang='lat' dir='ltr'>atque</span> <span class='ocrx_word' id='word_1_193' title='bbox 790 2229 808 2248; x_wconf 84' lang='lat' dir='ltr'>a</span> <span class='ocrx_word' id='word_1_194' title='bbox 828 2218 895 2248; x_wconf 88' lang='lat' dir='ltr'>Lu-</span> 
     </span>
     <span class='ocr_line' id='line_1_36' title="bbox 164 2270 895 2313; baseline -0.005 -9"><span class='ocrx_word' id='word_1_195' title='bbox 164 2274 251 2305; x_wconf 81' lang='lat' dir='ltr'>cretii</span> <span class='ocrx_word' id='word_1_196' title='bbox 273 2284 384 2311; x_wconf 89' lang='lat' dir='ltr'>manu,</span> <span class='ocrx_word' id='word_1_197' title='bbox 407 2271 492 2313; x_wconf 90' lang='lat' dir='ltr'>quod</span> <span class='ocrx_word' id='word_1_198' title='bbox 514 2271 644 2301; x_wconf 86' lang='lat' dir='ltr'>daturus</span> <span class='ocrx_word' id='word_1_199' title='bbox 665 2282 746 2307; x_wconf 88' lang='lat' dir='ltr'>sum,</span> <span class='ocrx_word' id='word_1_200' title='bbox 770 2270 821 2301; x_wconf 87' lang='lat' dir='ltr'>vix</span> <span class='ocrx_word' id='word_1_201' title='bbox 841 2271 895 2301; x_wconf 90' lang='lat' dir='ltr'>ad-</span> 
     </span>
     <span class='ocr_line' id='line_1_37' title="bbox 165 2326 320 2357; baseline -0.006 0"><span class='ocrx_word' id='word_1_202' title='bbox 165 2326 320 2357; x_wconf 83' lang='lat' dir='ltr'>dubitem:</span> 
     </span>
     <span class='ocr_line' id='line_1_38' title="bbox 445 2383 802 2416; baseline -0.008 -7"><span class='ocrx_word' id='word_1_203' title='bbox 445 2387 524 2409; x_wconf 88' lang='lat' dir='ltr'>motu</span> <span class='ocrx_word' id='word_1_204' title='bbox 535 2383 650 2416; x_wconf 81' lang='lat' dir='ltr'>privata,</span> <span class='ocrx_word' id='word_1_205' title='bbox 661 2386 802 2407; x_wconf 75' lang='lat' dir='ltr'>vacarent.-</span> 
     </span>
    </p>
   </div>
   <div class='ocr_carea' id='block_1_8' title="bbox 165 2441 902 2898">
    <p class='ocr_par' dir='ltr' id='par_1_8' title="bbox 165 2441 899 2630">
     <span class='ocr_line' id='line_1_39' title="bbox 165 2441 895 2482; baseline -0.005 -8"><span class='ocrx_word' id='word_1_206' title='bbox 165 2443 185 2474; x_wconf 86' lang='lat' dir='ltr'>i.</span> <span class='ocrx_word' id='word_1_207' title='bbox 216 2455 242 2474; x_wconf 85' lang='lat' dir='ltr'>e.</span> <span class='ocrx_word' id='word_1_208' title='bbox 272 2444 454 2479; x_wconf 87' lang='lat' dir='ltr'>otiarentur,</span> <span class='ocrx_word' id='word_1_209' title='bbox 492 2448 523 2472; x_wconf 87' lang='lat' dir='ltr'>et</span> <span class='ocrx_word' id='word_1_210' title='bbox 552 2441 664 2471; x_wconf 87' lang='lat' dir='ltr'>inertia</span> <span class='ocrx_word' id='word_1_211' title='bbox 694 2441 895 2482; x_wconf 84' lang='lat' dir='ltr'>quiescerent.</span> 
     </span>
     <span class='ocr_line' id='line_1_40' title="bbox 167 2495 896 2531; baseline -0.004 -6"><span class='ocrx_word' id='word_1_212' title='bbox 167 2495 219 2524; x_wconf 84' lang='lat' dir='ltr'>De</span> <span class='ocrx_word' id='word_1_213' title='bbox 242 2495 416 2525; x_wconf 86' lang='lat' dir='ltr'>dictionum</span> <span class='ocrx_word' id='word_1_214' title='bbox 439 2500 546 2524; x_wconf 90' lang='lat' dir='ltr'>autem</span> <span class='ocrx_word' id='word_1_215' title='bbox 568 2505 639 2525; x_wconf 84' lang='lat' dir='ltr'>vaco</span> <span class='ocrx_word' id='word_1_216' title='bbox 663 2499 693 2523; x_wconf 92' lang='lat' dir='ltr'>et</span> <span class='ocrx_word' id='word_1_217' title='bbox 715 2504 802 2523; x_wconf 74' lang='lat' dir='ltr'>careo</span> <span class='ocrx_word' id='word_1_218' title='bbox 827 2502 896 2531; x_wconf 90' lang='lat' dir='ltr'>per-</span> 
     </span>
     <span class='ocr_line' id='line_1_41' title="bbox 167 2545 899 2583; baseline -0.003 -7"><span class='ocrx_word' id='word_1_219' title='bbox 167 2548 351 2583; x_wconf 73' lang='lat' dir='ltr'>mutatione,</span> <span class='ocrx_word' id='word_1_220' title='bbox 374 2547 479 2578; x_wconf 71' lang='lat' dir='ltr'>videas</span> <span class='ocrx_word' id='word_1_221' title='bbox 497 2546 588 2578; x_wconf 83' lang='lat' dir='ltr'>Ovid.</span> <span class='ocrx_word' id='word_1_222' title='bbox 605 2556 665 2576; x_wconf 90' lang='lat' dir='ltr'>am.</span> <span class='ocrx_word' id='word_1_223' title='bbox 688 2545 732 2575; x_wconf 88' lang='lat' dir='ltr'>iii.</span> <span class='ocrx_word' id='word_1_224' title='bbox 749 2549 777 2575; x_wconf 85' lang='lat'>4.</span> <span class='ocrx_word' id='word_1_225' title='bbox 796 2548 845 2575; x_wconf 71' lang='lat'>95.</span> <span class='ocrx_word' id='word_1_226' title='bbox 869 2551 899 2575; x_wconf 90' lang='lat' dir='ltr'>et</span> 
     </span>
     <span class='ocr_line' id='line_1_42' title="bbox 169 2600 377 2630; baseline 0.01 -2"><span class='ocrx_word' id='word_1_227' title='bbox 169 2605 241 2628; x_wconf 87' lang='lat' dir='ltr'>met.</span> <span class='ocrx_word' id='word_1_228' title='bbox 260 2600 289 2629; x_wconf 84' lang='lat' dir='ltr'>ii.</span> <span class='ocrx_word' id='word_1_229' title='bbox 307 2604 377 2630; x_wconf 72' lang='lat'>42¹2.</span> 
     </span>
    </p>

    <p class='ocr_par' dir='ltr' id='par_1_9' title="bbox 168 2649 902 2898">
     <span class='ocr_line' id='line_1_43' title="bbox 212 2649 896 2690; baseline 0.001 -12"><span class='ocrx_word' id='word_1_230' title='bbox 212 2650 286 2679; x_wconf 86' lang='lat' dir='ltr'>Ver.</span> <span class='ocrx_word' id='word_1_231' title='bbox 302 2654 375 2681; x_wconf 67' lang='lat'>545.</span> <span class='ocrx_word' id='word_1_232' title='bbox 395 2653 500 2690; x_wconf 67' lang='lat' dir='ltr'>genita</span> <span class='ocrx_word' id='word_1_233' title='bbox 520 2649 604 2681; x_wconf 74' lang='lat' dir='ltr'>nullti</span> <span class='ocrx_word' id='word_1_234' title='bbox 620 2649 896 2690; x_wconf 77' lang='lat' dir='ltr'>rationefuz&#39;ssent:</span> 
     </span>
     <span class='ocr_line' id='line_1_44' title="bbox 168 2699 900 2740; baseline 0 -11"><span class='ocrx_word' id='word_1_235' title='bbox 168 2710 254 2735; x_wconf 85' lang='lat' dir='ltr'>nam,</span> <span class='ocrx_word' id='word_1_236' title='bbox 282 2711 319 2730; x_wconf 80' lang='lat' dir='ltr'>ex</span> <span class='ocrx_word' id='word_1_237' title='bbox 343 2702 496 2732; x_wconf 62' lang='lat' dir='ltr'>sententia</span> <span class='ocrx_word' id='word_1_238' title='bbox 519 2702 707 2740; x_wconf 86' lang='lat' dir='ltr'>Democriti,</span> <span class='ocrx_word' id='word_1_239' title='bbox 734 2699 900 2740; x_wconf 89' lang='lat' dir='ltr'>Leucippi,</span> 
     </span>
     <span class='ocr_line' id='line_1_45' title="bbox 169 2752 901 2790; baseline 0 -9"><span class='ocrx_word' id='word_1_240' title='bbox 169 2758 199 2782; x_wconf 86' lang='lat' dir='ltr'>et</span> <span class='ocrx_word' id='word_1_241' title='bbox 216 2752 358 2790; x_wconf 88' lang='lat' dir='ltr'>Epicuri,</span> <span class='ocrx_word' id='word_1_242' title='bbox 381 2754 488 2783; x_wconf 89' lang='lat' dir='ltr'>omnia</span> <span class='ocrx_word' id='word_1_243' title='bbox 510 2754 592 2784; x_wconf 88' lang='lat' dir='ltr'>fiunt</span> <span class='ocrx_word' id='word_1_244' title='bbox 614 2761 644 2784; x_wconf 88' lang='lat' dir='ltr'>et</span> <span class='ocrx_word' id='word_1_245' title='bbox 659 2753 843 2784; x_wconf 82' lang='lat' dir='ltr'>exoriuntur</span> <span class='ocrx_word' id='word_1_246' title='bbox 862 2762 901 2782; x_wconf 85' lang='lat' dir='ltr'>ex</span> 
     </span>
     <span class='ocr_line' id='line_1_46' title="bbox 777 2806 902 2835; baseline -0.008 0"><span class='ocrx_word' id='word_1_247' title='bbox 777 2806 828 2835; x_wconf 88' lang='lat' dir='ltr'>De</span> <span class='ocrx_word' id='word_1_248' title='bbox 843 2806 902 2835; x_wconf 86' lang='lat' dir='ltr'>hac</span> 
     </span>
     <span class='ocr_line' id='line_1_47' title="bbox 168 2855 901 2898; baseline 0.003 -13"><span class='ocrx_word' id='word_1_249' title='bbox 168 2866 202 2885; x_wconf 88' lang='lat' dir='ltr'>re</span> <span class='ocrx_word' id='word_1_250' title='bbox 219 2855 415 2892; x_wconf 81' lang='lat' dir='ltr'>Aristoteles,</span> <span class='ocrx_word' id='word_1_251' title='bbox 440 2864 506 2895; x_wconf 67' lang='grc' dir='ltr'>ῳυσ·</span> <span class='ocrx_word' id='word_1_252' title='bbox 526 2869 643 2898; x_wconf 69' lang='grc' dir='ltr'><em>ακροασ·</em></span> <span class='ocrx_word' id='word_1_253' title='bbox 664 2858 703 2887; x_wconf 89' lang='lat' dir='ltr'>iv.</span> <span class='ocrx_word' id='word_1_254' title='bbox 720 2862 750 2888; x_wconf 90' lang='grc'>6.</span> <span class='ocrx_word' id='word_1_255' title='bbox 767 2856 814 2887; x_wconf 82' lang='lat' dir='ltr'>ed.</span> <span class='ocrx_word' id='word_1_256' title='bbox 833 2856 901 2896; x_wconf 83' lang='lat' dir='ltr'>Syl-</span> 
     </span>
    </p>
   </div>
   <div class='ocr_carea' id='block_1_9' title="bbox 169 2907 902 2947">
    <p class='ocr_par' dir='ltr' id='par_1_10' title="bbox 169 2907 902 2947">
     <span class='ocr_line' id='line_1_48' title="bbox 169 2907 902 2947; baseline 0.001 -10"><span class='ocrx_word' id='word_1_257' title='bbox 169 2909 410 2947; x_wconf 57' lang='lat' dir='ltr'>burg—atym</span> <span class='ocrx_word' id='word_1_258' title='bbox 437 2907 564 2945; x_wconf 64' lang='lat' dir='ltr'>Bs‚—0‘en</span> <span class='ocrx_word' id='word_1_259' title='bbox 591 2910 606 2940; x_wconf 68' lang='grc' dir='ltr'>ἦ</span> <span class='ocrx_word' id='word_1_260' title='bbox 635 2923 750 2947; x_wconf 63' lang='lat' dir='ltr'>miano-13,</span> <span class='ocrx_word' id='word_1_261' title='bbox 778 2910 793 2941; x_wconf 70' lang='grc' dir='ltr'>ἡ</span> <span class='ocrx_word' id='word_1_262' title='bbox 819 2921 902 2938; x_wconf 65' lang='grc' dir='ltr'>κατα</span> 
     </span>
    </p>
   </div>
   <div class='ocr_carea' id='block_1_10' title="bbox 168 2808 732 2837">
    <p class='ocr_par' dir='ltr' id='par_1_11' title="bbox 168 2808 732 2837">
     <span class='ocr_line' id='line_1_49' title="bbox 168 2808 732 2837; baseline 0.005 -3"><span class='ocrx_word' id='word_1_263' title='bbox 168 2810 346 2834; x_wconf 83' lang='lat' dir='ltr'>atomorum</span> <span class='ocrx_word' id='word_1_264' title='bbox 368 2808 548 2836; x_wconf 69' lang='lat' dir='ltr'>moventium</span> <span class='ocrx_word' id='word_1_265' title='bbox 568 2817 732 2837; x_wconf 84' lang='lat' dir='ltr'>concursu.</span> 
     </span>
    </p>
   </div>
   <div class='ocr_carea' id='block_1_11' title="bbox 170 2960 902 3001">
    <p class='ocr_par' dir='ltr' id='par_1_12' title="bbox 170 2960 902 3001">
     <span class='ocr_line' id='line_1_50' title="bbox 170 2960 902 3001; baseline -0.001 -11"><span class='ocrx_word' id='word_1_266' title='bbox 170 2971 268 2998; x_wconf 62' lang='lat' dir='ltr'>‘rm-av,</span> <span class='ocrx_word' id='word_1_267' title='bbox 296 2972 332 2990; x_wconf 69' lang='grc' dir='ltr'>εκ</span> <span class='ocrx_word' id='word_1_268' title='bbox 363 2974 397 2990; x_wconf 74' lang='lat' dir='ltr'>on</span> <span class='ocrx_word' id='word_1_269' title='bbox 424 2971 472 2993; x_wconf 69' lang='lat' dir='ltr'>sm·</span> <span class='ocrx_word' id='word_1_270' title='bbox 509 2974 586 2993; x_wconf 70' lang='grc' dir='ltr'>αντη</span> <span class='ocrx_word' id='word_1_271' title='bbox 613 2960 636 2991; x_wconf 65' lang='grc' dir='ltr'>δ’</span> <span class='ocrx_word' id='word_1_272' title='bbox 670 2974 729 2992; x_wconf 68' lang='grc' dir='ltr'>εστι</span> <span class='ocrx_word' id='word_1_273' title='bbox 760 2968 829 3001; x_wconf 57' lang='grc' dir='ltr'>φορῶ</span> <span class='ocrx_word' id='word_1_274' title='bbox 852 2973 902 2990; x_wconf 76' lang='lat' dir='ltr'>mu</span> 
     </span>
    </p>
   </div>
   <div class='ocr_carea' id='block_1_12' title="bbox 930 765 1671 1267">
    <p class='ocr_par' dir='ltr' id='par_1_13' title="bbox 930 765 1667 865">
     <span class='ocr_line' id='line_1_51' title="bbox 931 765 1667 808; baseline -0.001 -9"><span class='ocrx_word' id='word_1_275' title='bbox 931 772 1131 800; x_wconf 78' lang='grc' dir='ltr'><strong>Α’ΥΞΗΣΙΣ·</strong></span> <span class='ocrx_word' id='word_1_276' title='bbox 1157 780 1173 797; x_wconf 77' lang='lat'>8</span> <span class='ocrx_word' id='word_1_277' title='bbox 1189 780 1246 808; x_wconf 68' lang='grc' dir='ltr'>γαρ</span> <span class='ocrx_word' id='word_1_278' title='bbox 1261 779 1295 797; x_wconf 70' lang='grc' dir='ltr'>αν</span> <span class='ocrx_word' id='word_1_279' title='bbox 1311 765 1402 799; x_wconf 59' lang='lat' dir='ltr'>Bonam</span> <span class='ocrx_word' id='word_1_280' title='bbox 1428 779 1492 796; x_wconf 75' lang='lat' dir='ltr'>smus</span> <span class='ocrx_word' id='word_1_281' title='bbox 1509 779 1623 803; x_wconf 68' lang='grc' dir='ltr'>κινκσις,</span> <span class='ocrx_word' id='word_1_282' title='bbox 1645 779 1667 798; x_wconf 66' lang='grc' dir='ltr'>ει</span> 
     </span>
     <span class='ocr_line' id='line_1_52' title="bbox 930 837 1104 865; baseline -0.023 -10"><span class='ocrx_word' id='word_1_283' title='bbox 930 838 973 864; x_wconf 65' lang='grc' dir='ltr'>μῆ</span> <span class='ocrx_word' id='word_1_284' title='bbox 990 837 1005 865; x_wconf 61' lang='grc' dir='ltr'><em>ῃ</em></span> <span class='ocrx_word' id='word_1_285' title='bbox 1023 837 1104 853; x_wconf 59' lang='grc' dir='ltr'>1ίὲ16011.</span> 
     </span>
    </p>

    <p class='ocr_par' dir='ltr' id='par_1_14' title="bbox 933 871 1670 1122">
     <span class='ocr_line' id='line_1_53' title="bbox 976 871 1670 912; baseline -0.007 -8"><span class='ocrx_word' id='word_1_286' title='bbox 976 875 1050 904; x_wconf 74' lang='lat' dir='ltr'>Ver.</span> <span class='ocrx_word' id='word_1_287' title='bbox 1075 877 1147 903; x_wconf 70' lang='lat'>546.</span> <span class='ocrx_word' id='word_1_288' title='bbox 1171 874 1309 912; x_wconf 67' lang='lat' dir='ltr'>stipata:</span> <span class='ocrx_word' id='word_1_289' title='bbox 1340 872 1359 902; x_wconf 87' lang='lat' dir='ltr'>i.</span> <span class='ocrx_word' id='word_1_290' title='bbox 1376 882 1401 902; x_wconf 90' lang='lat' dir='ltr'>e.</span> <span class='ocrx_word' id='word_1_291' title='bbox 1427 871 1507 901; x_wconf 80' lang='lat' dir='ltr'>“ita</span> <span class='ocrx_word' id='word_1_292' title='bbox 1529 872 1670 902; x_wconf 85' lang='lat' dir='ltr'>conden-</span> 
     </span>
     <span class='ocr_line' id='line_1_54' title="bbox 933 923 1666 962; baseline -0.001 -8"><span class='ocrx_word' id='word_1_293' title='bbox 933 929 953 942; x_wconf 90' lang='lat'><strong>“</strong></span> <span class='ocrx_word' id='word_1_294' title='bbox 970 931 1047 962; x_wconf 83' lang='lat' dir='ltr'>sata,</span> <span class='ocrx_word' id='word_1_295' title='bbox 1070 930 1106 954; x_wconf 90' lang='lat' dir='ltr'>ut</span> <span class='ocrx_word' id='word_1_296' title='bbox 1121 934 1216 953; x_wconf 82' lang='lat' dir='ltr'>omne</span> <span class='ocrx_word' id='word_1_297' title='bbox 1232 923 1368 961; x_wconf 84' lang='lat' dir='ltr'>spatium</span> <span class='ocrx_word' id='word_1_298' title='bbox 1384 923 1510 962; x_wconf 88' lang='lat' dir='ltr'>penitus</span> <span class='ocrx_word' id='word_1_299' title='bbox 1533 933 1666 962; x_wconf 85' lang='lat' dir='ltr'>occupa-</span> 
     </span>
     <span class='ocr_line' id='line_1_55' title="bbox 934 975 1668 1016; baseline -0.003 -9"><span class='ocrx_word' id='word_1_300' title='bbox 934 982 956 995; x_wconf 86' lang='lat'><strong>“</strong></span> <span class='ocrx_word' id='word_1_301' title='bbox 970 984 1015 1007; x_wconf 89' lang='lat' dir='ltr'>ret</span> <span class='ocrx_word' id='word_1_302' title='bbox 1031 986 1177 1016; x_wconf 80' lang='lat' dir='ltr'>corporea</span> <span class='ocrx_word' id='word_1_303' title='bbox 1193 981 1315 1013; x_wconf 79' lang='lat' dir='ltr'>natura,</span> <span class='ocrx_word' id='word_1_304' title='bbox 1335 975 1550 1016; x_wconf 69' lang='lat' dir='ltr'>explet-etque3</span> <span class='ocrx_word' id='word_1_305' title='bbox 1575 982 1606 1005; x_wconf 92' lang='lat' dir='ltr'>et</span> <span class='ocrx_word' id='word_1_306' title='bbox 1620 976 1668 1006; x_wconf 90' lang='lat' dir='ltr'>lo-</span> 
     </span>
     <span class='ocr_line' id='line_1_56' title="bbox 933 1026 1664 1066; baseline -0.005 -7"><span class='ocrx_word' id='word_1_307' title='bbox 933 1032 954 1047; x_wconf 86' lang='lat'><strong>“</strong></span> <span class='ocrx_word' id='word_1_308' title='bbox 971 1040 1026 1058; x_wconf 87' lang='lat' dir='ltr'>cus</span> <span class='ocrx_word' id='word_1_309' title='bbox 1042 1028 1274 1065; x_wconf 17' lang='lat' dir='ltr'>nullusrvacuo,</span> <span class='ocrx_word' id='word_1_310' title='bbox 1298 1032 1392 1066; x_wconf 85' lang='lat' dir='ltr'>atque</span> <span class='ocrx_word' id='word_1_311' title='bbox 1410 1026 1524 1056; x_wconf 79' lang='lat' dir='ltr'>exinde</span> <span class='ocrx_word' id='word_1_312' title='bbox 1549 1026 1664 1064; x_wconf 86' lang='lat' dir='ltr'>motui,</span> 
     </span>
     <span class='ocr_line' id='line_1_57' title="bbox 933 1078 1590 1122; baseline -0.006 -11"><span class='ocrx_word' id='word_1_313' title='bbox 933 1085 954 1099; x_wconf 86' lang='lat'>“</span> <span class='ocrx_word' id='word_1_314' title='bbox 972 1081 1025 1122; x_wconf 92' lang='lat' dir='ltr'>qui</span> <span class='ocrx_word' id='word_1_315' title='bbox 1047 1091 1101 1120; x_wconf 85' lang='lat' dir='ltr'>per</span> <span class='ocrx_word' id='word_1_316' title='bbox 1117 1089 1251 1109; x_wconf 77' lang='lat' dir='ltr'>vacuum</span> <span class='ocrx_word' id='word_1_317' title='bbox 1267 1078 1313 1116; x_wconf 85' lang='lat' dir='ltr'>fit,</span> <span class='ocrx_word' id='word_1_318' title='bbox 1330 1078 1590 1118; x_wconf 88' lang='lat' dir='ltr'>relinqueretur.”</span> 
     </span>
    </p>

    <p class='ocr_par' dir='ltr' id='par_1_15' title="bbox 933 1133 1671 1267">
     <span class='ocr_line' id='line_1_58' title="bbox 975 1133 1669 1174; baseline -0.004 -9"><span class='ocrx_word' id='word_1_319' title='bbox 975 1135 1057 1165; x_wconf 86' lang='lat' dir='ltr'>Ibid.</span> <span class='ocrx_word' id='word_1_320' title='bbox 1082 1136 1229 1174; x_wconf 76' lang='lat' dir='ltr'>quiesset:</span> <span class='ocrx_word' id='word_1_321' title='bbox 1265 1139 1305 1162; x_wconf 91' lang='grc' dir='ltr'>Π.</span> <span class='ocrx_word' id='word_1_322' title='bbox 1329 1135 1501 1172; x_wconf 73' lang='lat' dir='ltr'>quiessent:</span> <span class='ocrx_word' id='word_1_323' title='bbox 1528 1142 1593 1162; x_wconf 88' lang='lat' dir='ltr'>non</span> <span class='ocrx_word' id='word_1_324' title='bbox 1612 1133 1669 1162; x_wconf 87' lang='lat' dir='ltr'>ab·</span> 
     </span>
     <span class='ocr_line' id='line_1_59' title="bbox 933 1184 1671 1224; baseline -0.003 -8"><span class='ocrx_word' id='word_1_325' title='bbox 933 1187 1036 1224; x_wconf 84' lang='lat' dir='ltr'>surde,</span> <span class='ocrx_word' id='word_1_326' title='bbox 1060 1186 1085 1215; x_wconf 89' lang='lat' dir='ltr'>si</span> <span class='ocrx_word' id='word_1_327' title='bbox 1112 1186 1156 1216; x_wconf 89' lang='lat' dir='ltr'>sic</span> <span class='ocrx_word' id='word_1_328' title='bbox 1179 1185 1307 1223; x_wconf 87' lang='lat' dir='ltr'>insuper</span> <span class='ocrx_word' id='word_1_329' title='bbox 1330 1184 1492 1215; x_wconf 83' lang='lat' dir='ltr'>demutare</span> <span class='ocrx_word' id='word_1_330' title='bbox 1516 1184 1671 1215; x_wconf 86' lang='lat' dir='ltr'>conceda-</span> 
     </span>
     <span class='ocr_line' id='line_1_60' title="bbox 933 1244 998 1267; baseline -0.015 0"><span class='ocrx_word' id='word_1_331' title='bbox 933 1244 998 1267; x_wconf 88' lang='lat' dir='ltr'>tur:</span> 
     </span>
    </p>
   </div>
   <div class='ocr_carea' id='block_1_13' title="bbox 936 1287 1672 1370">
    <p class='ocr_par' dir='ltr' id='par_1_16' title="bbox 936 1287 1672 1370">
     <span class='ocr_line' id='line_1_61' title="bbox 967 1287 1608 1319; baseline -0.002 -6"><span class='ocrx_word' id='word_1_332' title='bbox 967 1288 1093 1319; x_wconf 79' lang='lat' dir='ltr'>Undique</span> <span class='ocrx_word' id='word_1_333' title='bbox 1104 1287 1209 1311; x_wconf 75' lang='lat' dir='ltr'>malerie</span> <span class='ocrx_word' id='word_1_334' title='bbox 1221 1288 1348 1317; x_wconf 77' lang='lat' dir='ltr'>quoniam</span> <span class='ocrx_word' id='word_1_335' title='bbox 1360 1288 1458 1319; x_wconf 77' lang='lat' dir='ltr'>stipata</span> <span class='ocrx_word' id='word_1_336' title='bbox 1473 1287 1608 1319; x_wconf 78' lang='lat' dir='ltr'>quiessent:</span> 
     </span>
     <span class='ocr_line' id='line_1_62' title="bbox 936 1327 1672 1370; baseline -0.001 -12"><span class='ocrx_word' id='word_1_337' title='bbox 936 1339 1005 1370; x_wconf 83' lang='lat' dir='ltr'>quae</span> <span class='ocrx_word' id='word_1_338' title='bbox 1032 1327 1160 1368; x_wconf 84' lang='lat' dir='ltr'>quidem</span> <span class='ocrx_word' id='word_1_339' title='bbox 1198 1327 1320 1357; x_wconf 85' lang='lat' dir='ltr'>facilior</span> <span class='ocrx_word' id='word_1_340' title='bbox 1353 1328 1544 1358; x_wconf 80' lang='lat' dir='ltr'>constructio</span> <span class='ocrx_word' id='word_1_341' title='bbox 1574 1327 1672 1358; x_wconf 87' lang='lat' dir='ltr'>videri</span> 
     </span>
    </p>
   </div>
   <div class='ocr_carea' id='block_1_14' title="bbox 935 1382 1681 2192">
    <p class='ocr_par' dir='ltr' id='par_1_17' title="bbox 937 1382 1041 1420">
     <span class='ocr_line' id='line_1_63' title="bbox 937 1382 1041 1420; baseline -0.01 -10"><span class='ocrx_word' id='word_1_342' title='bbox 937 1382 1041 1420; x_wconf 86' lang='lat' dir='ltr'>possit.</span> 
     </span>
    </p>

    <p class='ocr_par' dir='ltr' id='par_1_18' title="bbox 935 1430 1681 1836">
     <span class='ocr_line' id='line_1_64' title="bbox 978 1430 1674 1471; baseline -0.006 -7"><span class='ocrx_word' id='word_1_343' title='bbox 978 1434 1052 1464; x_wconf 73' lang='lat' dir='ltr'>Ver.</span> <span class='ocrx_word' id='word_1_344' title='bbox 1069 1436 1141 1463; x_wconf 64' lang='lat'>547.</span> <span class='ocrx_word' id='word_1_345' title='bbox 1166 1431 1275 1471; x_wconf 81' lang='lat' dir='ltr'>Pergit</span> <span class='ocrx_word' id='word_1_346' title='bbox 1298 1431 1463 1461; x_wconf 84' lang='lat' dir='ltr'>Lucretius</span> <span class='ocrx_word' id='word_1_347' title='bbox 1486 1441 1524 1461; x_wconf 76' lang='lat' dir='ltr'>ex</span> <span class='ocrx_word' id='word_1_348' title='bbox 1550 1430 1674 1461; x_wconf 81' lang='lat' dir='ltr'>fortiori</span> 
     </span>
     <span class='ocr_line' id='line_1_65' title="bbox 936 1484 1673 1528; baseline -0.001 -12"><span class='ocrx_word' id='word_1_349' title='bbox 936 1492 966 1515; x_wconf 89' lang='lat' dir='ltr'>et</span> <span class='ocrx_word' id='word_1_350' title='bbox 995 1500 1081 1528; x_wconf 62' lang='lat' dir='ltr'>:rapx</span> <span class='ocrx_word' id='word_1_351' title='bbox 1113 1485 1274 1528; x_wconf 63' lang='grc' dir='ltr'>προςὲακιαν</span> <span class='ocrx_word' id='word_1_352' title='bbox 1297 1485 1447 1514; x_wconf 64' lang='lat' dir='ltr'>vacuum</span> <span class='ocrx_word' id='word_1_353' title='bbox 1473 1484 1673 1515; x_wconf 86' lang='lat' dir='ltr'>concludere.</span> 
     </span>
     <span class='ocr_line' id='line_1_66' title="bbox 938 1536 1672 1573; baseline -0.005 -4"><span class='ocrx_word' id='word_1_354' title='bbox 938 1543 959 1557; x_wconf 83' lang='lat'><strong>“</strong></span> <span class='ocrx_word' id='word_1_355' title='bbox 978 1539 1051 1568; x_wconf 84' lang='lat' dir='ltr'>Non</span> <span class='ocrx_word' id='word_1_356' title='bbox 1080 1537 1302 1568; x_wconf 81' lang='lat' dir='ltr'>tantummodo</span> <span class='ocrx_word' id='word_1_357' title='bbox 1321 1537 1470 1566; x_wconf 73' lang='lat' dir='ltr'>Vacuum</span> <span class='ocrx_word' id='word_1_358' title='bbox 1502 1536 1672 1573; x_wconf 84' lang='lat' dir='ltr'>invenitur,</span> 
     </span>
     <span class='ocr_line' id='line_1_67' title="bbox 935 1589 1675 1629; baseline -0.003 -9"><span class='ocrx_word' id='word_1_359' title='bbox 935 1595 956 1609; x_wconf 83' lang='lat'>“</span> <span class='ocrx_word' id='word_1_360' title='bbox 974 1601 1139 1629; x_wconf 80' lang='lat' dir='ltr'>corporum</span> <span class='ocrx_word' id='word_1_361' title='bbox 1152 1589 1396 1629; x_wconf 82' lang='lat' dir='ltr'>omnigenorum</span> <span class='ocrx_word' id='word_1_362' title='bbox 1416 1599 1541 1628; x_wconf 84' lang='lat' dir='ltr'>prorsus</span> <span class='ocrx_word' id='word_1_363' title='bbox 1553 1599 1675 1628; x_wconf 85' lang='lat' dir='ltr'>expers,</span> 
     </span>
     <span class='ocr_line' id='line_1_68' title="bbox 936 1640 1674 1682; baseline -0.005 -9"><span class='ocrx_word' id='word_1_364' title='bbox 936 1647 1003 1673; x_wconf 83' lang='lat' dir='ltr'>“et</span> <span class='ocrx_word' id='word_1_365' title='bbox 1033 1642 1244 1682; x_wconf 79' lang='lat' dir='ltr'>undequaque</span> <span class='ocrx_word' id='word_1_366' title='bbox 1277 1641 1424 1678; x_wconf 82' lang='lat' dir='ltr'>liberum,</span> <span class='ocrx_word' id='word_1_367' title='bbox 1452 1647 1546 1680; x_wconf 86' lang='lat' dir='ltr'>atque</span> <span class='ocrx_word' id='word_1_368' title='bbox 1574 1640 1674 1670; x_wconf 85' lang='lat' dir='ltr'>intac-</span> 
     </span>
     <span class='ocr_line' id='line_1_69' title="bbox 936 1693 1674 1734; baseline -0.005 -7"><span class='ocrx_word' id='word_1_369' title='bbox 936 1702 957 1716; x_wconf 91' lang='lat'><strong><em>“</em></strong></span> <span class='ocrx_word' id='word_1_370' title='bbox 974 1697 1044 1734; x_wconf 85' lang='lat' dir='ltr'>tile;</span> <span class='ocrx_word' id='word_1_371' title='bbox 1069 1696 1174 1726; x_wconf 90' lang='lat' dir='ltr'>sedin</span> <span class='ocrx_word' id='word_1_372' title='bbox 1201 1695 1275 1734; x_wconf 87' lang='lat' dir='ltr'>ipsis</span> <span class='ocrx_word' id='word_1_373' title='bbox 1299 1700 1395 1725; x_wconf 74' lang='lat' dir='ltr'>enam</span> <span class='ocrx_word' id='word_1_374' title='bbox 1422 1693 1606 1733; x_wconf 87' lang='lat' dir='ltr'>corporibus</span> <span class='ocrx_word' id='word_1_375' title='bbox 1620 1704 1674 1723; x_wconf 88' lang='lat' dir='ltr'>va-</span> 
     </span>
     <span class='ocr_line' id='line_1_70' title="bbox 935 1744 1681 1786; baseline -0.005 -8"><span class='ocrx_word' id='word_1_376' title='bbox 935 1753 957 1767; x_wconf 88' lang='lat'><strong>“</strong></span> <span class='ocrx_word' id='word_1_377' title='bbox 974 1749 1104 1778; x_wconf 83' lang='lat' dir='ltr'>euitates</span> <span class='ocrx_word' id='word_1_378' title='bbox 1134 1747 1314 1786; x_wconf 81' lang='lat' dir='ltr'>purissimas</span> <span class='ocrx_word' id='word_1_379' title='bbox 1345 1747 1447 1776; x_wconf 87' lang='lat' dir='ltr'>inesse</span> <span class='ocrx_word' id='word_1_380' title='bbox 1479 1744 1681 1785; x_wconf 74' lang='lat' dir='ltr'>argumentis</span> 
     </span>
     <span class='ocr_line' id='line_1_71' title="bbox 937 1796 1567 1836; baseline -0.006 -7"><span class='ocrx_word' id='word_1_381' title='bbox 937 1804 957 1819; x_wconf 90' lang='lat'>“</span> <span class='ocrx_word' id='word_1_382' title='bbox 973 1800 1111 1829; x_wconf 77' lang='lat' dir='ltr'>maxime</span> <span class='ocrx_word' id='word_1_383' title='bbox 1127 1798 1265 1828; x_wconf 84' lang='lat' dir='ltr'>indubiis</span> <span class='ocrx_word' id='word_1_384' title='bbox 1280 1797 1418 1836; x_wconf 87' lang='lat' dir='ltr'>pervinci</span> <span class='ocrx_word' id='word_1_385' title='bbox 1434 1796 1567 1835; x_wconf 82' lang='lat' dir='ltr'>potest.&#39;’</span> 
     </span>
    </p>

    <p class='ocr_par' dir='ltr' id='par_1_19' title="bbox 937 1849 1677 2192">
     <span class='ocr_line' id='line_1_72' title="bbox 978 1849 1677 1883; baseline -0.006 -2"><span class='ocrx_word' id='word_1_386' title='bbox 978 1852 1054 1881; x_wconf 70' lang='lat' dir='ltr'>Ver.</span> <span class='ocrx_word' id='word_1_387' title='bbox 1069 1854 1142 1881; x_wconf 82' lang='lat'>548.</span> <span class='ocrx_word' id='word_1_388' title='bbox 1165 1861 1226 1880; x_wconf 81' lang='lat' dir='ltr'>esse</span> <span class='ocrx_word' id='word_1_389' title='bbox 1242 1851 1330 1879; x_wconf 78' lang='lat' dir='ltr'>licet:</span> <span class='ocrx_word' id='word_1_390' title='bbox 1356 1849 1392 1878; x_wconf 95' lang='lat' dir='ltr'>L.</span> <span class='ocrx_word' id='word_1_391' title='bbox 1412 1849 1460 1878; x_wconf 86' lang='lat' dir='ltr'>M.</span> <span class='ocrx_word' id='word_1_392' title='bbox 1480 1859 1541 1878; x_wconf 81' lang='lat' dir='ltr'>esse</span> <span class='ocrx_word' id='word_1_393' title='bbox 1556 1849 1658 1878; x_wconf 84' lang='lat' dir='ltr'>liceret</span> <span class='ocrx_word' id='word_1_394' title='bbox 1665 1862 1677 1883; x_wconf 84' lang='lat'>,-</span> 
     </span>
     <span class='ocr_line' id='line_1_73' title="bbox 939 1899 1675 1936; baseline -0.01 -2"><span class='ocrx_word' id='word_1_395' title='bbox 939 1904 979 1934; x_wconf 89' lang='lat' dir='ltr'>G.</span> <span class='ocrx_word' id='word_1_396' title='bbox 995 1905 1140 1934; x_wconf 60' lang='lat' dir='ltr'>colicon-et.</span> <span class='ocrx_word' id='word_1_397' title='bbox 1186 1900 1296 1931; x_wconf 86' lang='lat' dir='ltr'>Nostri</span> <span class='ocrx_word' id='word_1_398' title='bbox 1311 1899 1432 1930; x_wconf 88' lang='lat' dir='ltr'>codices</span> <span class='ocrx_word' id='word_1_399' title='bbox 1447 1899 1527 1929; x_wconf 88' lang='lat' dir='ltr'>nihil</span> <span class='ocrx_word' id='word_1_400' title='bbox 1542 1899 1675 1936; x_wconf 85' lang='lat' dir='ltr'>variant,</span> 
     </span>
     <span class='ocr_line' id='line_1_74' title="bbox 937 1950 1676 1995; baseline -0.007 -10"><span class='ocrx_word' id='word_1_401' title='bbox 937 1966 1038 1995; x_wconf 89' lang='lat' dir='ltr'>neque</span> <span class='ocrx_word' id='word_1_402' title='bbox 1053 1953 1233 1991; x_wconf 76' lang='lat' dir='ltr'>exsculpere</span> <span class='ocrx_word' id='word_1_403' title='bbox 1248 1951 1349 1989; x_wconf 86' lang='lat' dir='ltr'>valeo,</span> <span class='ocrx_word' id='word_1_404' title='bbox 1370 1951 1455 1991; x_wconf 91' lang='lat' dir='ltr'>quod</span> <span class='ocrx_word' id='word_1_405' title='bbox 1470 1950 1605 1991; x_wconf 85' lang='lat' dir='ltr'>vulgatis</span> <span class='ocrx_word' id='word_1_406' title='bbox 1620 1961 1676 1980; x_wconf 84' lang='lat' dir='ltr'>an-</span> 
     </span>
     <span class='ocr_line' id='line_1_75' title="bbox 937 2002 1676 2036; baseline -0.008 0"><span class='ocrx_word' id='word_1_407' title='bbox 937 2006 1043 2036; x_wconf 80' lang='lat' dir='ltr'>teferri</span> <span class='ocrx_word' id='word_1_408' title='bbox 1070 2006 1188 2036; x_wconf 78' lang='lat' dir='ltr'>debeat.</span> <span class='ocrx_word' id='word_1_409' title='bbox 1234 2004 1400 2034; x_wconf 86' lang='lat' dir='ltr'>Editiones</span> <span class='ocrx_word' id='word_1_410' title='bbox 1431 2002 1594 2032; x_wconf 87' lang='lat' dir='ltr'>nonnullae</span> <span class='ocrx_word' id='word_1_411' title='bbox 1620 2003 1676 2031; x_wconf 87' lang='lat' dir='ltr'>ha-</span> 
     </span>
     <span class='ocr_line' id='line_1_76' title="bbox 941 2054 1677 2096; baseline -0.008 -9"><span class='ocrx_word' id='word_1_412' title='bbox 941 2059 1025 2092; x_wconf 90' lang='lat' dir='ltr'>bent,</span> <span class='ocrx_word' id='word_1_413' title='bbox 1050 2058 1165 2096; x_wconf 75' lang='lat' dir='ltr'>lt&#39;quet;</span> <span class='ocrx_word' id='word_1_414' title='bbox 1189 2054 1274 2084; x_wconf 89' lang='lat' dir='ltr'>unde</span> <span class='ocrx_word' id='word_1_415' title='bbox 1296 2060 1406 2083; x_wconf 85' lang='lat' dir='ltr'>monet</span> <span class='ocrx_word' id='word_1_416' title='bbox 1425 2054 1677 2091; x_wconf 85' lang='lat' dir='ltr'>Havercampus‚</span> 
     </span>
     <span class='ocr_line' id='line_1_77' title="bbox 941 2103 1676 2148; baseline -0.01 -9"><span class='ocrx_word' id='word_1_417' title='bbox 941 2109 983 2139; x_wconf 88' lang='lat' dir='ltr'>sic</span> <span class='ocrx_word' id='word_1_418' title='bbox 1005 2108 1069 2148; x_wconf 86' lang='lat' dir='ltr'>legi</span> <span class='ocrx_word' id='word_1_419' title='bbox 1091 2117 1179 2146; x_wconf 86' lang='lat' dir='ltr'>posse</span> <span class='ocrx_word' id='word_1_420' title='bbox 1202 2116 1266 2135; x_wconf 90' lang='lat' dir='ltr'>non</span> <span class='ocrx_word' id='word_1_421' title='bbox 1289 2104 1440 2140; x_wconf 67' lang='lat' dir='ltr'>absurde,</span> <span class='ocrx_word' id='word_1_422' title='bbox 1459 2110 1490 2134; x_wconf 89' lang='lat' dir='ltr'>et</span> <span class='ocrx_word' id='word_1_423' title='bbox 1512 2103 1676 2144; x_wconf 85' lang='lat' dir='ltr'>distingui,</span> 
     </span>
     <span class='ocr_line' id='line_1_78' title="bbox 940 2162 1061 2192; baseline -0.017 0"><span class='ocrx_word' id='word_1_424' title='bbox 940 2162 1061 2192; x_wconf 89' lang='lat' dir='ltr'>locum:</span> 
     </span>
    </p>
   </div>
   <div class='ocr_carea' id='block_1_15' title="bbox 940 2212 1677 2324">
    <p class='ocr_par' dir='ltr' id='par_1_20' title="bbox 940 2212 1677 2324">
     <span class='ocr_line' id='line_1_79' title="bbox 941 2212 1677 2243; baseline -0.011 -3"><span class='ocrx_word' id='word_1_425' title='bbox 941 2214 1009 2240; x_wconf 88' lang='lat' dir='ltr'>Hinc</span> <span class='ocrx_word' id='word_1_426' title='bbox 1020 2217 1112 2238; x_wconf 84' lang='lat' dir='ltr'>tamen</span> <span class='ocrx_word' id='word_1_427' title='bbox 1125 2219 1178 2238; x_wconf 83' lang='lat' dir='ltr'>esse</span> <span class='ocrx_word' id='word_1_428' title='bbox 1190 2212 1274 2243; x_wconf 81' lang='lat' dir='ltr'>liquet</span> <span class='ocrx_word' id='word_1_429' title='bbox 1286 2217 1345 2235; x_wconf 84' lang='lat' dir='ltr'>raro</span> <span class='ocrx_word' id='word_1_430' title='bbox 1357 2217 1420 2234; x_wconf 90' lang='lat' dir='ltr'>cum</span> <span class='ocrx_word' id='word_1_431' title='bbox 1433 2215 1560 2241; x_wconf 86' lang='lat' dir='ltr'>corpore:</span> <span class='ocrx_word' id='word_1_432' title='bbox 1583 2215 1677 2233; x_wconf 72' lang='lat' dir='ltr'>cernae</span> 
     </span>
     <span class='ocr_line' id='line_1_80' title="bbox 940 2253 1571 2285; baseline -0.006 -7"><span class='ocrx_word' id='word_1_433' title='bbox 940 2255 970 2277; x_wconf 87' lang='lat' dir='ltr'>In</span> <span class='ocrx_word' id='word_1_434' title='bbox 982 2253 1063 2283; x_wconf 82' lang='lat' dir='ltr'>saxis,</span> <span class='ocrx_word' id='word_1_435' title='bbox 1078 2260 1108 2278; x_wconf 89' lang='lat' dir='ltr'>ac</span> <span class='ocrx_word' id='word_1_436' title='bbox 1120 2253 1267 2285; x_wconf 85' lang='lat' dir='ltr'>speluncis:</span> <span class='ocrx_word' id='word_1_437' title='bbox 1286 2254 1427 2284; x_wconf 86' lang='lat' dir='ltr'>permanat</span> <span class='ocrx_word' id='word_1_438' title='bbox 1439 2257 1571 2282; x_wconf 86' lang='lat' dir='ltr'>aquarum</span> 
     </span>
     <span class='ocr_line' id='line_1_81' title="bbox 940 2289 1662 2324; baseline -0.006 -7"><span class='ocrx_word' id='word_1_439' title='bbox 940 2293 1070 2324; x_wconf 84' lang='lat' dir='ltr'>Liquidus</span> <span class='ocrx_word' id='word_1_440' title='bbox 1079 2293 1193 2317; x_wconf 82' lang='lat' dir='ltr'>humor:</span> <span class='ocrx_word' id='word_1_441' title='bbox 1212 2296 1239 2317; x_wconf 90' lang='lat' dir='ltr'>et</span> <span class='ocrx_word' id='word_1_442' title='bbox 1252 2292 1376 2316; x_wconf 79' lang='lat' dir='ltr'>uberibus</span> <span class='ocrx_word' id='word_1_443' title='bbox 1388 2291 1454 2316; x_wconf 85' lang='lat' dir='ltr'>flent</span> <span class='ocrx_word' id='word_1_444' title='bbox 1466 2290 1557 2315; x_wconf 89' lang='lat' dir='ltr'>omnia</span> <span class='ocrx_word' id='word_1_445' title='bbox 1569 2289 1662 2322; x_wconf 83' lang='lat' dir='ltr'>guttis.</span> 
     </span>
    </p>
   </div>
   <div class='ocr_carea' id='block_1_16' title="bbox 940 2343 1679 2845">
    <p class='ocr_par' dir='ltr' id='par_1_21' title="bbox 940 2343 1679 2648">
     <span class='ocr_line' id='line_1_82' title="bbox 944 2343 1677 2386; baseline -0.008 -8"><span class='ocrx_word' id='word_1_446' title='bbox 944 2348 1014 2383; x_wconf 89' lang='lat' dir='ltr'>Sed,</span> <span class='ocrx_word' id='word_1_447' title='bbox 1038 2353 1073 2377; x_wconf 86' lang='lat' dir='ltr'>ut</span> <span class='ocrx_word' id='word_1_448' title='bbox 1093 2353 1214 2377; x_wconf 83' lang='lat' dir='ltr'>taceam</span> <span class='ocrx_word' id='word_1_449' title='bbox 1230 2347 1268 2377; x_wconf 88' lang='lat' dir='ltr'>de</span> <span class='ocrx_word' id='word_1_450' title='bbox 1283 2357 1358 2377; x_wconf 82' lang='lat' dir='ltr'>voce</span> <span class='ocrx_word' id='word_1_451' title='bbox 1374 2343 1540 2386; x_wconf 68' lang='lat' dir='ltr'>dissyllaba</span> <span class='ocrx_word' id='word_1_452' title='bbox 1556 2353 1677 2381; x_wconf 81' lang='lat' dir='ltr'>cernas,</span> 
     </span>
     <span class='ocr_line' id='line_1_83' title="bbox 940 2394 1677 2439; baseline -0.009 -9"><span class='ocrx_word' id='word_1_453' title='bbox 940 2406 1010 2439; x_wconf 87' lang='lat' dir='ltr'>post</span> <span class='ocrx_word' id='word_1_454' title='bbox 1025 2400 1198 2439; x_wconf 84' lang='lat' dir='ltr'>pleniorem</span> <span class='ocrx_word' id='word_1_455' title='bbox 1216 2409 1348 2439; x_wconf 84' lang='lat' dir='ltr'>pausam</span> <span class='ocrx_word' id='word_1_456' title='bbox 1371 2398 1404 2428; x_wconf 91' lang='lat' dir='ltr'>in</span> <span class='ocrx_word' id='word_1_457' title='bbox 1427 2398 1491 2427; x_wconf 76' lang='lat' dir='ltr'>fine</span> <span class='ocrx_word' id='word_1_458' title='bbox 1506 2394 1607 2436; x_wconf 85' lang='lat' dir='ltr'>quinti</span> <span class='ocrx_word' id='word_1_459' title='bbox 1623 2404 1677 2433; x_wconf 73' lang='lat' dir='ltr'>pe-¹</span> 
     </span>
     <span class='ocr_line' id='line_1_84' title="bbox 942 2445 1678 2490; baseline -0.01 -8"><span class='ocrx_word' id='word_1_460' title='bbox 942 2452 1001 2490; x_wconf 84' lang='lat' dir='ltr'>dis,</span> <span class='ocrx_word' id='word_1_461' title='bbox 1029 2462 1092 2482; x_wconf 88' lang='lat' dir='ltr'>non</span> <span class='ocrx_word' id='word_1_462' title='bbox 1119 2458 1236 2481; x_wconf 88' lang='lat' dir='ltr'>temere</span> <span class='ocrx_word' id='word_1_463' title='bbox 1252 2449 1465 2486; x_wconf 67' lang='lat' dir='ltr'>admittenda3</span> <span class='ocrx_word' id='word_1_464' title='bbox 1488 2449 1555 2478; x_wconf 79' lang='lat' dir='ltr'>haec</span> <span class='ocrx_word' id='word_1_465' title='bbox 1570 2445 1678 2477; x_wconf 72' lang='lat' dir='ltr'>omnia</span> 
     </span>
     <span class='ocr_line' id='line_1_85' title="bbox 942 2497 1679 2537; baseline -0.012 -3"><span class='ocrx_word' id='word_1_466' title='bbox 942 2504 1037 2534; x_wconf 88' lang='lat' dir='ltr'>nimis</span> <span class='ocrx_word' id='word_1_467' title='bbox 1059 2504 1180 2533; x_wconf 88' lang='lat' dir='ltr'>hiantia</span> <span class='ocrx_word' id='word_1_468' title='bbox 1202 2509 1275 2533; x_wconf 88' lang='lat' dir='ltr'>sunt</span> <span class='ocrx_word' id='word_1_469' title='bbox 1297 2513 1333 2532; x_wconf 88' lang='lat' dir='ltr'>ac</span> <span class='ocrx_word' id='word_1_470' title='bbox 1358 2500 1520 2537; x_wconf 86' lang='lat' dir='ltr'>dissoluta,</span> <span class='ocrx_word' id='word_1_471' title='bbox 1546 2497 1679 2528; x_wconf 86' lang='lat' dir='ltr'>flumine</span> 
     </span>
     <span class='ocr_line' id='line_1_86' title="bbox 943 2550 1677 2595; baseline -0.014 -9"><span class='ocrx_word' id='word_1_472' title='bbox 943 2566 1150 2586; x_wconf 83' lang='lat' dir='ltr'>numerorum</span> <span class='ocrx_word' id='word_1_473' title='bbox 1181 2553 1393 2595; x_wconf 82' lang='lat' dir='ltr'>ingratissime</span> <span class='ocrx_word' id='word_1_474' title='bbox 1423 2550 1568 2585; x_wconf 86' lang='lat' dir='ltr'>cohibito,</span> <span class='ocrx_word' id='word_1_475' title='bbox 1598 2557 1677 2586; x_wconf 81' lang='lat' dir='ltr'>prae-</span> 
     </span>
     <span class='ocr_line' id='line_1_87' title="bbox 944 2609 1114 2648; baseline 0 -10"><span class='ocrx_word' id='word_1_476' title='bbox 944 2609 1114 2648; x_wconf 85' lang='lat' dir='ltr'>fractoque.</span> 
     </span>
    </p>

    <p class='ocr_par' dir='ltr' id='par_1_22' title="bbox 944 2648 1679 2845">
     <span class='ocr_line' id='line_1_88' title="bbox 989 2648 1675 2690; baseline -0.019 0"><span class='ocrx_word' id='word_1_477' title='bbox 989 2659 1070 2690; x_wconf 88' lang='lat' dir='ltr'>Ibid.</span> <span class='ocrx_word' id='word_1_478' title='bbox 1094 2669 1224 2690; x_wconf 82' lang='lat' dir='ltr'>cernas.-</span> <span class='ocrx_word' id='word_1_479' title='bbox 1256 2658 1293 2688; x_wconf 88' lang='lat' dir='ltr'>B.</span> <span class='ocrx_word' id='word_1_480' title='bbox 1317 2666 1436 2687; x_wconf 74' lang='lat' dir='ltr'>cernes:</span> <span class='ocrx_word' id='word_1_481' title='bbox 1461 2652 1515 2683; x_wconf 90' lang='lat' dir='ltr'>sed</span> <span class='ocrx_word' id='word_1_482' title='bbox 1537 2650 1576 2680; x_wconf 85' lang='lat' dir='ltr'>de</span> <span class='ocrx_word' id='word_1_483' title='bbox 1598 2648 1675 2679; x_wconf 82' lang='lat' dir='ltr'>fide-</span> 
     </span>
     <span class='ocr_line' id='line_1_89' title="bbox 944 2700 1679 2747; baseline -0.018 -6"><span class='ocrx_word' id='word_1_484' title='bbox 944 2710 1031 2740; x_wconf 87' lang='lat' dir='ltr'>litate</span> <span class='ocrx_word' id='word_1_485' title='bbox 1046 2711 1160 2740; x_wconf 86' lang='lat' dir='ltr'>harum</span> <span class='ocrx_word' id='word_1_486' title='bbox 1175 2708 1360 2738; x_wconf 82' lang='lat' dir='ltr'>varietatum</span> <span class='ocrx_word' id='word_1_487' title='bbox 1383 2715 1420 2736; x_wconf 85' lang='lat' dir='ltr'>ex</span> <span class='ocrx_word' id='word_1_488' title='bbox 1435 2705 1493 2733; x_wconf 91' lang='lat' dir='ltr'>hoc</span> <span class='ocrx_word' id='word_1_489' title='bbox 1516 2700 1621 2731; x_wconf 87' lang='lat' dir='ltr'>codice</span> <span class='ocrx_word' id='word_1_490' title='bbox 1636 2701 1679 2747; x_wconf 53' lang='grc'>01,</span> 
     </span>
     <span class='ocr_line' id='line_1_90' title="bbox 945 2751 1678 2800; baseline -0.019 -7"><span class='ocrx_word' id='word_1_491' title='bbox 945 2762 1080 2793; x_wconf 83' lang='lat' dir='ltr'>rationes</span> <span class='ocrx_word' id='word_1_492' title='bbox 1103 2762 1135 2791; x_wconf 91' lang='lat' dir='ltr'>in</span> <span class='ocrx_word' id='word_1_493' title='bbox 1151 2758 1380 2800; x_wconf 88' lang='lat' dir='ltr'>prolegomenis</span> <span class='ocrx_word' id='word_1_494' title='bbox 1399 2754 1478 2785; x_wconf 88' lang='lat' dir='ltr'>meis</span> <span class='ocrx_word' id='word_1_495' title='bbox 1493 2751 1678 2792; x_wconf 77' lang='lat' dir='ltr'>propositas,</span> 
     </span>
     <span class='ocr_line' id='line_1_91' title="bbox 946 2805 1678 2845; baseline -0.019 1"><span class='ocrx_word' id='word_1_496' title='bbox 946 2815 1081 2845; x_wconf 86' lang='lat' dir='ltr'>editione</span> <span class='ocrx_word' id='word_1_497' title='bbox 1096 2812 1274 2845; x_wconf 76' lang='lat' dir='ltr'>Veronensi</span> <span class='ocrx_word' id='word_1_498' title='bbox 1296 2820 1360 2840; x_wconf 89' lang='lat' dir='ltr'>non</span> <span class='ocrx_word' id='word_1_499' title='bbox 1379 2805 1601 2840; x_wconf 86' lang='lat' dir='ltr'>consentiente,</span> <span class='ocrx_word' id='word_1_500' title='bbox 1624 2814 1678 2834; x_wconf 79' lang='lat' dir='ltr'>ve-</span> 
     </span>
    </p>
   </div>
   <div class='ocr_carea' id='block_1_17' title="bbox 945 2865 1242 2897">
    <p class='ocr_par' dir='ltr' id='par_1_23' title="bbox 945 2865 1242 2897">
     <span class='ocr_line' id='line_1_92' title="bbox 945 2865 1242 2897; baseline -0.01 0"><span class='ocrx_word' id='word_1_501' title='bbox 945 2869 1109 2897; x_wconf 89' lang='lat' dir='ltr'>hementer</span> <span class='ocrx_word' id='word_1_502' title='bbox 1124 2865 1242 2896; x_wconf 82' lang='lat' dir='ltr'>dubito.</span> 
     </span>
    </p>
   </div>
   <div class='ocr_carea' id='block_1_18' title="bbox 978 2910 1619 2999">
    <p class='ocr_par' dir='ltr' id='par_1_24' title="bbox 978 2910 1619 2999">
     <span class='ocr_line' id='line_1_93' title="bbox 989 2910 1547 2951; baseline -0.016 -2"><span class='ocrx_word' id='word_1_503' title='bbox 989 2919 1064 2948; x_wconf 88' lang='lat' dir='ltr'>Ver.</span> <span class='ocrx_word' id='word_1_504' title='bbox 1081 2921 1153 2948; x_wconf 73' lang='lat'>549.</span> <span class='ocrx_word' id='word_1_505' title='bbox 1179 2914 1323 2951; x_wconf 83' lang='lat' dir='ltr'>Ovidius,</span> <span class='ocrx_word' id='word_1_506' title='bbox 1343 2912 1412 2942; x_wconf 84' lang='lat' dir='ltr'>fast.</span> <span class='ocrx_word' id='word_1_507' title='bbox 1427 2910 1459 2941; x_wconf 88' lang='lat' dir='ltr'>ii.</span> <span class='ocrx_word' id='word_1_508' title='bbox 1474 2913 1547 2941; x_wconf 80' lang='lat'>332.</span> 
     </span>
     <span class='ocr_line' id='line_1_94' title="bbox 978 2958 1619 2999; baseline -0.014 -6"><span class='ocrx_word' id='word_1_509' title='bbox 978 2967 1082 2993; x_wconf 79' lang='lat' dir='ltr'>Roscida</span> <span class='ocrx_word' id='word_1_510' title='bbox 1094 2974 1141 2999; x_wconf 83' lang='lat' dir='ltr'>per</span> <span class='ocrx_word' id='word_1_511' title='bbox 1152 2965 1274 2992; x_wconf 79' lang='lat' dir='ltr'>tenebras</span> <span class='ocrx_word' id='word_1_512' title='bbox 1286 2964 1390 2989; x_wconf 85' lang='lat' dir='ltr'>Faunus</span> <span class='ocrx_word' id='word_1_513' title='bbox 1401 2961 1434 2987; x_wconf 84' lang='lat' dir='ltr'>ad</span> <span class='ocrx_word' id='word_1_514' title='bbox 1446 2963 1523 2986; x_wconf 79' lang='lat' dir='ltr'>antra</span> <span class='ocrx_word' id='word_1_515' title='bbox 1533 2958 1619 2985; x_wconf 80' lang='lat' dir='ltr'>venit.</span> 
     </span>
    </p>
   </div>
  </div>
 </body>
</html>
