1894 3253
509 261 741 311 LIBER

809 259 1227 310 SECUNDUS

1526 269 1618 308 245

277 394 357 435 Per
377 409 500 450 quam
516 394 821 452 progredimur,
844 408 928 449 quo
947 393 1059 435 ducit
1080 407 1284 449 quemque
1303 390 1510 447 voluptas;

274 468 541 510 Declinamus
561 470 658 510 item
679 476 830 518 motus,
852 482 928 508 nec
948 476 1134 522 tempore
1154 474 1282 517 certo,

162 548 246 585 260
278 543 367 585 Nec
388 545 556 601 regione
578 543 655 584 loci
676 543 801 592 certa,
824 542 894 583 sed
914 542 974 582 uti
993 543 1081 597 ipsa
1101 542 1193 583 tulit
1212 541 1350 582 mens?

279 618 404 668 Nam,
427 618 555 659 dubio
575 618 734 673 procul,
756 617 834 657 hiis
854 616 975 657 rebus
996 632 1068 658 sua
1088 617 1266 672 quoique
1286 616 1473 658 voluntas

282 691 540 745 Principium
561 691 651 740 dat3
684 700 725 732 et
744 691 842 732 hinc
861 699 996 732 motus
1016 705 1091 746 per
1110 690 1295 732 membra
1315 691 1515 747 rigantur.

281 765 434 806 Nonne
454 764 566 806 vides
587 765 725 815 etiam,
756 763 967 819 patefactis
986 771 1173 820 tempore
1192 772 1348 820 puncto

280 839 541 890 Carceribus‚
568 854 652 880 non
674 853 793 894 posse
812 846 951 880 tamen
970 853 1240 894 prorumpere
1261 854 1461 894 equorum

133 1015 205 1043 594.
251 1009 368 1040 Accius
395 1009 478 1049 apud
511 1009 665 1048 Servium,
703 1009 743 1040 ad
775 1010 865 1051 Virg.

136 1064 214 1093 AEn.
233 1061 284 1092 xii.
301 1064 376 1093 605.

181 1138 237 1161 En!
257 1138 284 1159 ut
295 1135 394 1167 lanugo
404 1135 473 1165 stom
486 1141 557 1159 nunc
569 1135 681 1160 demum
693 1135 804 1168 inrigat:

133 1203 152 1233 i.
169 1213 194 1233 e.
218 1203 400 1243 perspargit„
448 1202 557 1232 Addas
575 1202 765 1233 fidissimum
785 1213 868 1233 asse-

137 1254 221 1285 clam
237 1254 391 1291 Lucretii,
417 1253 598 1284 Arnobium
617 1253 697 1288 dico,
720 1253 774 1283 lib.
792 1254 823 1284 ii.
839 1264 868 1292 p.

136 1309 187 1336 45.
210 1306 243 1335 in
255 1305 325 1335 loco
336 1315 400 1334 non
416 1305 560 1345 indigno,
574 1305 627 1344 qui
639 1310 670 1334 et
684 1305 736 1334 hic
747 1304 869 1345 legatur

133 1356 219 1386 haud
247 1355 379 1386 mutilus
403 1355 651 1395 discerptusque:
680 1359 702 1374 “
719 1356 775 1385 An
803 1355 869 1385 ulla

136 1411 158 1427 ¹‘
174 1414 221 1438 est
235 1407 346 1448 religio
364 1406 476 1444 verior,
500 1406 678 1445 officiosior,
700 1407 867 1446 potentior,

135 1462 158 1478 “
171 1458 299 1499 justior,
324 1468 420 1499 quam
437 1458 547 1487 Deum
569 1458 742 1496 principem
760 1468 868 1503 nosse,

135 1514 158 1530 “
176 1510 254 1541 scire
270 1511 343 1540 Deo
365 1509 499 1549 principi
526 1510 716 1548 supplicare;
739 1510 793 1550 qui
813 1511 868 1540 bo·

137 1566 160 1581 “
176 1572 292 1593 norum
307 1561 453 1591 omnium
469 1559 554 1591 solus
569 1567 662 1600 caput
677 1567 707 1591 et
723 1561 793 1591 fons
815 1568 871 1600 est,

137 1617 160 1632 “
176 1618 400 1653 perpetuarum
415 1612 528 1652 pariter
544 1612 693 1642 fundator
719 1619 750 1643 et
765 1613 873 1643 condi-

139 1668 162 1685 ‘⁸
178 1671 227 1696 tor
242 1675 347 1695 rerum
356 1677 366 1702 ;
389 1675 408 1694 a
422 1675 485 1705 quo
500 1664 607 1694 omnia
629 1670 752 1695 terrena
777 1676 871 1695 cunc-

139 1720 162 1735 “
179 1723 273 1758 taque
285 1715 420 1746 coelestia
430 1717 623 1754 animantur,
640 1723 722 1746 motu
733 1718 871 1756 irrigan-

142 1772 165 1787 “
181 1775 294 1809 turque
310 1768 442 1800 vitali?’'
466 1767 593 1798 Tullius
615 1768 711 1798 etiam
733 1768 873 1807 apposite

141 1821 177 1850 in
195 1822 332 1858 Arateis,
349 1831 408 1850 ver.
425 1824 496 1851 239.

142 1889 262 1920 Propter,
271 1888 404 1919 Aquarius
412 1889 555 1913 obscurum
569 1888 667 1913 dextra
675 1888 741 1921 rigat
752 1895 872 1913 amnem:

144 1954 164 1985 i.
180 1965 206 1985 e.
231 1953 392 1989 diffundit,
419 1952 576 1993 dispergit.
621 1953 685 1983 His
704 1959 810 1983 autem
825 1952 874 1982 lu-

141 2016 211 2036 cem
226 2005 348 2035 dabunt
372 2004 498 2034 Manilii
517 2004 646 2045 quidam
661 2014 769 2035 versus
784 2004 873 2034 nobi-

144 2056 270 2094 lissimi,
286 2056 318 2086 ii.
335 2059 384 2086 60.

142 2132 264 2161 Namque
287 2135 396 2158 canam,
422 2128 505 2154 tacita
529 2130 638 2153 Naturae
664 2132 756 2154 mente
779 2131 873 2160 poten-

271 2172 340 2198 tem,

142 2208 319 2239 Infusumque
331 2209 420 2233 Deum
433 2207 515 2238 coelo,
525 2208 666 2239 terrisque,
677 2207 813 2239 fretoque,

143 2250 285 2280 Ingentem
297 2248 396 2278 aequali
407 2248 595 2272 moderantem
606 2247 713 2273 foedere
724 2248 841 2278 molem3

145 2288 305 2317 Totumque
316 2287 420 2311 alterno
430 2293 560 2312 consensu
573 2287 663 2311 vivere
673 2287 819 2317 mundum,

147 2327 179 2349 Et
192 2325 299 2349 rationis
310 2326 352 2357 agi
363 2330 441 2350 motu
451 2335 458 2356 3
477 2333 541 2350 cum
552 2326 658 2357 spiritus
669 2333 738 2350 unus

147 2367 195 2389 Per
206 2369 316 2388 cunctas
326 2364 429 2389 habitet
441 2369 539 2396 parteS‚
549 2369 631 2396 atque
641 2365 726 2396 irriget
737 2367 842 2396 orbem,

145 2403 243 2428 omnia
252 2403 425 2435 pervolitans,
442 2411 591 2435 corpusque
601 2404 715 2429 animale
726 2404 823 2436 figuret
835 2413 841 2429 :

149 2462 255 2499 irriget
279 2470 403 2499 nempe,
427 2460 542 2500 agitet;
563 2471 595 2490 se
617 2471 791 2500 propagans
811 2461 872 2492 dis-

151 2521 354 2552 pergensque.

150 2563 281 2603 Optimo
301 2572 375 2592 cum
393 2571 535 2592 successu
551 2562 715 2593 aemulatus
737 2569 781 2593 est
800 2563 871 2592 Ma-

149 2625 270 2650 ronem,
293 2613 333 2643 ad
358 2613 433 2643 AEn.
456 2613 495 2643 η’.
519 2617 536 2643 7
541 2617 589 2644 26.
635 2614 678 2643 Et
699 2615 800 2644 haecce
831 2620 877 2643 est

148 2667 243 2707 primi
253 2665 358 2696 versus
367 2665 568 2695 constructio:
590 2669 610 2683 “
625 2665 744 2696 Canam
757 2667 874 2703 Deum,

149 2724 172 2739 “
189 2720 243 2760 qui
259 2718 352 2748 tacita
367 2724 472 2748 mente
490 2718 644 2747 Naturam
660 2719 750 2758 regit,
769 2724 799 2748 et
813 2729 873 2748 coe-

151 2774 173 2789 “
188 2769 439 2800 loinfunditur.''
464 2769 559 2805 Quod
574 2769 665 2798 latuit
678 2769 873 2806 Bentleiu1n;

150 2821 282 2863 ideoque
307 2822 444 2861 reposuit
458 2822 503 2850 vir
519 2832 661 2850 summus
675 2831 714 2850 ex
736 2821 874 2861 ingenio,

153 2875 320 2905 Naturam.
363 2874 463 2904 Hunc
477 2880 583 2903 autem
603 2873 708 2903 locum
724 2883 808 2904 serus
826 2873 873 2904 in-

152 2924 254 2956 tellexi
272 2926 421 2958 Creechio
435 2937 500 2958 esse
517 2925 736 2966 praefloratum.

954 1011 1029 1041 Ver.
1053 1014 1124 1042 265.
1149 1010 1220 1041 Hos
1243 1011 1384 1052 egregios
1406 1011 1545 1042 Lucretii
1567 1023 1633 1043 ver-

910 1074 962 1092 sus
976 1063 1009 1092 in
1026 1062 1133 1092 animo
1147 1062 1257 1092 habuit
1280 1063 1487 1102 Mantuanus,
1510 1064 1550 1094 ad
1564 1074 1633 1105 geo.

910 1115 952 1145 iii.
973 1118 1043 1145 105.

912 1199 999 1220 Nonne
1010 1195 1097 1225 vides,
1109 1202 1193 1226 quum
1205 1195 1340 1227 praecipiti
1351 1196 1497 1220 certamine
1508 1203 1635 1228 campum

912 1235 1087 1266 Conripuere‚
1099 1238 1247 1266 ruuntque,
1263 1235 1338 1260 effusi
1349 1243 1457 1265 carcere,
1466 1238 1607 1261 curnis—³

914 1319 1001 1349 I-Iuic
1017 1318 1112 1348 etiam
1129 1319 1196 1359 igni
1211 1319 1311 1349 facem
1327 1330 1417 1349 suam
1439 1319 1638 1350 inflamman-

912 1371 986 1401 dam
1003 1371 1120 1401 Statius
1135 1371 1282 1408 admovit‚
1300 1371 1398 1402 Theb.
1414 1372 1453 1402 vi.
1467 1376 1541 1403 390.
1561 1373 1640 1403 nihil

913 1422 1102 1462 praeteriens,
1126 1423 1210 1453 unde
1225 1423 1349 1462 propria
1370 1423 1534 1462 descriptio
1557 1423 1640 1454 flori-

913 1475 981 1504 dior
996 1475 1187 1505 enitesceret.
1234 1475 1352 1505 Versus
1366 1475 1511 1506 dabimus
1532 1475 1642 1506 melio-

916 1535 988 1555 rum
1010 1536 1068 1564 ope
1090 1525 1327 1556 distinctionum
1356 1537 1421 1556 non
1443 1526 1641 1557 mediocriter

915 1577 1056 1615 clm-atos,
1079 1583 1172 1617 atque
1193 1588 1352 1608 summam
1372 1579 1412 1608 ob
1426 1577 1642 1608 excellentiam

916 1628 997 1658 nihil
1011 1628 1197 1658 decurtatos:

1031 1719 1141 1750 jamque
1152 1718 1225 1742 locus
1236 1718 1334 1749 cuique
1344 1721 1394 1748 est,
1406 1721 1433 1743 et
1444 1718 1542 1742 liminis
1553 1720 1628 1743 ordo.

930 1760 1079 1783 Terrarum
1091 1758 1188 1783 decora
1198 1758 1262 1788 alta,
1273 1758 1334 1788 viri,
1345 1759 1441 1783 decora
1452 1758 1517 1789 alta,
1530 1759 1642 1791 jugales,

931 1798 1032 1823 Divum
1055 1801 1201 1828 utrumque
1228 1804 1322 1829 genus,
1348 1801 1420 1822 stant
1440 1804 1495 1822 uno
1521 1799 1643 1830 margine

1039 1837 1129 1861 clausi.

933 1879 1058 1909 Spesque,
1077 1878 1221 1908 audaxque
1238 1877 1291 1901 una
1309 1880 1409 1907 metus,
1427 1881 1454 1902 et
1472 1877 1569 1903 fiducia
1587 1878 1643 1910 pal-

1042 1916 1108 1946 lens,

934 1956 975 1980 Nil
986 1955 1086 1986 fixum,
1098 1956 1184 1980 cordi:
1204 1959 1325 1988 pugnant
1337 1956 1422 1986 exire,
1434 1960 1602 1989 paventque:

934 1997 1077 2021 Concurrit
1086 2003 1206 2021 summos
1217 1997 1369 2021 animosum
1380 1996 1463 2029 frigus
1475 1997 1501 2021 in
1512 2001 1595 2022 artus.

935 2035 987 2067 Qui
1008 2035 1132 2065 dominis,
1153 2036 1225 2060 idem
1248 2035 1326 2060 ardor
1347 2036 1434 2067 equis:
1462 2036 1522 2062 face
1542 2037 1644 2062 lumina

1041 2080 1168 2109 surgunt:

933 2117 986 2141 Ora
1007 2119 1103 2140 sonant
1124 2123 1230 2146 morsu3
1258 2117 1422 2148 spumisque,
1450 2120 1478 2142 et
1503 2118 1642 2149 sanguine.

1040 2155 1143 2181 serrum

933 2197 1042 2222 Uritur:
1059 2197 1167 2228 impulsi
1179 2201 1316 2228 nequeunt
1328 2198 1453 2223 obsistere
1464 2203 1563 2230 postes,

931 2236 1106 2267 Claustraque
1129 2243 1289 2268 compressae
1311 2236 1474 2261 transfumat
1501 2237 1633 2262 anhelitus

1040 2276 1098 2300 irae.

932 2318 1007 2342 Stare
1017 2316 1085 2341 adeo
1096 2316 1223 2341 miserum
1236 2319 1285 2345 est,
1298 2320 1411 2347 pereunt
1422 2316 1534 2348 vestigia
1544 2316 1619 2342 mille

932 2359 1004 2383 Ante
1020 2356 1130 2388 fugam
1148 2357 1340 2388 absentemque
1356 2356 1420 2382 ferit
1437 2358 1524 2389 gravis
1541 2358 1640 2390 ungula

1041 2403 1178 2428 campum.

920 2472 1071 2504 Conferas
1101 2478 1252 2507 nostrum,
1283 2473 1320 2502 vi.
1349 2475 1420 2503 595.
1466 2471 1506 2500 In
1530 2471 1642 2503 ultimo

917 2536 1007 2555 versu
1022 2535 1086 2554 non
1111 2524 1212 2564 placet
1226 2524 1265 2554 de
1289 2526 1479 2555 velocissimis
1501 2523 1588 2564 equis
1603 2524 1640 2554 il-

918 2576 974 2606 lud
1294 2576 1348 2605 An
1371 2574 1524 2614 scripserit
1546 2575 1641 2614 Papi-

920 2627 1009 2658 nius?

996 2587 1052 2615 gra
1058 2578 1100 2607 vis
1123 2578 1248 2615 ungula.

1080 2709 1272 2738 absentemque
1283 2706 1350 2731 levis
1364 2706 1445 2738 pavit
1456 2706 1556 2738 ungula
1567 2713 1640 2732 cam-

1072 2754 1148 2778 pum.

919 2821 1003 2851 vide
1026 2821 1209 2851 Lucretium
1232 2820 1272 2851 ad
1286 2831 1346 2851 ver.
1362 2824 1434 2852 576.
1458 2821 1586 2861 hujusce
1601 2821 1639 2851 li-

918 2873 978 2903 bri:
1007 2873 1100 2902 Maro
1115 2879 1220 2903 tamen
1236 2873 1395 2914 vulgatam
1408 2873 1576 2903 lectionem
1596 2873 1641 2902 ita

918 2930 1033 2962 tuetur,
1050 2923 1090 2955 ad
1104 2934 1171 2965 geo.
1183 2924 1225 2955 iii.
1237 2928 1286 2956 88.
1301 2931 1336 2956 ut
1347 2924 1640 2965 periculosissimum
