1894 3253
245 252 341 293 214

740 240 801 288 Τ.
860 239 1243 288 LUCRETII

387 376 475 418 Aut
493 373 691 431 gravitate
710 371 782 413 sua
801 370 898 412 ferri
916 370 1143 427 primordia
1161 385 1317 421 rerum,

386 451 475 490 Aut
494 450 578 489 ictu
598 447 703 488 forte
723 446 902 488 alterius:
933 461 1048 496 nam,
1069 446 1246 496 concita,
1268 460 1391 501 saepe,

302 529 354 564 85
387 523 523 565 Obvia
543 537 667 578 quom
688 521 846 571 flixere,
867 521 930 572 fit,
952 529 999 562 ut
1018 521 1181 562 divorsa
1199 528 1367 576 repente

383 597 611 639 Dissiliant:
643 612 777 653 neque
796 597 906 638 enim
927 597 1097 646 mirum,
1129 596 1345 638 durissima
1365 609 1457 651 quae
1478 594 1572 644 sint,

386 672 643 713 Ponderibus
664 672 815 722 solidis,
837 687 970 728 neque
989 671 1213 728 quidquam
1232 687 1257 712 a
1275 679 1393 727 tergo
1414 670 1504 711 ibus
1524 669 1667 711 obstet.

384 746 453 796 Et,
478 761 561 802 quo
576 747 724 801 jactari
745 748 875 804 magis
896 747 1036 788 omnia
1055 746 1240 787 materiai

237 909 283 933 est
295 902 374 934 illud
402 910 518 944 »τλκγφ
566 902 659 932 Forte
685 912 737 939 an,
755 916 792 943 τῃ
817 915 854 932 τε
876 905 964 942 Empe,-

240 958 575 1003 'omn—Proferri,
593 959 731 999 D..fierz'.

281 1010 353 1040 Ver.
381 1014 429 1040 84.
442 1010 544 1051 fiir-ee:
572 1009 661 1039 codd.
695 1008 760 1045 Pii,
793 1008 966 1048 auferri.—

235 1064 353 1093 concita
370 1073 465 1102 ηερε.-
492 1062 535 1091 sic
563 1068 607 1092 Ω.
634 1061 687 1090 sed
711 1061 750 1091 G.
768 1061 803 1091 L.
832 1061 878 1091 M.
902 1065 964 1092 cita

232 1125 328 1154 soepe:
355 1121 401 1143 ast
427 1112 506 1143 illud
531 1124 599 1150 con,
630 1112 760 1142 breviter
786 1119 960 1150 exaratum,

233 1165 309 1205 quin
339 1164 429 1194 facile
452 1164 532 1194 elabi
561 1169 674 1203 posset,
705 1174 798 1193 nemo
824 1164 959 1201 dubitet;

230 1215 361 1255 quidam
377 1215 427 1246 Pii
450 1215 539 1245 codd.
556 1217 675 1254 percita
691 1225 785 1254 ,ςῶμα
811 1215 848 1244 P.
866 1215 959 1245 Vind.

235 1267 275 1297 V.
292 1267 341 1297 ed.
363 1268 402 1297 B.
422 1267 461 1297 O.
488 1273 523 1297 Δ.
542 1273 584 1296 Π.
603 1270 637 1296 Σ.
661 1268 720 1296 cita
737 1276 882 1304 superne.-
908 1266 961 1296 sed

233 1329 271 1349 ex
287 1318 418 1357 Epicuri
433 1316 573 1348 doctrina
588 1317 638 1346 vix
653 1316 774 1347 videtur
790 1331 822 1347 τε
833 1328 960 1356 superne

232 1380 322 1399 suam
359 1369 578 1408 proprietatem
615 1368 762 1397 retinere:
815 1378 890 1397 nam
924 1369 959 1397 in

233 1421 395 1451 “infinito
419 1420 526 1450 inani’‘
552 1419 728 1461 (Ciceronis
753 1419 852 1449 verbis
877 1425 959 1458 utor,

231 1472 406 1503 doctrinam
424 1471 670 1509 Democriteam‚
694 1481 789 1512 quam
804 1472 961 1509 Epicurus

232 1525 395 1563 amplexus
419 1530 476 1561 est,
507 1522 701 1562 exponentis,
725 1523 765 1553 ad
788 1523 864 1554 finn.
888 1525 960 1555 bon.

231 1582 263 1606 et
289 1575 360 1605 mal.
387 1575 406 1605 i.
424 1575 468 1614 6.)
495 1578 516 1592 “
533 1574 612 1604 nihil
635 1584 692 1604 nec
715 1585 876 1610 szwnmum,
903 1585 961 1604 nec

231 1632 252 1646 ‘⁴
270 1627 429 1664 infimum,
456 1636 514 1655 nec
540 1624 694 1662 medium,
720 1635 777 1655 nec
797 1625 959 1663 ultimum,

232 1683 254 1698 ‘⁶
272 1689 330 1709 nec
359 1677 568 1709 extremum.'’
631 1677 746 1707 Noster
776 1687 862 1716 mox,
899 1688 959 1709 ver.

232 1734 303 1763 259.

260 1804 358 1829 Omnia
369 1807 534 1835 quapropter
546 1802 644 1827 debent
657 1808 703 1833 per
715 1801 792 1826 'mane
805 1802 928 1832 quietum

264 1848 352 1877 AEque
363 1845 524 1877 ponderibus
536 1851 590 1869 non
601 1844 687 1875 aequis
697 1843 792 1868 concita
797 1844 867 1875 ferri
878 1852 887 1869 .·

231 1919 267 1940 ac
282 1909 433 1944 similiter,
450 1908 488 1938 iv.
507 1912 578 1940 189.

581 1974 707 2006 sequenti
717 1975 812 1999 concita
822 1974 910 2006 plaga.

234 2032 276 2061 Et
291 2031 366 2061 ordo
381 2037 438 2060 est:
466 2037 486 2049 “
504 2031 597 2067 Nam,
614 2032 746 2069 concita,
774 2033 810 2071 (i.
836 2042 863 2061 e.
881 2042 958 2071 quo-

232 2085 254 2100 “
272 2081 358 2111 niam
374 2082 625 2120 commoventur)
650 2092 748 2122 quum
765 2082 881 2119 flixere,
898 2082 917 2111 i.
933 2092 959 2112 e.

233 2136 256 2151 “
275 2134 359 2173 (post
374 2132 584 2171 collisionem)
602 2132 635 2161 fit
651 2133 815 2171 saepe—:’'
841 2143 880 2162 ne
896 2132 958 2162 for-

233 2185 320 2215 tassis
336 2199 369 2215 era
384 2196 462 2224 scepe
478 2194 638 2223 perperam
654 2184 768 2214 referas
779 2184 819 2214 ad
831 2187 960 2215 concita.

275 2236 356 2267 Ibid.
381 2236 468 2272 Quid
483 2236 507 2266 si
523 2235 625 2276 legas?

294 2306 349 2330 Aut
360 2304 416 2329 ictu
419 2304 487 2336 forti
498 2304 646 2330 alterius-—.

687 2344 736 2374 Βε
744 2354 764 2373 x
772 2354 792 2373 T
800 2354 816 2373 1.
823 2353 839 2372 i:
846 2354 855 2373 1
861 2354 880 2373 u
889 2354 912 2373 s.

235 2411 415 2453 Ingeniose,
441 2418 477 2442 ut
492 2422 622 2451 semper.
669 2412 720 2442 Sic
735 2411 835 2443 valiclci
848 2410 956 2451 plagci,

230 2466 273 2496 iii.
296 2470 368 2498 819.
391 2472 422 2496 et
443 2467 540 2497 validi
562 2468 650 2501 ictus,
678 2466 767 2506 Virg.
795 2466 870 2495 AEn.
896 2464 957 2494 viii.

233 2522 304 2549 419.
327 2518 407 2548 nihil
433 2524 539 2548 tamen
554 2518 588 2547 in
603 2517 752 2547 Lucretio
768 2516 959 2547 mutandum

232 2570 426 2600 arbitramur.

277 2621 349 2652 Ver.
365 2624 416 2652 85.
438 2623 662 2662 quomflirere:
690 2620 727 2650 P.
742 2631 809 2650 cum
814 2622 937 2661 fluxere
943 2634 953 2654 ;

234 2672 329 2702 Vind.
344 2672 383 2702 V.
395 2672 442 2703 ed.
456 2674 493 2703 B.
509 2673 549 2703 O.
565 2679 599 2703 Δ.
614 2679 653 2703 Π.
667 2677 702 2704 Σ.
714 2678 758 2703 Ω..
774 2673 956 2712 confluxere,-

235 2723 275 2753 G.
289 2725 469 2764 conj‘lesrere,⁷
496 2724 533 2754 L.
550 2725 599 2754 M.
623 2726 794 2766 covy‘lixere.
840 2723 888 2753 Ut
908 2723 959 2752 vix

233 2774 376 2813 possibile
392 2775 431 2803 sit
445 2775 477 2804 in
493 2775 541 2804 his
556 2775 756 2805 varietatibus
779 2773 957 2814 expenden-

234 2825 294 2863 dis,
318 2831 349 2854 et
373 2824 505 2856 lectione
520 2827 581 2856 loci
596 2826 823 2862 concinnanda,
839 2825 957 2866 longis-

233 2877 312 2907 sime
328 2887 346 2906 a
361 2877 487 2906 veritate
503 2879 659 2915 aberrare;
681 2878 725 2908 ita
740 2889 804 2908 non
827 2878 861 2907 in
887 2886 958 2916 pro·

231 2927 307 2959 clivi
331 2933 377 2958 est
405 2926 591 2966 ipsissimam
615 2929 752 2960 Lucretii
773 2928 959 2968 scripturam

1009 906 1097 931 extra
1133 910 1263 930 omnem
1301 900 1542 929 controversiam
1579 899 1736 938 dispicere.

1011 953 1167 984 Omnium
1182 952 1314 987 viarum,
1329 962 1405 992 quas
1421 952 1542 992 ingredi
1557 962 1735 990 possumus,

1009 1005 1075 1034 haec
1090 1002 1244 1033 tutissima
1260 1003 1339 1032 forte
1361 1002 1455 1032 fuerit
1471 1002 1616 1043 denique,
1642 1008 1735 1043 atque

1009 1054 1261 1085 commodissima
1269 1067 1275 1083 :

1036 1129 1090 1154 Aut
1102 1128 1158 1152 ictu
1170 1128 1242 1152 forte
1249 1127 1371 1155 alterius:
1385 1133 1460 1157 nam,
1471 1133 1545 1159 quom
1556 1126 1620 1156 cita,
1629 1132 1703 1158 saepe

1035 1168 1121 1192 Obvia
1130 1167 1274 1198 conflixere,
1285 1166 1356 1191 fit-.

1007 1234 1287 1270 Quemadmodum
1301 1240 1416 1272 noster,
1433 1233 1453 1264 i.
1469 1237 1541 1265 996.

1100 1304 1141 1327 Ex
1152 1302 1258 1327 infinito
1269 1302 1318 1327 cita
1330 1310 1443 1334 corpora
1454 1302 1589 1327 materiai.

1003 1361 1082 1402 —fit
1098 1367 1148 1390 ut:
1175 1360 1215 1389 V.
1233 1359 1280 1390 ed.
1299 1365 1332 1391 Σ.
1350 1366 1383 1390 ut
1397 1362 1462 1394 Μὴ·
1487 1359 1526 1390 L.
1539 1361 1586 1400 fit
1600 1361 1664 1395 παῖ,-
1693 1359 1733 1390 Ο.

1006 1413 1050 1441 ita
1068 1413 1131 1446 ull}
1158 1417 1192 1442 Δ.
1208 1413 1464 1442 velun—divorsa
1475 1424 1484 1441 :
1512 1417 1553 1440 H.
1569 1412 1678 1441 divisa.

1048 1463 1128 1493 Ibid.
1152 1465 1278 1503 flirere.
1341 1463 1391 1492 Sic
1421 1462 1541 1499 Livius,
1573 1462 1733 1503 AEgisfflo,

1005 1514 1088 1553 apud
1106 1514 1262 1552 Nonium,
1279 1514 1310 1543 ii.
1326 1518 1398 1544 328.
1414 1524 1488 1544 voce
1504 1516 1538 1545 F
1537 1515 1611 1553 ligi.-

1066 1586 1138 1615 Ipsus
1148 1589 1175 1607 se
1182 1582 1208 1606 in
1220 1586 1321 1607 terram
1332 1581 1507 1614 sauciusfligit
1517 1582 1625 1606 cadens.

1004 1639 1055 1669 Ita
1084 1638 1163 1668 forte
1187 1638 1434 1669 rescribendum:
1469 1638 1551 1676 libri,
1582 1641 1669 1679 Ipse:
1701 1645 1733 1670 et

1006 1689 1122 1720 Accius
1148 1689 1275 1726 ibidem,
1313 1690 1352 1720 ad
1377 1690 1463 1720 hunc
1478 1689 1610 1720 modum
1624 1691 1737 1722 rectius

1003 1741 1255 1782 distinguendus:

1035 1821 1089 1844 Nec
1103 1819 1263 1851 perdolescit
1273 1819 1332 1852 fligi
1344 1821 1439 1851 socios,
1450 1823 1539 1846 morte
1549 1827 1659 1853 campos
1669 1827 1734 1847 con—

1126 1859 1192 1891 tegi.

1005 1916 1163 1946 Vocabuli
1178 1917 1309 1957 hujusce
1321 1917 1495 1948 vetustioris
1505 1917 1734 1948 substantivum

1004 1968 1160 2008 Virgilius
1186 1979 1250 1998 non
1277 1968 1491 1999 reformidavit
1512 1969 1668 2008 adoptare,
1692 1969 1733 2000 ad

1004 2020 1078 2049 EEn.
1095 2020 1135 2049 ix.
1151 2023 1224 2050 667.

1019 2092 1151 2116 Sternitur
1162 2099 1244 2117 omne
1251 2092 1337 2116 solum
1350 2092 1425 2123 telis;
1437 2096 1497 2116 tum
1506 2095 1593 2122 scuta,
1601 2097 1732 2124 cavaeque

1019 2133 1091 2155 Dant
1102 2132 1219 2156 sonitum
1224 2131 1300 2161 flictu
1311 2131 1395 2162 galeae
1406 2138 1412 2154 :

1004 2194 1058 2224 ubi
1073 2194 1177 2224 videas
1201 2194 1359 2231 Servium3
1383 2204 1457 2223 nam
1485 2194 1615 2225 Pacuvii
1638 2196 1731 2234 phra-

1002 2246 1073 2283 sim,
1090 2256 1185 2286 quam
1200 2246 1328 2285 profert,
1354 2246 1589 2286 grammaticus,
1606 2246 1639 2277 in
1654 2258 1732 2278 usus

1001 2298 1140 2337 proprios
1157 2298 1251 2328 Silius
1266 2298 1408 2337 arripuit,
1427 2298 1508 2329 Pun.
1524 2299 1584 2330 xiv.
1600 2303 1672 2331 558.

1018 2368 1220 2397 Remorumque
1230 2366 1332 2398 fragor,
1335 2365 1466 2396 flictuque
1477 2367 1601 2391 sonantia
1612 2370 1698 2392 rostra
1704 2375 1714 2397 ;

1002 2424 1175 2464 Virgilium
1190 2430 1315 2454 secutus
1330 2423 1363 2453 in
1378 2424 1634 2463 praecedentibus,
1648 2424 1728 2456 Pun.

1002 2476 1042 2506 ix.
1058 2480 1131 2506 522.
1157 2475 1239 2506 Vide
1256 2475 1560 2506 Drakenborchium.
1599 2476 1640 2506 In
1652 2476 1729 2506 Ilia-

1003 2528 1058 2558 dos
1085 2528 1221 2567 epitome
1251 2528 1338 2558 locus
1367 2533 1465 2557 exstat
1493 2527 1578 2557 haud
1608 2527 1729 2567 vulgari

1003 2585 1176 2617 venustate,
1200 2580 1251 2609 cui
1266 2578 1436 2609 dictionem
1456 2578 1587 2618 hujusce
1602 2577 1728 2608 famih‘ae

1002 2632 1177 2670 restituam,
1190 2638 1221 2662 et
1229 2632 1295 2662 vice
1310 2631 1443 2670 simplici
1459 2630 1644 2667 emendabo,
1659 2639 1721 2659 ver.

1005 2688 1075 2715 744.

1033 2769 1096 2792 Lux
1108 2770 1206 2792 exorta
1216 2766 1286 2800 viros
1297 2766 1326 2790 in
1333 2765 1442 2798 pristina
1449 2763 1517 2789 bella
1528 2763 1629 2788 remisit
1639 2772 1647 2793 ;

1034 2801 1251 2838 Instaurantque',
1261 2806 1363 2830 animos
1373 2807 1503 2832 recreato,
1518 2802 1605 2828 milite
1612 2807 1725 2835 pugnam

1032 2848 1217 2873 Dardanidum
1238 2846 1417 2876 Danaumque
1437 2844 1533 2869 duces:
1561 2844 1634 2868 volat
1651 2845 1728 2869 undi-

1188 2888 1271 2911 nubes

1031 2895 1178 2956 Telon-xiix
1186 2929 1214 2951 et
1225 2925 1296 2950 ferro
1306 2923 1408 2949 ferrum
1419 2925 1511 2947 sonat:
1525 2922 1643 2953 undique
1646 2922 1726 2953 flictis
