<?xml version="1.0" encoding="UTF-8"?>
<!DOCTYPE html PUBLIC "-//W3C//DTD XHTML 1.0 Transitional//EN"
    "http://www.w3.org/TR/xhtml1/DTD/xhtml1-transitional.dtd">
<html xmlns="http://www.w3.org/1999/xhtml" xml:lang="en" lang="en">
 <head>
  <title>
</title>
<meta http-equiv="Content-Type" content="text/html;charset=utf-8" />
  <meta name='ocr-system' content='tesseract 3.04.00' />
  <meta name='ocr-capabilities' content='ocr_page ocr_carea ocr_par ocr_line ocrx_word'/>
</head>
<body>
  <div class='ocr_page' id='page_1' title='image "./tlucretiicarider01lucruoft_0239.png"; bbox 0 0 1894 3253; ppageno 0'>
   <div class='ocr_carea' id='block_1_1' title="bbox 591 247 1177 298">
    <p class='ocr_par' dir='ltr' id='par_1_1' title="bbox 591 247 1177 298">
     <span class='ocr_line' id='line_1_1' title="bbox 591 247 1177 298; baseline -0.002 0"><span class='ocrx_word' id='word_1_1' title='bbox 591 248 827 298; x_wconf 87' lang='lat' dir='ltr'><strong>LIBER</strong></span> <span class='ocrx_word' id='word_1_2' title='bbox 871 247 1177 298; x_wconf 89' lang='lat' dir='ltr'><strong>PRIMUS.</strong></span> 
     </span>
    </p>
   </div>
   <div class='ocr_carea' id='block_1_2' title="bbox 1555 257 1642 302">
    <p class='ocr_par' dir='ltr' id='par_1_2' title="bbox 1555 257 1642 302">
     <span class='ocr_line' id='line_1_2' title="bbox 1555 257 1642 302; baseline -0.046 0"><span class='ocrx_word' id='word_1_3' title='bbox 1555 257 1642 302; x_wconf 78' lang='lat'>179</span> 
     </span>
    </p>
   </div>
   <div class='ocr_carea' id='block_1_3' title="bbox 142 381 1244 439">
    <p class='ocr_par' dir='ltr' id='par_1_3' title="bbox 142 381 1244 439">
     <span class='ocr_line' id='line_1_3' title="bbox 142 381 1244 439; baseline 0 -16"><span class='ocrx_word' id='word_1_4' title='bbox 142 387 246 424; x_wconf 75' lang='lat'>1045</span> <span class='ocrx_word' id='word_1_5' title='bbox 280 382 497 424; x_wconf 83' lang='lat' dir='ltr'><strong>Interdum</strong></span> <span class='ocrx_word' id='word_1_6' title='bbox 520 383 674 424; x_wconf 80' lang='lat' dir='ltr'>resilire</span> <span class='ocrx_word' id='word_1_7' title='bbox 695 391 833 424; x_wconf 86' lang='lat' dir='ltr'>tamen</span> <span class='ocrx_word' id='word_1_8' title='bbox 857 390 1077 439; x_wconf 86' lang='lat' dir='ltr'>coguntur,</span> <span class='ocrx_word' id='word_1_9' title='bbox 1100 389 1141 423; x_wconf 88' lang='lat' dir='ltr'>et</span> <span class='ocrx_word' id='word_1_10' title='bbox 1161 381 1244 423; x_wconf 70' lang='lat' dir='ltr'>una</span> 
     </span>
    </p>
   </div>
   <div class='ocr_carea' id='block_1_4' title="bbox 277 456 1255 513">
    <p class='ocr_par' dir='ltr' id='par_1_4' title="bbox 277 456 1255 513">
     <span class='ocr_line' id='line_1_4' title="bbox 277 456 1255 513; baseline -0.001 -15"><span class='ocrx_word' id='word_1_11' title='bbox 277 458 496 513; x_wconf 82' lang='lat' dir='ltr'><strong>Principiis</strong></span> <span class='ocrx_word' id='word_1_12' title='bbox 517 473 655 499; x_wconf 79' lang='lat' dir='ltr'>rerum</span> <span class='ocrx_word' id='word_1_13' title='bbox 677 458 855 513; x_wconf 86' lang='lat' dir='ltr'>spatium</span> <span class='ocrx_word' id='word_1_14' title='bbox 875 466 1119 512; x_wconf 79' lang='lat' dir='ltr'>tempusque</span> <span class='ocrx_word' id='word_1_15' title='bbox 1138 456 1255 513; x_wconf 73' lang='lat' dir='ltr'>fiiga&#39;i&#39;</span> 
     </span>
    </p>
   </div>
   <div class='ocr_carea' id='block_1_5' title="bbox 275 530 1152 589">
    <p class='ocr_par' dir='ltr' id='par_1_5' title="bbox 275 530 1152 589">
     <span class='ocr_line' id='line_1_5' title="bbox 275 530 1152 589; baseline -0.003 -16"><span class='ocrx_word' id='word_1_16' title='bbox 275 532 455 589; x_wconf 83' lang='lat' dir='ltr'>Largiri,</span> <span class='ocrx_word' id='word_1_17' title='bbox 480 541 524 573; x_wconf 92' lang='lat' dir='ltr'>ut</span> <span class='ocrx_word' id='word_1_18' title='bbox 544 534 701 587; x_wconf 83' lang='lat' dir='ltr'>possint</span> <span class='ocrx_word' id='word_1_19' title='bbox 722 548 747 573; x_wconf 88' lang='lat' dir='ltr'>a</span> <span class='ocrx_word' id='word_1_20' title='bbox 766 539 877 573; x_wconf 85' lang='lat' dir='ltr'>coetu</span> <span class='ocrx_word' id='word_1_21' title='bbox 895 531 1023 571; x_wconf 82' lang='lat' dir='ltr'>libera</span> <span class='ocrx_word' id='word_1_22' title='bbox 1044 530 1152 571; x_wconf 87' lang='lat' dir='ltr'>ferri.</span> 
     </span>
    </p>
   </div>
   <div class='ocr_carea' id='block_1_6' title="bbox 273 604 1490 661">
    <p class='ocr_par' dir='ltr' id='par_1_6' title="bbox 273 604 1490 661">
     <span class='ocr_line' id='line_1_6' title="bbox 273 604 1490 661; baseline 0.002 -14"><span class='ocrx_word' id='word_1_23' title='bbox 273 606 370 655; x_wconf 67' lang='lat' dir='ltr'>Qua</span> <span class='ocrx_word' id='word_1_24' title='bbox 391 621 436 646; x_wconf 85' lang='lat' dir='ltr'>re</span> <span class='ocrx_word' id='word_1_25' title='bbox 455 607 579 647; x_wconf 84' lang='lat' dir='ltr'>etiam</span> <span class='ocrx_word' id='word_1_26' title='bbox 600 615 723 661; x_wconf 87' lang='lat' dir='ltr'>atque</span> <span class='ocrx_word' id='word_1_27' title='bbox 743 605 866 646; x_wconf 85' lang='lat' dir='ltr'>etiam</span> <span class='ocrx_word' id='word_1_28' title='bbox 888 604 1064 645; x_wconf 83' lang='lat' dir='ltr'>suboriri</span> <span class='ocrx_word' id='word_1_29' title='bbox 1086 604 1216 645; x_wconf 83' lang='lat' dir='ltr'>multa</span> <span class='ocrx_word' id='word_1_30' title='bbox 1236 619 1399 647; x_wconf 88' lang='lat' dir='ltr'>necesse</span> <span class='ocrx_word' id='word_1_31' title='bbox 1415 616 1490 649; x_wconf 90' lang='lat' dir='ltr'>est:</span> 
     </span>
    </p>
   </div>
   <div class='ocr_carea' id='block_1_7' title="bbox 275 679 1464 737">
    <p class='ocr_par' dir='ltr' id='par_1_7' title="bbox 275 679 1464 737">
     <span class='ocr_line' id='line_1_7' title="bbox 275 679 1464 737; baseline 0.002 -16"><span class='ocrx_word' id='word_1_32' title='bbox 275 680 330 721; x_wconf 82' lang='lat' dir='ltr'>Et</span> <span class='ocrx_word' id='word_1_33' title='bbox 350 689 504 730; x_wconf 86' lang='lat' dir='ltr'>tamen,</span> <span class='ocrx_word' id='word_1_34' title='bbox 529 688 574 721; x_wconf 85' lang='lat' dir='ltr'>ut</span> <span class='ocrx_word' id='word_1_35' title='bbox 594 680 728 737; x_wconf 73' lang='lat' dir='ltr'>plagae</span> <span class='ocrx_word' id='word_1_36' title='bbox 750 694 915 735; x_wconf 91' lang='lat' dir='ltr'>quoque</span> <span class='ocrx_word' id='word_1_37' title='bbox 934 679 1093 734; x_wconf 85' lang='lat' dir='ltr'>possint</span> <span class='ocrx_word' id='word_1_38' title='bbox 1113 679 1329 735; x_wconf 86' lang='lat' dir='ltr'>subpetere</span> <span class='ocrx_word' id='word_1_39' title='bbox 1350 682 1464 737; x_wconf 81' lang='lat' dir='ltr'>ipsae,</span> 
     </span>
    </p>
   </div>
   <div class='ocr_carea' id='block_1_8' title="bbox 127 835 870 2208">
    <p class='ocr_par' dir='ltr' id='par_1_8' title="bbox 127 835 869 1899">
     <span class='ocr_line' id='line_1_8' title="bbox 132 835 864 868; baseline 0.004 -3"><span class='ocrx_word' id='word_1_40' title='bbox 132 836 205 866; x_wconf 90' lang='lat' dir='ltr'>Hoc</span> <span class='ocrx_word' id='word_1_41' title='bbox 234 841 341 866; x_wconf 88' lang='lat' dir='ltr'>autem</span> <span class='ocrx_word' id='word_1_42' title='bbox 371 835 448 866; x_wconf 88' lang='lat' dir='ltr'>dicit</span> <span class='ocrx_word' id='word_1_43' title='bbox 478 837 658 868; x_wconf 88' lang='lat' dir='ltr'>Lucretius:</span> <span class='ocrx_word' id='word_1_44' title='bbox 687 840 709 856; x_wconf 89' lang='lat'><strong>“</strong></span> <span class='ocrx_word' id='word_1_45' title='bbox 736 837 864 868; x_wconf 83' lang='lat' dir='ltr'>Dixerit</span> 
     </span>
     <span class='ocr_line' id='line_1_9' title="bbox 129 887 864 929; baseline 0.004 -12"><span class='ocrx_word' id='word_1_46' title='bbox 129 891 150 906; x_wconf 79' lang='lat'>‘⁶</span> <span class='ocrx_word' id='word_1_47' title='bbox 167 897 239 918; x_wconf 83' lang='lat' dir='ltr'>vero</span> <span class='ocrx_word' id='word_1_48' title='bbox 261 887 392 918; x_wconf 86' lang='lat' dir='ltr'>fortasse</span> <span class='ocrx_word' id='word_1_49' title='bbox 415 889 540 929; x_wconf 87' lang='lat' dir='ltr'>aliquis,</span> <span class='ocrx_word' id='word_1_50' title='bbox 571 900 730 919; x_wconf 83' lang='lat' dir='ltr'>summam</span> <span class='ocrx_word' id='word_1_51' title='bbox 757 900 864 920; x_wconf 87' lang='lat' dir='ltr'>rerum</span> 
     </span>
     <span class='ocr_line' id='line_1_10' title="bbox 128 939 864 981; baseline 0.004 -12"><span class='ocrx_word' id='word_1_52' title='bbox 128 943 150 957; x_wconf 75' lang='lat'>‘⁴</span> <span class='ocrx_word' id='word_1_53' title='bbox 165 950 254 979; x_wconf 85' lang='lat' dir='ltr'>posse</span> <span class='ocrx_word' id='word_1_54' title='bbox 270 939 393 970; x_wconf 86' lang='lat' dir='ltr'>finitam</span> <span class='ocrx_word' id='word_1_55' title='bbox 410 951 476 970; x_wconf 88' lang='lat' dir='ltr'>esse</span> <span class='ocrx_word' id='word_1_56' title='bbox 495 947 590 981; x_wconf 88' lang='lat' dir='ltr'>atque</span> <span class='ocrx_word' id='word_1_57' title='bbox 613 942 864 972; x_wconf 84' lang='lat' dir='ltr'>extremitatibus</span> 
     </span>
     <span class='ocr_line' id='line_1_11' title="bbox 128 992 864 1032; baseline 0.004 -11"><span class='ocrx_word' id='word_1_58' title='bbox 128 995 150 1010; x_wconf 88' lang='lat'><strong>“</strong></span> <span class='ocrx_word' id='word_1_59' title='bbox 167 992 232 1022; x_wconf 90' lang='lat' dir='ltr'>suis</span> <span class='ocrx_word' id='word_1_60' title='bbox 253 993 533 1032; x_wconf 76' lang='lat' dir='ltr'><strong>circumscriptam,</strong></span> <span class='ocrx_word' id='word_1_61' title='bbox 557 1000 588 1023; x_wconf 85' lang='lat' dir='ltr'>et</span> <span class='ocrx_word' id='word_1_62' title='bbox 616 994 735 1024; x_wconf 88' lang='lat' dir='ltr'>interea</span> <span class='ocrx_word' id='word_1_63' title='bbox 757 1000 864 1024; x_wconf 85' lang='lat' dir='ltr'>tamen</span> 
     </span>
     <span class='ocr_line' id='line_1_12' title="bbox 127 1044 862 1083; baseline 0.004 -10"><span class='ocrx_word' id='word_1_64' title='bbox 127 1047 150 1062; x_wconf 84' lang='lat'><strong>“</strong></span> <span class='ocrx_word' id='word_1_65' title='bbox 167 1055 242 1074; x_wconf 91' lang='lat' dir='ltr'>eum</span> <span class='ocrx_word' id='word_1_66' title='bbox 257 1044 503 1083; x_wconf 86' lang='lat' dir='ltr'>primordiorum</span> <span class='ocrx_word' id='word_1_67' title='bbox 519 1056 709 1076; x_wconf 89' lang='lat' dir='ltr'>concursum</span> <span class='ocrx_word' id='word_1_68' title='bbox 726 1056 762 1076; x_wconf 92' lang='lat' dir='ltr'>ac</span> <span class='ocrx_word' id='word_1_69' title='bbox 774 1046 862 1076; x_wconf 87' lang='lat' dir='ltr'>colli-</span> 
     </span>
     <span class='ocr_line' id='line_1_13' title="bbox 128 1096 864 1137; baseline 0.005 -12"><span class='ocrx_word' id='word_1_70' title='bbox 128 1100 149 1114; x_wconf 87' lang='lat'>“</span> <span class='ocrx_word' id='word_1_71' title='bbox 167 1096 289 1126; x_wconf 90' lang='lat' dir='ltr'>sionem</span> <span class='ocrx_word' id='word_1_72' title='bbox 304 1107 359 1135; x_wconf 91' lang='lat' dir='ltr'>per</span> <span class='ocrx_word' id='word_1_73' title='bbox 373 1097 482 1137; x_wconf 85' lang='lat' dir='ltr'>plagas</span> <span class='ocrx_word' id='word_1_74' title='bbox 499 1098 691 1128; x_wconf 77' lang='lat' dir='ltr'>extrinsecus</span> <span class='ocrx_word' id='word_1_75' title='bbox 708 1099 811 1129; x_wconf 87' lang='lat' dir='ltr'>illatas</span> <span class='ocrx_word' id='word_1_76' title='bbox 833 1104 864 1129; x_wconf 84' lang='lat' dir='ltr'>et</span> 
     </span>
     <span class='ocr_line' id='line_1_14' title="bbox 129 1151 863 1191; baseline 0.005 -14"><span class='ocrx_word' id='word_1_77' title='bbox 129 1152 152 1167; x_wconf 77' lang='lat'>‘⁶</span> <span class='ocrx_word' id='word_1_78' title='bbox 169 1159 328 1178; x_wconf 90' lang='lat' dir='ltr'>summam</span> <span class='ocrx_word' id='word_1_79' title='bbox 359 1159 478 1188; x_wconf 87' lang='lat' dir='ltr'>rerum,</span> <span class='ocrx_word' id='word_1_80' title='bbox 518 1161 558 1180; x_wconf 88' lang='lat' dir='ltr'>ne</span> <span class='ocrx_word' id='word_1_81' title='bbox 589 1157 750 1191; x_wconf 81' lang='lat' dir='ltr'>evagetur,</span> <span class='ocrx_word' id='word_1_82' title='bbox 789 1151 863 1181; x_wconf 90' lang='lat' dir='ltr'>inde</span> 
     </span>
     <span class='ocr_line' id='line_1_15' title="bbox 131 1200 867 1242; baseline 0.004 -13"><span class='ocrx_word' id='word_1_83' title='bbox 131 1203 153 1218; x_wconf 89' lang='lat'><strong>“</strong></span> <span class='ocrx_word' id='word_1_84' title='bbox 172 1200 261 1240; x_wconf 85' lang='lat' dir='ltr'>quasi</span> <span class='ocrx_word' id='word_1_85' title='bbox 292 1201 501 1239; x_wconf 81' lang='lat' dir='ltr'>continentes,</span> <span class='ocrx_word' id='word_1_86' title='bbox 532 1207 615 1231; x_wconf 87' lang='lat' dir='ltr'>recte</span> <span class='ocrx_word' id='word_1_87' title='bbox 645 1201 722 1238; x_wconf 89' lang='lat' dir='ltr'>fieri,</span> <span class='ocrx_word' id='word_1_88' title='bbox 753 1202 867 1242; x_wconf 89' lang='lat' dir='ltr'>quibus</span> 
     </span>
     <span class='ocr_line' id='line_1_16' title="bbox 134 1252 865 1290; baseline 0.003 -10"><span class='ocrx_word' id='word_1_89' title='bbox 134 1254 156 1269; x_wconf 82' lang='lat'>⁸‘</span> <span class='ocrx_word' id='word_1_90' title='bbox 173 1261 283 1281; x_wconf 87' lang='lat' dir='ltr'>omnes</span> <span class='ocrx_word' id='word_1_91' title='bbox 306 1262 355 1281; x_wconf 87' lang='lat' dir='ltr'>res</span> <span class='ocrx_word' id='word_1_92' title='bbox 386 1252 561 1283; x_wconf 87' lang='lat' dir='ltr'>creantur.”</span> <span class='ocrx_word' id='word_1_93' title='bbox 617 1256 639 1270; x_wconf 87' lang='lat'><strong>“</strong></span> <span class='ocrx_word' id='word_1_94' title='bbox 656 1253 755 1283; x_wconf 89' lang='lat' dir='ltr'>Enim</span> <span class='ocrx_word' id='word_1_95' title='bbox 781 1263 865 1290; x_wconf 90' lang='lat' dir='ltr'>vero,</span> 
     </span>
     <span class='ocr_line' id='line_1_17' title="bbox 131 1301 866 1343; baseline 0.004 -12"><span class='ocrx_word' id='word_1_96' title='bbox 131 1304 152 1320; x_wconf 84' lang='lat'>“</span> <span class='ocrx_word' id='word_1_97' title='bbox 170 1301 340 1341; x_wconf 85' lang='lat' dir='ltr'>respondet</span> <span class='ocrx_word' id='word_1_98' title='bbox 362 1302 542 1341; x_wconf 87' lang='lat' dir='ltr'>Lucretius,</span> <span class='ocrx_word' id='word_1_99' title='bbox 573 1304 633 1333; x_wconf 91' lang='lat' dir='ltr'>hoc</span> <span class='ocrx_word' id='word_1_100' title='bbox 657 1303 746 1334; x_wconf 91' lang='lat' dir='ltr'>nullo</span> <span class='ocrx_word' id='word_1_101' title='bbox 774 1309 866 1343; x_wconf 90' lang='lat' dir='ltr'>pacto</span> 
     </span>
     <span class='ocr_line' id='line_1_18' title="bbox 134 1353 866 1394; baseline 0.003 -12"><span class='ocrx_word' id='word_1_102' title='bbox 134 1356 156 1371; x_wconf 89' lang='lat'>“</span> <span class='ocrx_word' id='word_1_103' title='bbox 173 1353 414 1383; x_wconf 89' lang='lat' dir='ltr'>concedendum</span> <span class='ocrx_word' id='word_1_104' title='bbox 443 1359 497 1383; x_wconf 88' lang='lat' dir='ltr'>est.</span> <span class='ocrx_word' id='word_1_105' title='bbox 558 1353 720 1394; x_wconf 87' lang='lat' dir='ltr'>Principia</span> <span class='ocrx_word' id='word_1_106' title='bbox 749 1354 866 1385; x_wconf 83' lang='lat' dir='ltr'>scilicet</span> 
     </span>
     <span class='ocr_line' id='line_1_19' title="bbox 131 1405 863 1443; baseline 0.004 -9"><span class='ocrx_word' id='word_1_107' title='bbox 131 1408 152 1423; x_wconf 82' lang='lat'>‘¹</span> <span class='ocrx_word' id='word_1_108' title='bbox 167 1405 386 1435; x_wconf 84' lang='lat' dir='ltr'>concurrentia</span> <span class='ocrx_word' id='word_1_109' title='bbox 401 1415 465 1435; x_wconf 90' lang='lat' dir='ltr'>non</span> <span class='ocrx_word' id='word_1_110' title='bbox 482 1415 604 1443; x_wconf 88' lang='lat' dir='ltr'>semper</span> <span class='ocrx_word' id='word_1_111' title='bbox 619 1406 772 1437; x_wconf 84' lang='lat' dir='ltr'>contiuuo</span> <span class='ocrx_word' id='word_1_112' title='bbox 787 1417 863 1437; x_wconf 84' lang='lat' dir='ltr'>nex-</span> 
     </span>
     <span class='ocr_line' id='line_1_20' title="bbox 130 1456 866 1499; baseline 0.004 -13"><span class='ocrx_word' id='word_1_113' title='bbox 130 1459 153 1475; x_wconf 88' lang='lat'><strong>“</strong></span> <span class='ocrx_word' id='word_1_114' title='bbox 169 1462 275 1495; x_wconf 84' lang='lat' dir='ltr'>antur,</span> <span class='ocrx_word' id='word_1_115' title='bbox 291 1456 347 1487; x_wconf 87' lang='lat' dir='ltr'>sed</span> <span class='ocrx_word' id='word_1_116' title='bbox 361 1456 506 1487; x_wconf 85' lang='lat' dir='ltr'>resiliunt</span> <span class='ocrx_word' id='word_1_117' title='bbox 521 1457 694 1495; x_wconf 88' lang='lat' dir='ltr'>interdum,</span> <span class='ocrx_word' id='word_1_118' title='bbox 716 1464 747 1488; x_wconf 90' lang='lat' dir='ltr'>et</span> <span class='ocrx_word' id='word_1_119' title='bbox 770 1457 866 1499; x_wconf 86' lang='lat' dir='ltr'>longe</span> 
     </span>
     <span class='ocr_line' id='line_1_21' title="bbox 130 1507 868 1548; baseline 0.001 -10"><span class='ocrx_word' id='word_1_120' title='bbox 130 1510 154 1526; x_wconf 85' lang='lat'><strong>“</strong></span> <span class='ocrx_word' id='word_1_121' title='bbox 170 1507 352 1545; x_wconf 88' lang='lat' dir='ltr'>discedunt;</span> <span class='ocrx_word' id='word_1_122' title='bbox 376 1507 473 1546; x_wconf 89' lang='lat' dir='ltr'>unde,</span> <span class='ocrx_word' id='word_1_123' title='bbox 491 1508 551 1538; x_wconf 87' lang='lat' dir='ltr'>nisi</span> <span class='ocrx_word' id='word_1_124' title='bbox 567 1518 605 1538; x_wconf 79' lang='lat' dir='ltr'>ex</span> <span class='ocrx_word' id='word_1_125' title='bbox 621 1508 747 1539; x_wconf 84' lang='lat' dir='ltr'>infinito</span> <span class='ocrx_word' id='word_1_126' title='bbox 767 1510 868 1548; x_wconf 85' lang='lat' dir='ltr'>spatio</span> 
     </span>
     <span class='ocr_line' id='line_1_22' title="bbox 130 1558 869 1600; baseline 0.004 -13"><span class='ocrx_word' id='word_1_127' title='bbox 130 1561 152 1577; x_wconf 84' lang='lat'><strong>“</strong></span> <span class='ocrx_word' id='word_1_128' title='bbox 171 1558 218 1588; x_wconf 88' lang='lat' dir='ltr'>vis</span> <span class='ocrx_word' id='word_1_129' title='bbox 244 1558 369 1588; x_wconf 83' lang='lat' dir='ltr'>infinita</span> <span class='ocrx_word' id='word_1_130' title='bbox 397 1559 536 1588; x_wconf 81' lang='lat' dir='ltr'>materiae</span> <span class='ocrx_word' id='word_1_131' title='bbox 552 1559 591 1589; x_wconf 89' lang='lat' dir='ltr'>ad</span> <span class='ocrx_word' id='word_1_132' title='bbox 607 1559 785 1590; x_wconf 85' lang='lat' dir='ltr'>efficiendas</span> <span class='ocrx_word' id='word_1_133' title='bbox 799 1560 869 1600; x_wconf 89' lang='lat' dir='ltr'>pla-</span> 
     </span>
     <span class='ocr_line' id='line_1_23' title="bbox 131 1610 868 1652; baseline 0.004 -13"><span class='ocrx_word' id='word_1_134' title='bbox 131 1613 154 1628; x_wconf 88' lang='lat'><strong>“</strong></span> <span class='ocrx_word' id='word_1_135' title='bbox 171 1619 227 1650; x_wconf 87' lang='lat' dir='ltr'>gas</span> <span class='ocrx_word' id='word_1_136' title='bbox 244 1610 418 1650; x_wconf 84' lang='lat' dir='ltr'>genetrices</span> <span class='ocrx_word' id='word_1_137' title='bbox 434 1610 568 1640; x_wconf 89' lang='lat' dir='ltr'>subinde</span> <span class='ocrx_word' id='word_1_138' title='bbox 584 1610 728 1649; x_wconf 85' lang='lat' dir='ltr'>oriretur,</span> <span class='ocrx_word' id='word_1_139' title='bbox 745 1622 792 1642; x_wconf 88' lang='lat' dir='ltr'>res</span> <span class='ocrx_word' id='word_1_140' title='bbox 799 1612 868 1652; x_wconf 85' lang='lat' dir='ltr'>jam</span> 
     </span>
     <span class='ocr_line' id='line_1_24' title="bbox 130 1660 866 1700; baseline 0.004 -10"><span class='ocrx_word' id='word_1_141' title='bbox 130 1663 154 1679; x_wconf 84' lang='lat'>“</span> <span class='ocrx_word' id='word_1_142' title='bbox 172 1660 293 1691; x_wconf 84' lang='lat' dir='ltr'>coalitae</span> <span class='ocrx_word' id='word_1_143' title='bbox 316 1662 379 1692; x_wconf 92' lang='lat' dir='ltr'>cito</span> <span class='ocrx_word' id='word_1_144' title='bbox 394 1660 585 1700; x_wconf 86' lang='lat' dir='ltr'>diffluerent,</span> <span class='ocrx_word' id='word_1_145' title='bbox 611 1669 641 1692; x_wconf 86' lang='lat' dir='ltr'>et</span> <span class='ocrx_word' id='word_1_146' title='bbox 657 1673 706 1692; x_wconf 89' lang='lat' dir='ltr'>res</span> <span class='ocrx_word' id='word_1_147' title='bbox 722 1663 866 1694; x_wconf 91' lang='lat' dir='ltr'>nondum</span> 
     </span>
     <span class='ocr_line' id='line_1_25' title="bbox 132 1714 864 1757; baseline 0.004 -13"><span class='ocrx_word' id='word_1_148' title='bbox 132 1717 155 1732; x_wconf 83' lang='lat'>“</span> <span class='ocrx_word' id='word_1_149' title='bbox 171 1714 295 1744; x_wconf 84' lang='lat' dir='ltr'>coalitae</span> <span class='ocrx_word' id='word_1_150' title='bbox 325 1715 359 1744; x_wconf 92' lang='lat' dir='ltr'>in</span> <span class='ocrx_word' id='word_1_151' title='bbox 391 1721 546 1745; x_wconf 84' lang='lat' dir='ltr'>aeternum</span> <span class='ocrx_word' id='word_1_152' title='bbox 577 1716 864 1757; x_wconf 83' lang='lat' dir='ltr'>disjungerentur.”</span> 
     </span>
     <span class='ocr_line' id='line_1_26' title="bbox 134 1764 867 1809; baseline 0.004 -13"><span class='ocrx_word' id='word_1_153' title='bbox 134 1764 201 1796; x_wconf 88' lang='lat' dir='ltr'>Hic</span> <span class='ocrx_word' id='word_1_154' title='bbox 218 1772 264 1796; x_wconf 90' lang='lat' dir='ltr'>est</span> <span class='ocrx_word' id='word_1_155' title='bbox 279 1768 459 1807; x_wconf 85' lang='lat' dir='ltr'>argumenti</span> <span class='ocrx_word' id='word_1_156' title='bbox 477 1778 600 1806; x_wconf 90' lang='lat' dir='ltr'>scopus,</span> <span class='ocrx_word' id='word_1_157' title='bbox 624 1769 758 1799; x_wconf 81' lang='lat' dir='ltr'>breviter</span> <span class='ocrx_word' id='word_1_158' title='bbox 773 1780 867 1809; x_wconf 82' lang='lat' dir='ltr'>expo-</span> 
     </span>
     <span class='ocr_line' id='line_1_27' title="bbox 132 1818 869 1859; baseline 0.007 -12"><span class='ocrx_word' id='word_1_159' title='bbox 132 1818 196 1856; x_wconf 83' lang='lat' dir='ltr'>siti,</span> <span class='ocrx_word' id='word_1_160' title='bbox 223 1829 264 1848; x_wconf 89' lang='lat' dir='ltr'>ne</span> <span class='ocrx_word' id='word_1_161' title='bbox 290 1819 415 1849; x_wconf 91' lang='lat' dir='ltr'>lectoris</span> <span class='ocrx_word' id='word_1_162' title='bbox 440 1820 578 1850; x_wconf 85' lang='lat' dir='ltr'>acumini</span> <span class='ocrx_word' id='word_1_163' title='bbox 603 1831 716 1859; x_wconf 90' lang='lat' dir='ltr'>parum</span> <span class='ocrx_word' id='word_1_164' title='bbox 732 1821 869 1852; x_wconf 85' lang='lat' dir='ltr'>tribuere</span> 
     </span>
     <span class='ocr_line' id='line_1_28' title="bbox 135 1868 310 1899; baseline 0.011 -2"><span class='ocrx_word' id='word_1_165' title='bbox 135 1868 310 1899; x_wconf 88' lang='lat' dir='ltr'>videamur.</span> 
     </span>
    </p>

    <p class='ocr_par' dir='ltr' id='par_1_9' title="bbox 137 1920 870 2011">
     <span class='ocr_line' id='line_1_29' title="bbox 179 1920 870 1963; baseline 0.009 -14"><span class='ocrx_word' id='word_1_166' title='bbox 179 1920 256 1949; x_wconf 87' lang='lat' dir='ltr'>Ver.</span> <span class='ocrx_word' id='word_1_167' title='bbox 278 1923 368 1950; x_wconf 79' lang='lat'>1042.</span> <span class='ocrx_word' id='word_1_168' title='bbox 384 1932 499 1952; x_wconf 83' lang='lat' dir='ltr'>omnem</span> <span class='ocrx_word' id='word_1_169' title='bbox 518 1933 734 1963; x_wconf 76' lang='lat' dir='ltr'>quoequomque</span> <span class='ocrx_word' id='word_1_170' title='bbox 750 1930 810 1954; x_wconf 83' lang='lat' dir='ltr'>est:</span> <span class='ocrx_word' id='word_1_171' title='bbox 829 1925 870 1956; x_wconf 83' lang='lat' dir='ltr'>V.</span> 
     </span>
     <span class='ocr_line' id='line_1_30' title="bbox 137 1970 523 2011; baseline 0.008 -11"><span class='ocrx_word' id='word_1_172' title='bbox 137 1970 184 2001; x_wconf 84' lang='lat' dir='ltr'>ed.</span> <span class='ocrx_word' id='word_1_173' title='bbox 201 1982 288 2002; x_wconf 83' lang='lat' dir='ltr'>omne</span> <span class='ocrx_word' id='word_1_174' title='bbox 303 1983 373 2011; x_wconf 81' lang='lat' dir='ltr'>quae</span> <span class='ocrx_word' id='word_1_175' title='bbox 387 1983 454 2002; x_wconf 85' lang='lat' dir='ltr'>cum</span> <span class='ocrx_word' id='word_1_176' title='bbox 471 1979 523 2003; x_wconf 83' lang='lat' dir='ltr'>est.</span> 
     </span>
    </p>

    <p class='ocr_par' dir='ltr' id='par_1_10' title="bbox 132 2021 868 2208">
     <span class='ocr_line' id='line_1_31' title="bbox 180 2021 867 2066; baseline 0.006 -14"><span class='ocrx_word' id='word_1_177' title='bbox 180 2021 262 2052; x_wconf 88' lang='lat' dir='ltr'>Ibid.</span> <span class='ocrx_word' id='word_1_178' title='bbox 285 2025 468 2054; x_wconf 68' lang='lat' dir='ltr'>conciliata:</span> <span class='ocrx_word' id='word_1_179' title='bbox 495 2024 514 2054; x_wconf 91' lang='lat' dir='ltr'>i.</span> <span class='ocrx_word' id='word_1_180' title='bbox 537 2034 563 2054; x_wconf 91' lang='lat' dir='ltr'>e.</span> <span class='ocrx_word' id='word_1_181' title='bbox 588 2030 867 2066; x_wconf 86' lang='lat' dir='ltr'>coacta—congre-</span> 
     </span>
     <span class='ocr_line' id='line_1_32' title="bbox 134 2074 868 2116; baseline 0.004 -13"><span class='ocrx_word' id='word_1_182' title='bbox 134 2074 286 2114; x_wconf 84' lang='lat' dir='ltr'>gata—in</span> <span class='ocrx_word' id='word_1_183' title='bbox 309 2076 475 2105; x_wconf 79' lang='lat' dir='ltr'>concilium</span> <span class='ocrx_word' id='word_1_184' title='bbox 501 2081 622 2113; x_wconf 79' lang='lat' dir='ltr'>vocata3</span> <span class='ocrx_word' id='word_1_185' title='bbox 646 2075 753 2106; x_wconf 87' lang='lat' dir='ltr'>videas</span> <span class='ocrx_word' id='word_1_186' title='bbox 774 2087 868 2116; x_wconf 90' lang='lat' dir='ltr'>supra</span> 
     </span>
     <span class='ocr_line' id='line_1_33' title="bbox 132 2127 866 2168; baseline 0.007 -14"><span class='ocrx_word' id='word_1_187' title='bbox 132 2135 208 2155; x_wconf 87' lang='lat' dir='ltr'>verr.</span> <span class='ocrx_word' id='word_1_188' title='bbox 240 2129 308 2156; x_wconf 82' lang='grc'><strong>184.</strong></span> <span class='ocrx_word' id='word_1_189' title='bbox 333 2129 408 2157; x_wconf 79' lang='grc'><strong><em>485.</em></strong></span> <span class='ocrx_word' id='word_1_190' title='bbox 433 2129 506 2157; x_wconf 88' lang='lat'>518.</span> <span class='ocrx_word' id='word_1_191' title='bbox 553 2127 720 2168; x_wconf 84' lang='lat' dir='ltr'>Virgilius,</span> <span class='ocrx_word' id='word_1_192' title='bbox 746 2129 823 2160; x_wconf 88' lang='lat' dir='ltr'>AEn.</span> <span class='ocrx_word' id='word_1_193' title='bbox 839 2140 866 2159; x_wconf 82' lang='lat' dir='ltr'>x.</span> 
     </span>
     <span class='ocr_line' id='line_1_34' title="bbox 138 2180 208 2208; baseline 0.014 -1"><span class='ocrx_word' id='word_1_194' title='bbox 138 2180 208 2208; x_wconf 89' lang='lat'>150.</span> 
     </span>
    </p>
   </div>
   <div class='ocr_carea' id='block_1_9' title="bbox 194 2262 815 2330">
    <p class='ocr_par' dir='ltr' id='par_1_11' title="bbox 194 2262 815 2330">
     <span class='ocr_line' id='line_1_35' title="bbox 576 2262 815 2288; baseline 0.008 -2"><span class='ocrx_word' id='word_1_195' title='bbox 576 2262 728 2287; x_wconf 83' lang='lat' dir='ltr'>Mezentius</span> <span class='ocrx_word' id='word_1_196' title='bbox 740 2269 815 2288; x_wconf 86' lang='lat' dir='ltr'>arma</span> 
     </span>
     <span class='ocr_line' id='line_1_36' title="bbox 194 2300 466 2330; baseline 0.011 -7"><span class='ocrx_word' id='word_1_197' title='bbox 194 2300 263 2330; x_wconf 76' lang='lat' dir='ltr'>Qua:</span> <span class='ocrx_word' id='word_1_198' title='bbox 274 2300 323 2324; x_wconf 84' lang='lat' dir='ltr'>sibi</span> <span class='ocrx_word' id='word_1_199' title='bbox 333 2301 447 2325; x_wconf 78' lang='lat' dir='ltr'>conciliet</span> <span class='ocrx_word' id='word_1_200' title='bbox 457 2310 466 2326; x_wconf 93' lang='lat'><em>:</em></span> 
     </span>
    </p>
   </div>
   <div class='ocr_carea' id='block_1_10' title="bbox 133 2370 872 2988">
    <p class='ocr_par' dir='ltr' id='par_1_12' title="bbox 133 2370 868 2555">
     <span class='ocr_line' id='line_1_37' title="bbox 133 2370 866 2411; baseline 0.012 -12"><span class='ocrx_word' id='word_1_201' title='bbox 133 2370 156 2400; x_wconf 92' lang='lat' dir='ltr'>i.</span> <span class='ocrx_word' id='word_1_202' title='bbox 173 2380 198 2400; x_wconf 80' lang='lat' dir='ltr'>e.</span> <span class='ocrx_word' id='word_1_203' title='bbox 222 2370 427 2411; x_wconf 86' lang='lat' dir='ltr'>colligat—in</span> <span class='ocrx_word' id='word_1_204' title='bbox 454 2383 557 2403; x_wconf 91' lang='lat' dir='ltr'>unum</span> <span class='ocrx_word' id='word_1_205' title='bbox 578 2382 715 2406; x_wconf 84' lang='lat' dir='ltr'>convocet</span> <span class='ocrx_word' id='word_1_206' title='bbox 721 2391 732 2411; x_wconf 85' lang='lat'>,·</span> <span class='ocrx_word' id='word_1_207' title='bbox 763 2387 781 2406; x_wconf 91' lang='lat' dir='ltr'>a</span> <span class='ocrx_word' id='word_1_208' title='bbox 801 2379 866 2408; x_wconf 81' lang='lat' dir='ltr'>calo</span> 
     </span>
     <span class='ocr_line' id='line_1_38' title="bbox 133 2423 868 2463; baseline 0.011 -12"><span class='ocrx_word' id='word_1_209' title='bbox 133 2428 274 2452; x_wconf 80' lang='lat' dir='ltr'>vetemm</span> <span class='ocrx_word' id='word_1_210' title='bbox 306 2423 539 2463; x_wconf 84' lang='lat' dir='ltr'>Romanorum,</span> <span class='ocrx_word' id='word_1_211' title='bbox 581 2427 727 2457; x_wconf 83' lang='lat' dir='ltr'>Graecam</span> <span class='ocrx_word' id='word_1_212' title='bbox 759 2438 868 2459; x_wconf 80' lang='lat' dir='ltr'>vocem</span> 
     </span>
     <span class='ocr_line' id='line_1_39' title="bbox 133 2472 867 2519; baseline 0.011 -18"><span class='ocrx_word' id='word_1_213' title='bbox 133 2472 365 2512; x_wconf 88' lang='lat' dir='ltr'>adoptantium,</span> <span class='ocrx_word' id='word_1_214' title='bbox 392 2480 429 2504; x_wconf 89' lang='lat' dir='ltr'>ut</span> <span class='ocrx_word' id='word_1_215' title='bbox 452 2475 573 2514; x_wconf 90' lang='lat' dir='ltr'>placere</span> <span class='ocrx_word' id='word_1_216' title='bbox 597 2477 740 2518; x_wconf 87' lang='lat' dir='ltr'>intelligo</span> <span class='ocrx_word' id='word_1_217' title='bbox 763 2489 867 2519; x_wconf 88' lang='lat' dir='ltr'>gram-</span> 
     </span>
     <span class='ocr_line' id='line_1_40' title="bbox 135 2524 420 2555; baseline 0.004 -2"><span class='ocrx_word' id='word_1_218' title='bbox 135 2524 323 2554; x_wconf 87' lang='lat' dir='ltr'>maticorum</span> <span class='ocrx_word' id='word_1_219' title='bbox 339 2525 420 2555; x_wconf 90' lang='lat' dir='ltr'>filiis.</span> 
     </span>
    </p>

    <p class='ocr_par' dir='ltr' id='par_1_13' title="bbox 135 2577 870 2763">
     <span class='ocr_line' id='line_1_41' title="bbox 178 2577 870 2619; baseline 0.01 -13"><span class='ocrx_word' id='word_1_220' title='bbox 178 2577 254 2607; x_wconf 82' lang='lat' dir='ltr'>Ver.</span> <span class='ocrx_word' id='word_1_221' title='bbox 274 2580 365 2608; x_wconf 79' lang='lat'>1045.</span> <span class='ocrx_word' id='word_1_222' title='bbox 383 2584 521 2617; x_wconf 82' lang='lat' dir='ltr'>partem:</span> <span class='ocrx_word' id='word_1_223' title='bbox 550 2585 589 2609; x_wconf 89' lang='grc' dir='ltr'>Π.</span> <span class='ocrx_word' id='word_1_224' title='bbox 600 2587 723 2619; x_wconf 78' lang='lat' dir='ltr'>portam</span> <span class='ocrx_word' id='word_1_225' title='bbox 731 2596 742 2616; x_wconf 88' lang='lat'><em>;</em></span> <span class='ocrx_word' id='word_1_226' title='bbox 769 2583 870 2613; x_wconf 84' lang='lat' dir='ltr'>Faber</span> 
     </span>
     <span class='ocr_line' id='line_1_42' title="bbox 135 2628 863 2670; baseline 0.011 -12"><span class='ocrx_word' id='word_1_227' title='bbox 135 2634 166 2658; x_wconf 86' lang='lat' dir='ltr'>et</span> <span class='ocrx_word' id='word_1_228' title='bbox 195 2628 361 2659; x_wconf 84' lang='lat' dir='ltr'>Bentleius</span> <span class='ocrx_word' id='word_1_229' title='bbox 390 2629 537 2660; x_wconf 86' lang='lat' dir='ltr'>videntur</span> <span class='ocrx_word' id='word_1_230' title='bbox 561 2634 680 2670; x_wconf 81' lang='lat' dir='ltr'>partim</span> <span class='ocrx_word' id='word_1_231' title='bbox 704 2634 863 2666; x_wconf 82' lang='lat' dir='ltr'>maluisse:</span> 
     </span>
     <span class='ocr_line' id='line_1_43' title="bbox 136 2681 869 2718; baseline 0.011 -8"><span class='ocrx_word' id='word_1_232' title='bbox 136 2690 193 2710; x_wconf 90' lang='lat' dir='ltr'>nos</span> <span class='ocrx_word' id='word_1_233' title='bbox 221 2681 301 2711; x_wconf 88' lang='lat' dir='ltr'>nihil</span> <span class='ocrx_word' id='word_1_234' title='bbox 324 2682 556 2713; x_wconf 85' lang='lat' dir='ltr'>demutandum</span> <span class='ocrx_word' id='word_1_235' title='bbox 586 2694 652 2714; x_wconf 89' lang='lat' dir='ltr'>esse</span> <span class='ocrx_word' id='word_1_236' title='bbox 674 2686 742 2716; x_wconf 91' lang='lat' dir='ltr'>sine</span> <span class='ocrx_word' id='word_1_237' title='bbox 763 2687 869 2718; x_wconf 83' lang='lat' dir='ltr'>fructu</span> 
     </span>
     <span class='ocr_line' id='line_1_44' title="bbox 138 2731 333 2763; baseline 0.01 -2"><span class='ocrx_word' id='word_1_238' title='bbox 138 2731 333 2763; x_wconf 80' lang='lat' dir='ltr'>arbitramur.</span> 
     </span>
    </p>

    <p class='ocr_par' dir='ltr' id='par_1_14' title="bbox 137 2784 872 2988">
     <span class='ocr_line' id='line_1_45' title="bbox 178 2784 869 2829; baseline 0.01 -15"><span class='ocrx_word' id='word_1_239' title='bbox 178 2784 253 2815; x_wconf 92' lang='lat' dir='ltr'>Ver.</span> <span class='ocrx_word' id='word_1_240' title='bbox 281 2789 371 2816; x_wconf 87' lang='lat'>1044.</span> <span class='ocrx_word' id='word_1_241' title='bbox 408 2787 462 2817; x_wconf 88' lang='lat' dir='ltr'>Sic</span> <span class='ocrx_word' id='word_1_242' title='bbox 485 2787 656 2818; x_wconf 82' lang='lat' dir='ltr'>Terentius</span> <span class='ocrx_word' id='word_1_243' title='bbox 686 2789 720 2818; x_wconf 91' lang='lat' dir='ltr'>in</span> <span class='ocrx_word' id='word_1_244' title='bbox 748 2790 869 2829; x_wconf 66' lang='lat' dir='ltr'>passiva</span> 
     </span>
     <span class='ocr_line' id='line_1_46' title="bbox 138 2833 870 2880; baseline 0.012 -17"><span class='ocrx_word' id='word_1_245' title='bbox 138 2833 240 2866; x_wconf 70' lang='lat' dir='ltr'>forma</span> <span class='ocrx_word' id='word_1_246' title='bbox 253 2840 340 2876; x_wconf 84' lang='lat' dir='ltr'>quita</span> <span class='ocrx_word' id='word_1_247' title='bbox 355 2845 398 2869; x_wconf 81' lang='lat' dir='ltr'>est</span> <span class='ocrx_word' id='word_1_248' title='bbox 426 2839 553 2880; x_wconf 89' lang='lat' dir='ltr'>antique</span> <span class='ocrx_word' id='word_1_249' title='bbox 580 2839 670 2879; x_wconf 81' lang='lat' dir='ltr'>dixit,</span> <span class='ocrx_word' id='word_1_250' title='bbox 689 2841 770 2872; x_wconf 90' lang='lat' dir='ltr'>Hec.</span> <span class='ocrx_word' id='word_1_251' title='bbox 786 2843 825 2872; x_wconf 92' lang='lat' dir='ltr'>iv.</span> <span class='ocrx_word' id='word_1_252' title='bbox 842 2846 870 2873; x_wconf 86' lang='lat'>1.</span> 
     </span>
     <span class='ocr_line' id='line_1_47' title="bbox 139 2889 871 2930; baseline 0.015 -14"><span class='ocrx_word' id='word_1_253' title='bbox 139 2891 190 2917; x_wconf 77' lang='lat'>57.</span> <span class='ocrx_word' id='word_1_254' title='bbox 213 2889 268 2919; x_wconf 87' lang='lat' dir='ltr'>ubi</span> <span class='ocrx_word' id='word_1_255' title='bbox 281 2891 374 2930; x_wconf 85' lang='lat' dir='ltr'>plura</span> <span class='ocrx_word' id='word_1_256' title='bbox 390 2892 477 2924; x_wconf 91' lang='lat' dir='ltr'>dabit</span> <span class='ocrx_word' id='word_1_257' title='bbox 492 2894 739 2926; x_wconf 86' lang='lat' dir='ltr'>Westerhovius:</span> <span class='ocrx_word' id='word_1_258' title='bbox 765 2896 871 2927; x_wconf 85' lang='lat' dir='ltr'>videas</span> 
     </span>
     <span class='ocr_line' id='line_1_48' title="bbox 137 2938 872 2988; baseline 0.016 -20"><span class='ocrx_word' id='word_1_259' title='bbox 137 2938 234 2970; x_wconf 78' lang='lat' dir='ltr'>etiam</span> <span class='ocrx_word' id='word_1_260' title='bbox 265 2941 395 2975; x_wconf 65' lang='lat' dir='ltr'>Festum</span> <span class='ocrx_word' id='word_1_261' title='bbox 418 2945 452 2976; x_wconf 89' lang='lat' dir='ltr'>in</span> <span class='ocrx_word' id='word_1_262' title='bbox 484 2945 614 2978; x_wconf 86' lang='lat' dir='ltr'>vocibus</span> <span class='ocrx_word' id='word_1_263' title='bbox 642 2949 812 2988; x_wconf 77' lang='lat' dir='ltr'>Nequitum</span> <span class='ocrx_word' id='word_1_264' title='bbox 840 2954 872 2980; x_wconf 88' lang='lat' dir='ltr'>et</span> 
     </span>
    </p>
   </div>
   <div class='ocr_carea' id='block_1_11' title="bbox 908 836 1642 1138">
    <p class='ocr_par' dir='ltr' id='par_1_15' title="bbox 908 836 1642 1138">
     <span class='ocr_line' id='line_1_49' title="bbox 908 836 1638 880; baseline 0.004 -12"><span class='ocrx_word' id='word_1_265' title='bbox 908 839 1064 878; x_wconf 77' lang='lat' dir='ltr'>nequitur,</span> <span class='ocrx_word' id='word_1_266' title='bbox 1081 847 1155 868; x_wconf 90' lang='lat' dir='ltr'>cum</span> <span class='ocrx_word' id='word_1_267' title='bbox 1173 836 1280 868; x_wconf 83' lang='lat' dir='ltr'>Cortio</span> <span class='ocrx_word' id='word_1_268' title='bbox 1295 836 1334 867; x_wconf 88' lang='lat' dir='ltr'>ad</span> <span class='ocrx_word' id='word_1_269' title='bbox 1352 837 1476 869; x_wconf 88' lang='lat' dir='ltr'>Sallust.</span> <span class='ocrx_word' id='word_1_270' title='bbox 1497 838 1520 870; x_wconf 89' lang='lat' dir='ltr'><strong>J</strong></span> <span class='ocrx_word' id='word_1_271' title='bbox 1522 849 1572 880; x_wconf 89' lang='lat' dir='ltr'>ug.</span> <span class='ocrx_word' id='word_1_272' title='bbox 1588 843 1638 872; x_wconf 84' lang='lat'>31.</span> 
     </span>
     <span class='ocr_line' id='line_1_50' title="bbox 909 890 1640 932; baseline 0.005 -12"><span class='ocrx_word' id='word_1_273' title='bbox 909 894 937 920; x_wconf 88' lang='lat'>8.</span> <span class='ocrx_word' id='word_1_274' title='bbox 983 890 1095 930; x_wconf 87' lang='lat' dir='ltr'>Dictys</span> <span class='ocrx_word' id='word_1_275' title='bbox 1111 891 1281 928; x_wconf 84' lang='lat' dir='ltr'>Cretensis,</span> <span class='ocrx_word' id='word_1_276' title='bbox 1298 891 1329 921; x_wconf 91' lang='lat' dir='ltr'>ii.</span> <span class='ocrx_word' id='word_1_277' title='bbox 1347 894 1396 921; x_wconf 80' lang='lat'>21.</span> <span class='ocrx_word' id='word_1_278' title='bbox 1427 895 1449 910; x_wconf 83' lang='lat'><strong>“</strong></span> <span class='ocrx_word' id='word_1_279' title='bbox 1466 891 1640 932; x_wconf 85' lang='lat' dir='ltr'>Imperfec-</span> 
     </span>
     <span class='ocr_line' id='line_1_51' title="bbox 910 941 1642 984; baseline 0.007 -13"><span class='ocrx_word' id='word_1_280' title='bbox 910 945 932 960; x_wconf 87' lang='lat'>“</span> <span class='ocrx_word' id='word_1_281' title='bbox 949 941 981 972; x_wconf 61' lang='lat' dir='ltr'>ta</span> <span class='ocrx_word' id='word_1_282' title='bbox 998 942 1095 982; x_wconf 86' lang='lat' dir='ltr'>igitur</span> <span class='ocrx_word' id='word_1_283' title='bbox 1115 953 1160 980; x_wconf 89' lang='lat' dir='ltr'>re,</span> <span class='ocrx_word' id='word_1_284' title='bbox 1184 950 1220 972; x_wconf 85' lang='lat' dir='ltr'>ut</span> <span class='ocrx_word' id='word_1_285' title='bbox 1235 942 1356 982; x_wconf 87' lang='lat' dir='ltr'>opinor,</span> <span class='ocrx_word' id='word_1_286' title='bbox 1374 953 1566 984; x_wconf 88' lang='lat' dir='ltr'>consequens</span> <span class='ocrx_word' id='word_1_287' title='bbox 1580 946 1642 977; x_wconf 77' lang='lat' dir='ltr'>fuit</span> 
     </span>
     <span class='ocr_line' id='line_1_52' title="bbox 910 994 1640 1035; baseline 0.007 -12"><span class='ocrx_word' id='word_1_288' title='bbox 910 997 932 1012; x_wconf 90' lang='lat'><strong>“</strong></span> <span class='ocrx_word' id='word_1_289' title='bbox 949 1004 1038 1023; x_wconf 85' lang='lat' dir='ltr'>arma</span> <span class='ocrx_word' id='word_1_290' title='bbox 1062 1004 1187 1034; x_wconf 88' lang='lat' dir='ltr'>capere;</span> <span class='ocrx_word' id='word_1_291' title='bbox 1217 994 1333 1035; x_wconf 89' lang='lat' dir='ltr'>jusque</span> <span class='ocrx_word' id='word_1_292' title='bbox 1360 1005 1414 1034; x_wconf 88' lang='lat' dir='ltr'>per</span> <span class='ocrx_word' id='word_1_293' title='bbox 1443 997 1507 1026; x_wconf 88' lang='lat' dir='ltr'>vim</span> <span class='ocrx_word' id='word_1_294' title='bbox 1537 1004 1640 1028; x_wconf 85' lang='lat' dir='ltr'>extor-</span> 
     </span>
     <span class='ocr_line' id='line_1_53' title="bbox 910 1046 1642 1089; baseline 0.008 -14"><span class='ocrx_word' id='word_1_295' title='bbox 910 1049 930 1064; x_wconf 89' lang='lat'><strong>“</strong></span> <span class='ocrx_word' id='word_1_296' title='bbox 947 1056 1054 1086; x_wconf 89' lang='lat' dir='ltr'>quere,</span> <span class='ocrx_word' id='word_1_297' title='bbox 1081 1046 1166 1086; x_wconf 91' lang='lat' dir='ltr'>quod</span> <span class='ocrx_word' id='word_1_298' title='bbox 1186 1047 1286 1076; x_wconf 87' lang='lat' dir='ltr'>amice</span> <span class='ocrx_word' id='word_1_299' title='bbox 1302 1047 1468 1085; x_wconf 83' lang='lat' dir='ltr'>impetrare</span> <span class='ocrx_word' id='word_1_300' title='bbox 1483 1051 1642 1089; x_wconf 79' lang='lat' dir='ltr'>nequitum</span> 
     </span>
     <span class='ocr_line' id='line_1_54' title="bbox 909 1096 1474 1138; baseline 0.005 -11"><span class='ocrx_word' id='word_1_301' title='bbox 909 1100 930 1115; x_wconf 89' lang='lat'><strong>“</strong></span> <span class='ocrx_word' id='word_1_302' title='bbox 945 1096 1019 1128; x_wconf 77' lang='lat' dir='ltr'>est.&#39;&#39;</span> <span class='ocrx_word' id='word_1_303' title='bbox 1066 1097 1257 1135; x_wconf 87' lang='lat' dir='ltr'>Priscianus,</span> <span class='ocrx_word' id='word_1_304' title='bbox 1274 1098 1387 1138; x_wconf 85' lang='lat' dir='ltr'>perieg.</span> <span class='ocrx_word' id='word_1_305' title='bbox 1400 1102 1474 1130; x_wconf 83' lang='lat'>417.</span> 
     </span>
    </p>
   </div>
   <div class='ocr_carea' id='block_1_12' title="bbox 908 1179 1644 2100">
    <p class='ocr_par' dir='ltr' id='par_1_16' title="bbox 908 1179 1644 2100">
     <span class='ocr_line' id='line_1_55' title="bbox 941 1179 1630 1214; baseline 0.006 -11"><span class='ocrx_word' id='word_1_306' title='bbox 941 1179 990 1203; x_wconf 85' lang='lat' dir='ltr'>Hic</span> <span class='ocrx_word' id='word_1_307' title='bbox 1002 1179 1074 1203; x_wconf 85' lang='lat' dir='ltr'>nasci</span> <span class='ocrx_word' id='word_1_308' title='bbox 1086 1179 1214 1210; x_wconf 87' lang='lat' dir='ltr'>lapidem,</span> <span class='ocrx_word' id='word_1_309' title='bbox 1227 1179 1282 1210; x_wconf 88' lang='lat' dir='ltr'>qui,</span> <span class='ocrx_word' id='word_1_310' title='bbox 1295 1182 1369 1204; x_wconf 88' lang='lat' dir='ltr'>tacto</span> <span class='ocrx_word' id='word_1_311' title='bbox 1382 1187 1508 1205; x_wconf 85' lang='lat' dir='ltr'>accensus</span> <span class='ocrx_word' id='word_1_312' title='bbox 1520 1182 1552 1206; x_wconf 91' lang='lat' dir='ltr'>ab</span> <span class='ocrx_word' id='word_1_313' title='bbox 1563 1182 1630 1214; x_wconf 81' lang='lat' dir='ltr'>igni,</span> 
     </span>
     <span class='ocr_line' id='line_1_56' title="bbox 941 1218 1229 1250; baseline 0.003 -8"><span class='ocrx_word' id='word_1_314' title='bbox 941 1219 1083 1250; x_wconf 81' lang='lat' dir='ltr'>Exstingui</span> <span class='ocrx_word' id='word_1_315' title='bbox 1093 1218 1229 1250; x_wconf 78' lang='lat' dir='ltr'>nequitur.-</span> 
     </span>
     <span class='ocr_line' id='line_1_57' title="bbox 911 1281 1641 1325; baseline 0.007 -14"><span class='ocrx_word' id='word_1_316' title='bbox 911 1292 981 1322; x_wconf 91' lang='lat' dir='ltr'>quae</span> <span class='ocrx_word' id='word_1_317' title='bbox 997 1281 1082 1311; x_wconf 85' lang='lat' dir='ltr'>fideli</span> <span class='ocrx_word' id='word_1_318' title='bbox 1109 1291 1183 1312; x_wconf 88' lang='lat' dir='ltr'>cum</span> <span class='ocrx_word' id='word_1_319' title='bbox 1207 1281 1371 1323; x_wconf 68' lang='lat' dir='ltr'>diligentia</span> <span class='ocrx_word' id='word_1_320' title='bbox 1393 1293 1412 1312; x_wconf 86' lang='lat' dir='ltr'>a</span> <span class='ocrx_word' id='word_1_321' title='bbox 1430 1283 1548 1320; x_wconf 87' lang='lat' dir='ltr'>Solino,</span> <span class='ocrx_word' id='word_1_322' title='bbox 1575 1295 1641 1325; x_wconf 87' lang='lat' dir='ltr'>cap.</span> 
     </span>
     <span class='ocr_line' id='line_1_58' title="bbox 909 1334 1642 1377; baseline 0.007 -14"><span class='ocrx_word' id='word_1_323' title='bbox 909 1334 973 1365; x_wconf 85' lang='lat' dir='ltr'>xiii.</span> <span class='ocrx_word' id='word_1_324' title='bbox 1004 1340 1169 1364; x_wconf 83' lang='lat' dir='ltr'>mutuatus</span> <span class='ocrx_word' id='word_1_325' title='bbox 1200 1340 1254 1365; x_wconf 85' lang='lat' dir='ltr'>est.</span> <span class='ocrx_word' id='word_1_326' title='bbox 1300 1335 1482 1372; x_wconf 81' lang='lat' dir='ltr'>Diomedes,</span> <span class='ocrx_word' id='word_1_327' title='bbox 1508 1346 1642 1377; x_wconf 87' lang='lat' dir='ltr'>gramm.</span> 
     </span>
     <span class='ocr_line' id='line_1_59' title="bbox 908 1385 1643 1426; baseline 0.007 -10"><span class='ocrx_word' id='word_1_328' title='bbox 908 1387 963 1417; x_wconf 92' lang='lat' dir='ltr'>lib.</span> <span class='ocrx_word' id='word_1_329' title='bbox 982 1386 1001 1416; x_wconf 90' lang='lat' dir='ltr'>i.</span> <span class='ocrx_word' id='word_1_330' title='bbox 1026 1397 1056 1426; x_wconf 90' lang='lat' dir='ltr'>p.</span> <span class='ocrx_word' id='word_1_331' title='bbox 1071 1390 1144 1417; x_wconf 79' lang='lat'>380.</span> <span class='ocrx_word' id='word_1_332' title='bbox 1168 1385 1312 1426; x_wconf 82' lang='lat' dir='ltr'>exempla</span> <span class='ocrx_word' id='word_1_333' title='bbox 1334 1387 1465 1426; x_wconf 87' lang='lat' dir='ltr'>protulit</span> <span class='ocrx_word' id='word_1_334' title='bbox 1487 1399 1525 1418; x_wconf 85' lang='lat' dir='ltr'>ex</span> <span class='ocrx_word' id='word_1_335' title='bbox 1543 1390 1643 1421; x_wconf 84' lang='lat' dir='ltr'>Accio</span> 
     </span>
     <span class='ocr_line' id='line_1_60' title="bbox 909 1438 1627 1481; baseline 0.006 -12"><span class='ocrx_word' id='word_1_336' title='bbox 909 1445 940 1469; x_wconf 86' lang='lat' dir='ltr'>et</span> <span class='ocrx_word' id='word_1_337' title='bbox 959 1438 1097 1477; x_wconf 85' lang='lat' dir='ltr'>Caecilio,</span> <span class='ocrx_word' id='word_1_338' title='bbox 1114 1441 1218 1480; x_wconf 79' lang='lat' dir='ltr'>quitus</span> <span class='ocrx_word' id='word_1_339' title='bbox 1234 1450 1310 1475; x_wconf 85' lang='lat' dir='ltr'>sum,</span> <span class='ocrx_word' id='word_1_340' title='bbox 1327 1446 1494 1480; x_wconf 74' lang='lat' dir='ltr'>queantur,</span> <span class='ocrx_word' id='word_1_341' title='bbox 1511 1444 1627 1481; x_wconf 82' lang='lat' dir='ltr'>quitur.</span> 
     </span>
     <span class='ocr_line' id='line_1_61' title="bbox 954 1490 1595 1524; baseline 0.006 -4"><span class='ocrx_word' id='word_1_342' title='bbox 954 1490 1032 1520; x_wconf 90' lang='lat' dir='ltr'>Ver.</span> <span class='ocrx_word' id='word_1_343' title='bbox 1054 1493 1145 1521; x_wconf 80' lang='lat'>1045.</span> <span class='ocrx_word' id='word_1_344' title='bbox 1170 1493 1352 1521; x_wconf 83' lang='lat' dir='ltr'>Interdum:</span> <span class='ocrx_word' id='word_1_345' title='bbox 1378 1491 1418 1521; x_wconf 87' lang='lat' dir='ltr'>V.</span> <span class='ocrx_word' id='word_1_346' title='bbox 1435 1491 1482 1522; x_wconf 87' lang='lat' dir='ltr'>ed.</span> <span class='ocrx_word' id='word_1_347' title='bbox 1498 1494 1595 1524; x_wconf 82' lang='lat' dir='ltr'>Inter.</span> 
     </span>
     <span class='ocr_line' id='line_1_62' title="bbox 956 1540 1642 1582; baseline 0.009 -12"><span class='ocrx_word' id='word_1_348' title='bbox 956 1540 1029 1571; x_wconf 89' lang='lat' dir='ltr'>Ver.</span> <span class='ocrx_word' id='word_1_349' title='bbox 1049 1545 1140 1572; x_wconf 82' lang='lat'>1046.</span> <span class='ocrx_word' id='word_1_350' title='bbox 1167 1544 1360 1582; x_wconf 74' lang='lat' dir='ltr'>Principiis:</span> <span class='ocrx_word' id='word_1_351' title='bbox 1387 1542 1430 1573; x_wconf 89' lang='lat' dir='ltr'>sic</span> <span class='ocrx_word' id='word_1_352' title='bbox 1458 1548 1492 1574; x_wconf 92' lang='grc' dir='ltr'>Δ.</span> <span class='ocrx_word' id='word_1_353' title='bbox 1520 1549 1552 1576; x_wconf 80' lang='grc' dir='ltr'>Σ.</span> <span class='ocrx_word' id='word_1_354' title='bbox 1569 1545 1642 1576; x_wconf 90' lang='lat' dir='ltr'>reli-</span> 
     </span>
     <span class='ocr_line' id='line_1_63' title="bbox 911 1591 1641 1636; baseline 0.008 -15"><span class='ocrx_word' id='word_1_355' title='bbox 911 1591 978 1632; x_wconf 89' lang='lat' dir='ltr'>qui,</span> <span class='ocrx_word' id='word_1_356' title='bbox 1003 1594 1220 1632; x_wconf 78' lang='lat' dir='ltr'>Principz&#39;um;</span> <span class='ocrx_word' id='word_1_357' title='bbox 1250 1594 1288 1624; x_wconf 91' lang='lat' dir='ltr'>G.</span> <span class='ocrx_word' id='word_1_358' title='bbox 1324 1599 1443 1632; x_wconf 89' lang='lat' dir='ltr'>autem,</span> <span class='ocrx_word' id='word_1_359' title='bbox 1467 1597 1641 1636; x_wconf 79' lang='lat' dir='ltr'>Principio.</span> 
     </span>
     <span class='ocr_line' id='line_1_64' title="bbox 915 1643 1642 1688; baseline 0.008 -16"><span class='ocrx_word' id='word_1_360' title='bbox 915 1644 954 1673; x_wconf 89' lang='lat' dir='ltr'>G.</span> <span class='ocrx_word' id='word_1_361' title='bbox 978 1643 1068 1680; x_wconf 83' lang='lat' dir='ltr'>Quid</span> <span class='ocrx_word' id='word_1_362' title='bbox 1084 1644 1151 1673; x_wconf 87' lang='lat' dir='ltr'>haec</span> <span class='ocrx_word' id='word_1_363' title='bbox 1163 1644 1222 1674; x_wconf 89' lang='lat' dir='ltr'>sibi</span> <span class='ocrx_word' id='word_1_364' title='bbox 1234 1644 1341 1681; x_wconf 86' lang='lat' dir='ltr'>velint,</span> <span class='ocrx_word' id='word_1_365' title='bbox 1352 1645 1498 1676; x_wconf 89' lang='lat' dir='ltr'>hariolari</span> <span class='ocrx_word' id='word_1_366' title='bbox 1509 1657 1642 1688; x_wconf 77' lang='lat' dir='ltr'>nequeo,</span> 
     </span>
     <span class='ocr_line' id='line_1_65' title="bbox 911 1697 1644 1738; baseline 0.01 -11"><span class='ocrx_word' id='word_1_367' title='bbox 911 1697 972 1727; x_wconf 91' lang='lat' dir='ltr'>nisi</span> <span class='ocrx_word' id='word_1_368' title='bbox 996 1697 1080 1738; x_wconf 92' lang='lat' dir='ltr'>quod</span> <span class='ocrx_word' id='word_1_369' title='bbox 1107 1698 1171 1728; x_wconf 89' lang='lat' dir='ltr'>veri</span> <span class='ocrx_word' id='word_1_370' title='bbox 1187 1698 1329 1729; x_wconf 90' lang='lat' dir='ltr'>videatur</span> <span class='ocrx_word' id='word_1_371' title='bbox 1343 1699 1456 1738; x_wconf 82' lang='lat' dir='ltr'>simile,</span> <span class='ocrx_word' id='word_1_372' title='bbox 1480 1702 1644 1735; x_wconf 85' lang='lat' dir='ltr'>varietates</span> 
     </span>
     <span class='ocr_line' id='line_1_66' title="bbox 911 1750 1644 1792; baseline 0.01 -13"><span class='ocrx_word' id='word_1_373' title='bbox 911 1750 985 1780; x_wconf 77' lang='lat' dir='ltr'>istas</span> <span class='ocrx_word' id='word_1_374' title='bbox 994 1752 1187 1790; x_wconf 79' lang='lat' dir='ltr'>principium</span> <span class='ocrx_word' id='word_1_375' title='bbox 1204 1757 1235 1781; x_wconf 88' lang='lat' dir='ltr'>et</span> <span class='ocrx_word' id='word_1_376' title='bbox 1249 1754 1407 1791; x_wconf 53' lang='lat' dir='ltr'>princzjnio</span> <span class='ocrx_word' id='word_1_377' title='bbox 1423 1761 1644 1792; x_wconf 84' lang='lat' dir='ltr'>repraesentare</span> 
     </span>
     <span class='ocr_line' id='line_1_67' title="bbox 913 1803 1644 1847; baseline 0.007 -14"><span class='ocrx_word' id='word_1_378' title='bbox 913 1803 1060 1842; x_wconf 86' lang='lat' dir='ltr'>voluisse,</span> <span class='ocrx_word' id='word_1_379' title='bbox 1091 1804 1116 1833; x_wconf 87' lang='lat' dir='ltr'>si</span> <span class='ocrx_word' id='word_1_380' title='bbox 1147 1804 1263 1834; x_wconf 83' lang='lat' dir='ltr'>librarii</span> <span class='ocrx_word' id='word_1_381' title='bbox 1288 1815 1352 1835; x_wconf 87' lang='lat' dir='ltr'>non</span> <span class='ocrx_word' id='word_1_382' title='bbox 1382 1807 1585 1847; x_wconf 85' lang='lat' dir='ltr'>aberrassent,</span> <span class='ocrx_word' id='word_1_383' title='bbox 1610 1824 1644 1842; x_wconf 65' lang='grc' dir='ltr'>φ.</span> 
     </span>
     <span class='ocr_line' id='line_1_68' title="bbox 914 1856 1642 1898; baseline 0.008 -13"><span class='ocrx_word' id='word_1_384' title='bbox 914 1856 1058 1897; x_wconf 72' lang='grc' dir='ltr'><em>αρχαῖκον</em></span> <span class='ocrx_word' id='word_1_385' title='bbox 1076 1858 1275 1896; x_wconf 77' lang='lat' dir='ltr'>principium,</span> <span class='ocrx_word' id='word_1_386' title='bbox 1303 1856 1322 1886; x_wconf 87' lang='lat' dir='ltr'>i.</span> <span class='ocrx_word' id='word_1_387' title='bbox 1346 1867 1370 1887; x_wconf 88' lang='lat' dir='ltr'>e.</span> <span class='ocrx_word' id='word_1_388' title='bbox 1391 1860 1642 1898; x_wconf 77' lang='lat' dir='ltr'>principiorum.-</span> 
     </span>
     <span class='ocr_line' id='line_1_69' title="bbox 914 1905 1643 1948; baseline 0.005 -14"><span class='ocrx_word' id='word_1_389' title='bbox 914 1905 984 1935; x_wconf 79' lang='lat' dir='ltr'>vide</span> <span class='ocrx_word' id='word_1_390' title='bbox 1000 1906 1040 1936; x_wconf 89' lang='lat' dir='ltr'>ad</span> <span class='ocrx_word' id='word_1_391' title='bbox 1054 1917 1115 1937; x_wconf 80' lang='lat' dir='ltr'>ver.</span> <span class='ocrx_word' id='word_1_392' title='bbox 1133 1910 1204 1937; x_wconf 88' lang='lat'>884.</span> <span class='ocrx_word' id='word_1_393' title='bbox 1242 1906 1431 1948; x_wconf 86' lang='lat' dir='ltr'>Elegantem</span> <span class='ocrx_word' id='word_1_394' title='bbox 1448 1909 1520 1939; x_wconf 81' lang='lat' dir='ltr'>satis</span> <span class='ocrx_word' id='word_1_395' title='bbox 1534 1921 1643 1942; x_wconf 90' lang='lat' dir='ltr'>emen-</span> 
     </span>
     <span class='ocr_line' id='line_1_70' title="bbox 913 1957 1644 2004; baseline 0.004 -17"><span class='ocrx_word' id='word_1_396' title='bbox 913 1957 1074 1988; x_wconf 84' lang='lat' dir='ltr'>dationem</span> <span class='ocrx_word' id='word_1_397' title='bbox 1090 1959 1161 1996; x_wconf 90' lang='lat' dir='ltr'>loci,</span> <span class='ocrx_word' id='word_1_398' title='bbox 1177 1959 1251 1988; x_wconf 90' lang='lat' dir='ltr'>hinc</span> <span class='ocrx_word' id='word_1_399' title='bbox 1267 1969 1405 1997; x_wconf 85' lang='lat' dir='ltr'>exorsus,</span> <span class='ocrx_word' id='word_1_400' title='bbox 1417 1961 1562 1999; x_wconf 85' lang='lat' dir='ltr'>expedire</span> <span class='ocrx_word' id='word_1_401' title='bbox 1573 1965 1644 2004; x_wconf 85' lang='lat' dir='ltr'>qui..</span> 
     </span>
     <span class='ocr_line' id='line_1_71' title="bbox 911 2009 1644 2052; baseline 0.011 -14"><span class='ocrx_word' id='word_1_402' title='bbox 911 2009 1025 2047; x_wconf 80' lang='lat' dir='ltr'>verim3</span> <span class='ocrx_word' id='word_1_403' title='bbox 1041 2009 1095 2039; x_wconf 90' lang='lat' dir='ltr'>sed</span> <span class='ocrx_word' id='word_1_404' title='bbox 1107 2010 1254 2040; x_wconf 87' lang='lat' dir='ltr'>audacior</span> <span class='ocrx_word' id='word_1_405' title='bbox 1263 2016 1320 2048; x_wconf 89' lang='lat' dir='ltr'>est,</span> <span class='ocrx_word' id='word_1_406' title='bbox 1332 2022 1429 2051; x_wconf 89' lang='lat' dir='ltr'>quam</span> <span class='ocrx_word' id='word_1_407' title='bbox 1437 2022 1508 2052; x_wconf 91' lang='lat' dir='ltr'>quae</span> <span class='ocrx_word' id='word_1_408' title='bbox 1519 2014 1644 2047; x_wconf 84' lang='lat' dir='ltr'>admitti</span> 
     </span>
     <span class='ocr_line' id='line_1_72' title="bbox 912 2059 1641 2100; baseline 0.007 -11"><span class='ocrx_word' id='word_1_409' title='bbox 912 2059 1033 2098; x_wconf 83' lang='lat' dir='ltr'>debeat,</span> <span class='ocrx_word' id='word_1_410' title='bbox 1055 2060 1098 2090; x_wconf 88' lang='lat' dir='ltr'>sic</span> <span class='ocrx_word' id='word_1_411' title='bbox 1122 2061 1206 2091; x_wconf 91' lang='lat' dir='ltr'>nude</span> <span class='ocrx_word' id='word_1_412' title='bbox 1229 2061 1340 2100; x_wconf 89' lang='lat' dir='ltr'>posita,</span> <span class='ocrx_word' id='word_1_413' title='bbox 1367 2069 1398 2092; x_wconf 85' lang='lat' dir='ltr'>et</span> <span class='ocrx_word' id='word_1_414' title='bbox 1421 2064 1518 2094; x_wconf 87' lang='lat' dir='ltr'>nullis</span> <span class='ocrx_word' id='word_1_415' title='bbox 1540 2076 1641 2097; x_wconf 89' lang='lat' dir='ltr'>mem..</span> 
     </span>
    </p>
   </div>
   <div class='ocr_carea' id='block_1_13' title="bbox 911 2113 1641 2202">
    <p class='ocr_par' dir='ltr' id='par_1_17' title="bbox 911 2113 1641 2202">
     <span class='ocr_line' id='line_1_73' title="bbox 911 2113 1641 2154; baseline 0.004 -12"><span class='ocrx_word' id='word_1_416' title='bbox 911 2114 1080 2143; x_wconf 85' lang='lat' dir='ltr'>branarum</span> <span class='ocrx_word' id='word_1_417' title='bbox 1104 2113 1274 2154; x_wconf 84' lang='lat' dir='ltr'>suffragiis,</span> <span class='ocrx_word' id='word_1_418' title='bbox 1304 2120 1360 2144; x_wconf 84' lang='lat' dir='ltr'>aut</span> <span class='ocrx_word' id='word_1_419' title='bbox 1389 2121 1530 2147; x_wconf 85' lang='lat' dir='ltr'>veterum</span> <span class='ocrx_word' id='word_1_420' title='bbox 1556 2120 1641 2151; x_wconf 83' lang='lat' dir='ltr'>testi-</span> 
     </span>
     <span class='ocr_line' id='line_1_74' title="bbox 911 2163 1176 2202; baseline 0.004 -9"><span class='ocrx_word' id='word_1_421' title='bbox 911 2163 1039 2202; x_wconf 85' lang='lat' dir='ltr'>moniis,</span> <span class='ocrx_word' id='word_1_422' title='bbox 1054 2164 1176 2194; x_wconf 87' lang='lat' dir='ltr'>innixa:</span> 
     </span>
    </p>
   </div>
   <div class='ocr_carea' id='block_1_14' title="bbox 942 2249 1580 2283">
    <p class='ocr_par' dir='ltr' id='par_1_18' title="bbox 942 2249 1580 2283">
     <span class='ocr_line' id='line_1_75' title="bbox 942 2249 1580 2283; baseline 0.009 -10"><span class='ocrx_word' id='word_1_423' title='bbox 942 2249 1084 2274; x_wconf 81' lang='lat' dir='ltr'>Interdum</span> <span class='ocrx_word' id='word_1_424' title='bbox 1096 2250 1193 2275; x_wconf 83' lang='lat' dir='ltr'>resilire</span> <span class='ocrx_word' id='word_1_425' title='bbox 1205 2254 1298 2275; x_wconf 88' lang='lat' dir='ltr'>tamen</span> <span class='ocrx_word' id='word_1_426' title='bbox 1308 2254 1454 2283; x_wconf 81' lang='lat' dir='ltr'>coguntur,</span> <span class='ocrx_word' id='word_1_427' title='bbox 1463 2256 1491 2278; x_wconf 85' lang='lat' dir='ltr'>et</span> <span class='ocrx_word' id='word_1_428' title='bbox 1501 2254 1580 2279; x_wconf 83' lang='lat' dir='ltr'>undae</span> 
     </span>
    </p>
   </div>
   <div class='ocr_carea' id='block_1_15' title="bbox 941 2291 1596 2363">
    <p class='ocr_par' dir='ltr' id='par_1_19' title="bbox 941 2291 1596 2363">
     <span class='ocr_line' id='line_1_76' title="bbox 941 2291 1596 2328; baseline 0.009 -14"><span class='ocrx_word' id='word_1_429' title='bbox 941 2291 1099 2323; x_wconf 75' lang='lat' dir='ltr'>Principiam</span> <span class='ocrx_word' id='word_1_430' title='bbox 1111 2295 1205 2316; x_wconf 76' lang='lat' dir='ltr'>certum</span> <span class='ocrx_word' id='word_1_431' title='bbox 1217 2292 1334 2324; x_wconf 84' lang='lat' dir='ltr'>spatium</span> <span class='ocrx_word' id='word_1_432' title='bbox 1346 2296 1508 2325; x_wconf 87' lang='lat' dir='ltr'>tempusque</span> <span class='ocrx_word' id='word_1_433' title='bbox 1518 2295 1596 2328; x_wconf 71' lang='lat' dir='ltr'>fugai</span> 
     </span>
     <span class='ocr_line' id='line_1_77' title="bbox 941 2332 1054 2363; baseline 0 -8"><span class='ocrx_word' id='word_1_434' title='bbox 941 2332 1054 2363; x_wconf 85' lang='lat' dir='ltr'>Largiri.</span> 
     </span>
    </p>
   </div>
   <div class='ocr_carea' id='block_1_16' title="bbox 911 2406 1643 2602">
    <p class='ocr_par' dir='ltr' id='par_1_20' title="bbox 911 2406 1643 2602">
     <span class='ocr_line' id='line_1_78' title="bbox 911 2406 1643 2447; baseline 0.012 -12"><span class='ocrx_word' id='word_1_435' title='bbox 911 2406 1036 2436; x_wconf 88' lang='lat' dir='ltr'>Passim</span> <span class='ocrx_word' id='word_1_436' title='bbox 1050 2406 1189 2446; x_wconf 87' lang='lat' dir='ltr'>loquitur</span> <span class='ocrx_word' id='word_1_437' title='bbox 1199 2407 1289 2446; x_wconf 68' lang='lat' dir='ltr'>poe&#39;ta</span> <span class='ocrx_word' id='word_1_438' title='bbox 1299 2407 1338 2438; x_wconf 93' lang='lat' dir='ltr'>de</span> <span class='ocrx_word' id='word_1_439' title='bbox 1347 2409 1526 2447; x_wconf 85' lang='lat' dir='ltr'>primordiis</span> <span class='ocrx_word' id='word_1_440' title='bbox 1536 2423 1643 2445; x_wconf 82' lang='lat' dir='ltr'>rerum</span> 
     </span>
     <span class='ocr_line' id='line_1_79' title="bbox 911 2460 1643 2504; baseline 0.011 -16"><span class='ocrx_word' id='word_1_441' title='bbox 911 2465 942 2489; x_wconf 91' lang='lat' dir='ltr'>et</span> <span class='ocrx_word' id='word_1_442' title='bbox 957 2460 1178 2490; x_wconf 88' lang='lat' dir='ltr'>minutissimis</span> <span class='ocrx_word' id='word_1_443' title='bbox 1199 2471 1364 2500; x_wconf 87' lang='lat' dir='ltr'>corporum</span> <span class='ocrx_word' id='word_1_444' title='bbox 1391 2463 1561 2502; x_wconf 86' lang='lat' dir='ltr'>particulis,</span> <span class='ocrx_word' id='word_1_445' title='bbox 1588 2476 1643 2504; x_wconf 90' lang='lat' dir='ltr'>per</span> 
     </span>
     <span class='ocr_line' id='line_1_80' title="bbox 911 2511 1641 2556; baseline 0.011 -16"><span class='ocrx_word' id='word_1_446' title='bbox 911 2511 1063 2541; x_wconf 85' lang='lat' dir='ltr'>vocabula</span> <span class='ocrx_word' id='word_1_447' title='bbox 1089 2522 1107 2541; x_wconf 94' lang='lat' dir='ltr'>a</span> <span class='ocrx_word' id='word_1_448' title='bbox 1122 2514 1240 2553; x_wconf 81' lang='lat' dir='ltr'>fluidis</span> <span class='ocrx_word' id='word_1_449' title='bbox 1265 2514 1426 2552; x_wconf 82' lang='lat' dir='ltr'>translata;</span> <span class='ocrx_word' id='word_1_450' title='bbox 1451 2522 1542 2556; x_wconf 89' lang='lat' dir='ltr'>atque</span> <span class='ocrx_word' id='word_1_451' title='bbox 1566 2517 1641 2548; x_wconf 90' lang='lat' dir='ltr'>Vir-</span> 
     </span>
     <span class='ocr_line' id='line_1_81' title="bbox 911 2560 1396 2602; baseline 0.01 -13"><span class='ocrx_word' id='word_1_452' title='bbox 911 2560 1067 2601; x_wconf 86' lang='lat' dir='ltr'>gilianum</span> <span class='ocrx_word' id='word_1_453' title='bbox 1081 2561 1172 2599; x_wconf 82' lang='lat' dir='ltr'>illud,</span> <span class='ocrx_word' id='word_1_454' title='bbox 1189 2572 1258 2602; x_wconf 85' lang='lat' dir='ltr'>geo.</span> <span class='ocrx_word' id='word_1_455' title='bbox 1274 2563 1306 2593; x_wconf 90' lang='lat' dir='ltr'>ii.</span> <span class='ocrx_word' id='word_1_456' title='bbox 1322 2567 1396 2594; x_wconf 75' lang='lat'>462.</span> 
     </span>
    </p>
   </div>
   <div class='ocr_carea' id='block_1_17' title="bbox 945 2628 1611 2664">
    <p class='ocr_par' dir='ltr' id='par_1_21' title="bbox 945 2628 1611 2664">
     <span class='ocr_line' id='line_1_82' title="bbox 945 2628 1611 2664; baseline 0.009 -12"><span class='ocrx_word' id='word_1_457' title='bbox 945 2629 1024 2653; x_wconf 84' lang='lat' dir='ltr'>Mane</span> <span class='ocrx_word' id='word_1_458' title='bbox 1035 2628 1201 2653; x_wconf 85' lang='lat' dir='ltr'>salutantum</span> <span class='ocrx_word' id='word_1_459' title='bbox 1216 2629 1280 2653; x_wconf 84' lang='lat' dir='ltr'>totis</span> <span class='ocrx_word' id='word_1_460' title='bbox 1292 2630 1379 2654; x_wconf 88' lang='lat' dir='ltr'>vomit</span> <span class='ocrx_word' id='word_1_461' title='bbox 1390 2631 1493 2656; x_wconf 83' lang='lat' dir='ltr'>aedibus</span> <span class='ocrx_word' id='word_1_462' title='bbox 1504 2633 1611 2664; x_wconf 84' lang='lat' dir='ltr'>undam,</span> 
     </span>
    </p>
   </div>
   <div class='ocr_carea' id='block_1_18' title="bbox 911 2689 1644 2995">
    <p class='ocr_par' dir='ltr' id='par_1_22' title="bbox 911 2689 1644 2995">
     <span class='ocr_line' id='line_1_83' title="bbox 911 2689 1644 2733; baseline 0.011 -16"><span class='ocrx_word' id='word_1_463' title='bbox 911 2699 969 2727; x_wconf 88' lang='lat' dir='ltr'>pro</span> <span class='ocrx_word' id='word_1_464' title='bbox 978 2689 1133 2719; x_wconf 66' lang='lat' dir='ltr'>immensa</span> <span class='ocrx_word' id='word_1_465' title='bbox 1144 2689 1357 2726; x_wconf 89' lang='lat' dir='ltr'>multitudine,</span> <span class='ocrx_word' id='word_1_466' title='bbox 1368 2701 1478 2722; x_wconf 90' lang='lat' dir='ltr'>omnes</span> <span class='ocrx_word' id='word_1_467' title='bbox 1486 2693 1644 2733; x_wconf 79' lang='lat' dir='ltr'>novimus3</span> 
     </span>
     <span class='ocr_line' id='line_1_84' title="bbox 913 2741 1642 2785; baseline 0.01 -15"><span class='ocrx_word' id='word_1_468' title='bbox 913 2747 945 2771; x_wconf 86' lang='lat' dir='ltr'>et</span> <span class='ocrx_word' id='word_1_469' title='bbox 974 2741 1168 2780; x_wconf 81' lang='lat' dir='ltr'>posterioreS,</span> <span class='ocrx_word' id='word_1_470' title='bbox 1206 2751 1245 2771; x_wconf 88' lang='lat' dir='ltr'>ne</span> <span class='ocrx_word' id='word_1_471' title='bbox 1285 2742 1414 2773; x_wconf 87' lang='lat' dir='ltr'>Graecos</span> <span class='ocrx_word' id='word_1_472' title='bbox 1443 2744 1642 2785; x_wconf 81' lang='lat' dir='ltr'>advocemus,</span> 
     </span>
     <span class='ocr_line' id='line_1_85' title="bbox 913 2795 1643 2837; baseline 0.012 -15"><span class='ocrx_word' id='word_1_473' title='bbox 913 2795 994 2823; x_wconf 89' lang='lat' dir='ltr'>hanc</span> <span class='ocrx_word' id='word_1_474' title='bbox 1010 2795 1224 2833; x_wconf 86' lang='lat' dir='ltr'>metaphoram</span> <span class='ocrx_word' id='word_1_475' title='bbox 1239 2796 1381 2826; x_wconf 85' lang='lat' dir='ltr'>certatim</span> <span class='ocrx_word' id='word_1_476' title='bbox 1395 2798 1569 2837; x_wconf 87' lang='lat' dir='ltr'>arripuisse.</span> <span class='ocrx_word' id='word_1_477' title='bbox 1600 2801 1643 2831; x_wconf 87' lang='lat' dir='ltr'>In</span> 
     </span>
     <span class='ocr_line' id='line_1_86' title="bbox 913 2846 1643 2890; baseline 0.011 -15"><span class='ocrx_word' id='word_1_478' title='bbox 913 2846 963 2876; x_wconf 89' lang='lat' dir='ltr'>his</span> <span class='ocrx_word' id='word_1_479' title='bbox 985 2852 1092 2876; x_wconf 85' lang='lat' dir='ltr'>autem</span> <span class='ocrx_word' id='word_1_480' title='bbox 1114 2853 1239 2886; x_wconf 87' lang='lat' dir='ltr'>tempus</span> <span class='ocrx_word' id='word_1_481' title='bbox 1261 2858 1446 2880; x_wconf 90' lang='lat' dir='ltr'>consumere</span> <span class='ocrx_word' id='word_1_482' title='bbox 1468 2861 1534 2882; x_wconf 91' lang='lat' dir='ltr'>non</span> <span class='ocrx_word' id='word_1_483' title='bbox 1556 2852 1643 2890; x_wconf 81' lang='lat' dir='ltr'>libet,</span> 
     </span>
     <span class='ocr_line' id='line_1_87' title="bbox 914 2899 1644 2943; baseline 0.01 -16"><span class='ocrx_word' id='word_1_484' title='bbox 914 2904 945 2927; x_wconf 86' lang='lat' dir='ltr'>et</span> <span class='ocrx_word' id='word_1_485' title='bbox 970 2899 1109 2928; x_wconf 84' lang='lat' dir='ltr'>contenti</span> <span class='ocrx_word' id='word_1_486' title='bbox 1139 2909 1248 2929; x_wconf 88' lang='lat' dir='ltr'>sumus</span> <span class='ocrx_word' id='word_1_487' title='bbox 1277 2910 1370 2940; x_wconf 89' lang='lat' dir='ltr'>super</span> <span class='ocrx_word' id='word_1_488' title='bbox 1395 2901 1516 2943; x_wconf 85' lang='lat' dir='ltr'>ingenii</span> <span class='ocrx_word' id='word_1_489' title='bbox 1546 2904 1644 2934; x_wconf 83' lang='lat' dir='ltr'>nostn&#39;</span> 
     </span>
     <span class='ocr_line' id='line_1_88' title="bbox 913 2949 1644 2995; baseline 0.008 -16"><span class='ocrx_word' id='word_1_490' title='bbox 913 2949 1087 2981; x_wconf 84' lang='lat' dir='ltr'>tentamine</span> <span class='ocrx_word' id='word_1_491' title='bbox 1115 2950 1281 2983; x_wconf 79' lang='lat' dir='ltr'>arbitrium</span> <span class='ocrx_word' id='word_1_492' title='bbox 1306 2952 1472 2985; x_wconf 83' lang='lat' dir='ltr'>doctorum</span> <span class='ocrx_word' id='word_1_493' title='bbox 1497 2954 1644 2995; x_wconf 75' lang='lat' dir='ltr'>experiri,</span> 
     </span>
    </p>
   </div>
  </div>
 </body>
</html>
