1894 3253
226 263 285 301 lo

713 255 773 303 T.
832 254 1223 303 LUCRETII

366 386 713 442 Frundiferasque
742 386 888 428 domos
917 386 1069 437 avium,
1102 402 1350 444 camposque
1378 389 1583 441 virenteis,

280 465 335 501 ‘20
367 461 573 502 Omnibus
602 460 804 502 incutiens
832 460 1031 502 blandum
1059 476 1135 517 per
1163 470 1331 517 pectora
1359 477 1557 514 amorem,

367 534 531 584 Ecficis‚
564 542 610 575 ut
640 534 788 590 cupide
816 535 1045 592 generatim
1075 536 1180 578 secla
1207 545 1452 594 propagent.

426 609 535 658 Quae
564 610 760 665 quoniam
790 626 928 652 rerum
957 618 1149 652 naturam
1179 612 1264 653 sola
1292 612 1512 669 gubernas,

227 761 247 777 κ
262 756 436 797 prostravit,
452 755 625 797 avertitque
635 766 727 786 cutsu
744 758 872 797 rapidos
885 768 951 787 απι-

226 814 248 829 “
264 822 325 846 nes,
342 820 429 840 mare
443 809 628 839 fluminibus
641 809 789 840 invexit.”
821 810 865 839 Et
880 819 954 839 con-

220 862 349 902 jecturae
360 872 440 892 meae
449 860 662 901 suffragantur
676 860 797 890 codices
808 860 954 890 emenda-

225 915 347 945 tissimi.
391 913 511 954 Vulgo,
534 915 654 953 rapido.
701 912 749 943 0!
777 912 874 942 duras
899 922 956 942 au-

226 976 275 996 res
290 964 549 1000 Drakenborchii‚
573 964 686 1004 quibus
700 963 787 993 haud
802 962 958 1003 impinge-

226 1023 273 1046 ret
287 1017 429 1057 ingratus
443 1015 599 1046 vocalium
622 1015 752 1045 istarum
774 1014 953 1044 intolerabi-

228 1067 267 1097 lis
280 1068 384 1098 hiatus
396 1069 402 1099 !

270 1119 344 1149 Ver.
372 1123 418 1150 16.
464 1119 584 1148 Versus
606 1124 693 1149 extra
716 1117 958 1149 controversiam

229 1171 425 1201 adulterinus
440 1177 472 1200 et
482 1170 642 1208 insititius,
658 1181 753 1210 quem
765 1180 829 1200 non
844 1179 956 1209 agnos-

234 1229 310 1252 cunt
326 1223 363 1253 P.
381 1222 420 1252 V.
436 1222 483 1252 ed.
496 1223 533 1253 B.
550 1228 585 1253 Δ.
603 1229 644 1252 Π.
662 1227 696 1253 Σ.
711 1229 755 1253 Ω.
771 1232 874 1262 neque
889 1221 958 1261 qui-

231 1275 276 1305 vis
291 1275 383 1312 alius,
399 1274 521 1314 opinor,
538 1274 652 1304 codex:
679 1274 822 1315 ideoque,
839 1280 874 1303 ut
884 1273 956 1313 reji-

231 1326 341 1356 culum
368 1326 508 1362 omnino,
539 1326 665 1355 uncinis
690 1325 960 1364 circumscriptum

231 1378 400 1408 voluimus.
453 1377 541 1407 Alibi
568 1387 632 1407 non
659 1377 803 1407 adhibuit
827 1377 960 1406 vocabu-

232 1429 302 1460 lum
318 1432 462 1461 illecebris
478 1429 659 1466 Lucretius;
681 1440 738 1459 nec
753 1435 860 1459 tamen
879 1428 961 1458 mul-

232 1487 303 1511 tum
332 1481 427 1512 velim
456 1481 530 1511 huic
556 1487 744 1521 argumento
767 1481 961 1510 attributum.

232 1535 372 1574 Egomet
401 1533 504 1563 hercle
534 1533 614 1562 nihil
638 1533 782 1563 omnium
813 1532 961 1572 liquidius

233 1592 429 1626 perspectum
443 1586 552 1621 habeo,
569 1595 664 1625 quam
682 1585 876 1615 occasionem
894 1594 961 1614 cor-

233 1637 371 1676 ruptelae.
404 1637 519 1667 Coram
530 1636 628 1666 oculis
639 1646 793 1676 ponamus
805 1636 963 1666 sincerum

234 1689 356 1720 Iocum:

618 1748 656 1772 ita
667 1751 745 1779 capta
755 1748 846 1779 lepore

234 1789 278 1812 Te
289 1787 409 1818 sequitur
416 1787 523 1818 cupide,
530 1794 584 1818 quo
592 1794 728 1818 quamque
734 1787 861 1812 inducere
869 1787 963 1819 pergis.

236 1837 401 1868 Librarius
424 1847 536 1876 nempe
563 1847 627 1867 non
650 1837 753 1876 potuit
774 1847 968 1877 concoquere

237 1888 319 1918 illud
342 1900 493 1929 quamque
520 1888 629 1926 serius,
658 1895 689 1918 et
714 1895 802 1919 extra
825 1888 968 1918 ordinem

239 1950 344 1978 suum,
361 1940 496 1970 veniens.

239 1991 342 2032 Atqui
364 1991 498 2021 eandem
520 1991 784 2022 constructionem
802 1992 871 2032 jam
884 1991 969 2022 dedit

239 2044 331 2083 po'eta
345 2043 385 2073 ad
399 2043 444 2073 iii.
466 2046 560 2074 1052.

255 2102 389 2133 Denique,
398 2102 568 2126 Democritum
577 2106 637 2134 post
646 2109 728 2134 quam
737 2106 843 2127 matura
851 2106 970 2128 vetustas

256 2143 408 2169 Admonuit
419 2150 570 2168 memorem
580 2147 670 2167 motus
681 2143 851 2175 languescere
862 2144 971 2174 mentis,

259 2185 360 2215 Sponte
371 2183 417 2207 sua
429 2183 484 2208 leto
497 2187 579 2215 caput
590 2184 683 2208 obvius
694 2183 791 2208 obtulit
802 2184 866 2215 ipse.

245 2232 384 2262 Rectum
413 2232 530 2262 scilicet
557 2232 661 2262 fuerat
690 2234 903 2263 Democritus:
943 2239 973 2263 et

243 2284 367 2314 tantilla
381 2294 432 2314 res
453 2283 503 2313 vel
518 2283 696 2314 acutissimo
712 2283 858 2314 Bentleio
872 2284 976 2315 fraudi

242 2337 313 2367 fuit.
361 2336 449 2372 Quid
463 2334 592 2366 autem?
618 2336 643 2365 si
659 2342 689 2366 et
711 2336 844 2366 alterum
868 2347 974 2367 exem-

245 2388 335 2428 plum
351 2397 522 2427 apposuero
537 2387 571 2416 in
580 2397 613 2416 re
624 2387 908 2428 pervulgatissima,
922 2398 973 2419 ve-

245 2441 374 2470 niamne
400 2439 549 2470 concedet
577 2438 692 2471 lector?
731 2439 857 2471 Terent.
889 2441 974 2472 And.

244 2493 322 2531 prol.
340 2496 368 2523 2.

279 2553 309 2575 ld
322 2552 369 2575 sibi
380 2551 481 2583 negotii
492 2550 605 2576 credidit
615 2550 702 2575 solum
713 2550 779 2581 dari,

278 2592 377 2623 Populo
389 2596 420 2616 ut
429 2592 576 2623 placerent,
587 2598 650 2623 quas
661 2590 764 2616 fecisset
772 2591 889 2623 fabulas.

249 2639 405 2670 Inserviet
431 2641 527 2671 etiam
551 2641 643 2671 nobis
668 2641 746 2671 alter
770 2641 857 2672 locus
878 2641 976 2681 ipsius

252 2692 338 2729 Cari,
353 2692 427 2721 huic
442 2693 631 2732 simillimus,
647 2693 678 2723 ii.
690 2696 763 2724 518.

274 2750 416 2782 Lanigerae
424 2755 530 2782 reptant
536 2751 652 2783 pecudes,
658 2758 712 2783 quo
720 2758 844 2784 quamque
851 2757 977 2778 vocantes

274 2791 395 2815 Invitant
406 2789 571 2815 herbae-—z

252 2846 283 2872 et
298 2850 372 2870 mox
387 2840 530 2877 veniens,
543 2840 582 2869 ad
591 2851 654 2871 ver.
671 2845 684 2871 1
693 2844 742 2872 71.

283 2909 350 2934 Inde
360 2909 503 2938 enascitur,
514 2911 597 2939 atque
607 2915 664 2933 oras
675 2909 702 2933 in
713 2910 820 2936 luminis
831 2910 901 2941 exit,

283 2957 407 2984 Materies
418 2957 464 2982 ubi
473 2957 542 2982 inest
551 2956 686 2989 quoiusque
695 2966 704 2983 .·

997 757 1018 788 i.
1034 767 1060 787 e.
1078 760 1100 775 ‘³
1112 760 1246 799 quidque
1263 759 1431 796 enascitur,
1447 758 1503 789 ubi
1517 759 1586 799 ejus
1600 765 1646 790 est
1660 770 1727 791 ma·

999 813 1023 828 “
1040 810 1162 840 teries,”

1044 862 1118 893 Ver.
1145 866 1192 893 17.
1216 864 1252 894 P.
1269 863 1308 893 B.
1325 869 1356 894 et
1372 870 1417 894 Ω.
1434 874 1490 903 pro
1505 876 1562 904 quo
1578 876 1731 905 quamque

1001 913 1080 943 dant
1095 926 1292 955 quocunque:
1311 915 1434 946 frustra.
1480 915 1576 945 Unde
1584 926 1658 946 vero
1674 916 1729 946 Pi-

1001 975 1040 994 us
1054 966 1199 996 habuerit
1220 977 1315 996 suum
1329 969 1466 1007 quodque
1488 967 1593 998 versus
1612 971 1658 999 15.
1674 978 1730 1008 pro

1000 1023 1102 1056 capta,
1118 1016 1228 1047 nullus
1243 1017 1386 1048 dixerim.

1044 1068 1120 1098 Ver.
1153 1072 1202 1099 18.
1220 1070 1396 1110 fluviosque
1421 1071 1571 1109 rapaceis.

1001 1130 1069 1160 geo.
1086 1120 1130 1150 iii.
1150 1124 1220 1151 142.

1282 1171 1435 1203 fluviosque
1446 1172 1538 1197 innare
1548 1171 1658 1204 rapacis.

1007 1212 1136 1250 Seneca,
1154 1213 1305 1243 Phoeniss.
1323 1216 1340 1243 ’ἶ
1348 1217 1373 1243 1.

1625 1069 1733 1108 Maro,

1292 1272 1350 1297 heic
1363 1276 1447 1304 rapax
1458 1277 1555 1298 torrens
1565 1273 1646 1298 cadit.

1008 1314 1159 1344 Conferas
1185 1315 1297 1345 Avien.
1323 1316 1388 1345 orb.
1417 1315 1499 1346 desc.
1532 1319 1604 1345 45‘2.
1662 1315 1734 1346 Hos

1005 1366 1171 1396 aemulatus
1197 1373 1242 1396 est
1271 1367 1413 1405 Orosius,
1435 1373 1472 1397 ut
1496 1368 1550 1408 qui
1572 1368 1736 1407 poetarum

1006 1417 1180 1448 locutiones
1196 1418 1364 1459 exquisitas
1377 1418 1601 1448 studiosissime
1617 1419 1737 1458 compi-

1006 1469 1126 1500 laverit:
1142 1470 1212 1500 hist.
1228 1471 1259 1500 ii.
1272 1475 1300 1501 6.
1317 1476 1347 1500 et
1356 1470 1463 1500 locum
1479 1470 1625 1500 dabimus
1635 1471 1736 1501 since-

1007 1531 1039 1551 re
1051 1522 1213 1560 scriptum,
1231 1527 1261 1551 et
1277 1521 1475 1561 explicitum:
1497 1525 1517 1539 “
1535 1522 1620 1551 Nam
1635 1532 1737 1552 unum

1007 1576 1027 1590 ‘⁴
1050 1573 1213 1613 regiorum
1229 1584 1395 1613 equorum,
1420 1572 1554 1603 candore
1576 1572 1740 1614 formaque

1009 1627 1030 1642 ‘²
1054 1624 1270 1660 excellentem,
1294 1624 1505 1654 transmeandi
1534 1624 1649 1654 fiducia
1669 1634 1739 1664 per-

1010 1678 1031 1692 “
1048 1685 1188 1713 suasum,
1205 1675 1267 1715 qua
1282 1686 1337 1714 per
1351 1686 1493 1714 rapacem
1510 1677 1626 1705 alveum
1639 1675 1738 1705 offen-

1011 1730 1032 1745 “
1049 1726 1074 1756 si
1089 1727 1168 1757 vado
1180 1727 1312 1757 vortices
1327 1726 1559 1764 attollebantur,
1577 1728 1740 1765 abreptum

1012 1781 1033 1796 “
1058 1778 1350 1818 praecipitatumque
1376 1784 1543 1809 merserunt
1551 1777 1585 1808 :”
1610 1777 1742 1807 vortices

1011 1840 1133 1869 nempe.
1173 1830 1288 1860 Editur
1303 1830 1408 1870 vulgo,
1421 1836 1582 1860 merserat:
1601 1840 1677 1860 nam
1691 1830 1744 1861 fu-

1012 1891 1086 1911 cum
1101 1881 1175 1911 fecit
1197 1881 1331 1911 librariis
1347 1887 1377 1911 et
1392 1880 1562 1911 editoribus
1575 1891 1635 1911 vox
1650 1883 1742 1912 vorti-

1013 1944 1060 1964 ces
1083 1938 1170 1962 extra
1193 1938 1314 1963 rectum
1337 1932 1482 1962 ordinem
1505 1932 1744 1963 constructionis

1013 1984 1132 2022 posita;
1156 1984 1241 2023 quod
1267 1994 1367 2022 nuper
1392 1983 1528 2014 vidimus
1550 1990 1582 2014 et
1602 1983 1745 2014 Lucretii

1013 2034 1312 2064 commentatoribus
1343 2034 1489 2064 evenisse.
1545 2034 1743 2064 Priscianum

1014 2085 1166 2123 excitabo,
1183 2085 1216 2115 in
1232 2085 1393 2125 periegesi‚
1410 2095 1471 2115 ver.
1488 2087 1560 2116 779.

1333 2142 1397 2159 nam
1409 2135 1486 2159 latior
1496 2135 1580 2164 intus,

1077 2175 1196 2207 sangarii
1205 2174 1368 2205 rivisfluvii
1382 2174 1470 2198 vicina
1481 2174 1589 2206 rapacis.

1018 2215 1137 2256 Vulgo,
1161 2218 1258 2255 rz'pz's;
1286 2215 1340 2245 sed
1362 2215 1405 2245 ita
1420 2226 1486 2245 esse
1509 2214 1746 2246 reformandum

1018 2267 1059 2297 ad
1074 2267 1328 2297 emendationem
1350 2276 1465 2302 meam,
1488 2265 1536 2296 vel
1559 2266 1642 2296 solus
1665 2266 1745 2297 Dio-

1019 2320 1126 2359 nysius
1141 2318 1327 2356 ostenderet,
1343 2329 1407 2349 ver.
1426 2321 1496 2348 811.

1057 2376 1174 2408 Ευςυι-εξη
1185 2383 1304 2405 ssya-2104,
1316 2372 1373 2408 σαεξ
1385 2373 1459 2398 ὕδασι
1476 2373 1643 2407 tay-sagma·

1017 2429 1036 2448 a
1051 2429 1113 2459 quo
1128 2418 1298 2448 fidissimus
1313 2418 1458 2448 omnium
1474 2418 1625 2457 interpres
1647 2427 1687 2447 ne
1701 2417 1745 2448 la-

1018 2475 1089 2500 tum
1112 2470 1240 2510 quidem
1264 2479 1406 2509 unguem
1429 2469 1527 2499 soleat
1548 2468 1686 2509 evagari;
1710 2474 1747 2498 ut

1020 2521 1164 2551 omittam
1175 2531 1296 2551 morem
1308 2521 1464 2560 scriptoris
1475 2520 1677 2560 peculiarem,
1692 2519 1746 2558 qui

1019 2573 1060 2603 ad
1074 2584 1134 2603 ver.
1152 2577 1222 2604 210.
1239 2573 1382 2603 similiter
1396 2574 1490 2603 habet
1501 2575 1623 2614 flumen
1635 2573 1746 2612 fluvii,

1019 2631 1051 2656 et
1066 2626 1106 2655 ad
1127 2636 1190 2656 ver.
1213 2628 1286 2656 522.
1310 2627 1371 2656 rivi
1392 2627 1500 2655 amnis.
1545 2623 1660 2653 Eidem
1682 2633 1746 2653 non

1020 2677 1082 2708 alia
1097 2677 1254 2707 medicina
1269 2676 1411 2707 facienda
1425 2682 1470 2705 aet
1485 2674 1524 2704 ad
1538 2684 1600 2704 ver.
1617 2677 1688 2705 909.

1037 2729 1120 2759 Hujus
1132 2727 1166 2752 ad
1174 2734 1296 2752 auroram
1311 2727 1381 2751 rivis
1393 2725 1545 2751 devolvitur
1554 2724 1612 2749 altis

1035 2769 1135 2801 Tigris,
1143 2768 1212 2800 aqud
1224 2771 1349 2799 superant
1359 2773 1440 2798 quem
1449 2765 1560 2789 flumina
1569 2765 1640 2789 nulla
1649 2765 1745 2797 rapaci.

1023 2810 1120 2840 Hanc
1135 2810 1231 2840 etiam
1243 2808 1466 2839 correctionem
1481 2806 1638 2845 exemplar
1655 2807 1745 2837 Grae-

1021 2872 1096 2893 cum
1107 2861 1234 2902 flagitat,
1250 2870 1310 2890 ver.
1322 2863 1394 2891 984.

1059 2927 1112 2951 Tou
1124 2925 1149 2950 δε
1153 2923 1209 2958 μετ’
1212 2944 1219 2954 ,
1234 2933 1264 2952 ως
1272 2933 1366 2955 αυγσις,
1377 2932 1498 2956 ⁴502·qu
1506 2931 1609 2952 ωκιστος
1621 2923 1745 2949 ἀπαντωμ-

1060 2974 1151 3007 'ra-s&
1165 2962 1362 2998 ΕΫΡΡΕΙΤΗΣ
1374 2976 1479 3007 ‹pegam-
