1894 3253
183 263 276 302 150

677 254 737 302 T.
790 251 1172 302 LUCRETII

319 385 533 427 Consimili
554 383 715 425 ratione
733 382 872 425 herbis
893 399 1072 441 quoque,
1095 400 1205 442 saepe
1225 386 1397 431 decebat

204 465 285 502 885
319 460 375 502 Et
394 459 521 500 laticis
542 457 694 499 dulceis
713 465 866 514 guttaS,
890 458 1091 515 similique
1111 475 1257 516 sapore

191 530 194 536 ’
318 534 504 582 Mittere,
526 532 722 590 lanigerae
743 532 882 588 quales
903 541 999 574 sunt
1019 534 1146 576 ubere
1166 535 1298 578 lactis:

318 607 497 657 Scilicet3
531 614 572 648 et
590 607 719 664 glebis
740 615 944 649 terrarum
964 622 1076 665 saepe
1096 609 1225 652 friatis

170 763 444 801 constructionem,
461 769 492 794 et
507 763 546 794 ad
563 764 740 804 frigidiores
751 766 900 796 orationis

170 815 318 856 pedestris
327 815 412 855 leges
420 816 547 855 propius
558 815 770 854 accedentem,
779 817 899 847 deside-

171 867 278 897 rantis.
327 866 414 897 Ordo
429 873 460 896 et
474 873 628 898 structura
643 867 687 897 sic
703 878 735 898 se
761 869 896 898 habent:

170 922 192 937 “
211 918 346 948 Ratione
374 929 498 959 quoque
529 919 685 949 consimili
721 922 755 949 in
784 920 898 956 herbis,

171 973 193 989 “
210 981 291 1009 saepe
320 970 449 1001 decebat
474 982 526 1001 eas
555 971 760 1001 mittere—:”
785 972 899 1012 quibus

169 1021 249 1051 nihil
266 1021 434 1052 dilucidius
449 1028 504 1052 aut
526 1022 701 1063 elegantius
723 1022 898 1062 optandum

170 1075 411 1111 est,—decebat.-
440 1080 480 1103 Π.
495 1075 627 1104 docebat.

212 1125 286 1154 Ver.
305 1128 376 1156 885.
399 1127 518 1155 laticis:
546 1125 582 1155 P.
607 1125 704 1156 vind.
731 1125 769 1156 V.
790 1126 838 1156 ed.
861 1127 897 1157 L.

169 1175 216 1205 M.
236 1175 275 1206 Ο.
300 1180 335 1206 Δ.
361 1183 401 1206 Π.
431 1183 475 1206 Ω.
497 1179 621 1207 latices:
647 1177 734 1207 unde
757 1178 896 1218 cogitan—

167 1228 245 1258 dum
261 1235 318 1267 est,
335 1240 373 1259 an
391 1235 555 1259 contextus
569 1240 633 1259 non
649 1229 759 1260 debeat
771 1231 896 1261 concin-

168 1281 246 1316 nari,
262 1281 320 1310 hac
335 1281 533 1320 potissimum
545 1282 789 1312 castissimorum
804 1283 897 1313 libro-

167 1340 240 1361 rum
255 1332 400 1361 varietate
423 1341 480 1361 nos
495 1332 684 1371 impellente,
712 1333 752 1363 ad
767 1334 898 1373 scriptu-

167 1393 236 1412 ram
252 1382 368 1413 codicis
386 1390 425 1413 Π.
448 1383 502 1423 qui
519 1385 695 1423 suppeditat
707 1387 816 1424 guttis,
843 1396 900 1425 pro

163 1440 285 1474 guttas;
309 1435 368 1465 hoc
384 1441 473 1474 pacto
488 1436 616 1475 scilicet,
634 1436 658 1466 si
671 1436 766 1467 modo
775 1437 900 1468 tolerari

165 1487 271 1527 possit:

196 1573 230 1596 Et
241 1572 336 1602 latices,
348 1573 448 1598 dulceis
455 1573 545 1605 guttis,
562 1573 719 1605 simileisque
729 1580 833 1605 sapore,

194 1612 344 1637 Mittere—:

168 1683 210 1714 sic
227 1684 311 1713 enim
328 1684 426 1714 codex
444 1685 490 1715 M.
515 1685 582 1715 vice
610 1698 647 1716 »re
666 1688 770 1717 simili.
815 1687 897 1718 Haec

167 1744 284 1776 autem,
316 1745 387 1768 utut
410 1740 499 1769 nobis
522 1739 687 1770 videantur
709 1741 898 1782 elegantiam

166 1800 238 1820 vere
254 1791 407 1829 po'e'ticazn
423 1802 487 1830 prce
515 1803 547 1822 se
573 1793 666 1831 ferre,
693 1799 723 1823 et
751 1794 898 1824 Lucretio

169 1842 365 1882 dignissima,
384 1843 552 1873 tutioribus
575 1845 790 1883 posthabenda
815 1852 898 1876 sunt.

166 1905 335 1933 —sapure:
364 1901 403 1924 Π.
419 1906 517 1934 sapor.

211 1945 287 1975 Ver.
312 1949 382 1975 886.
414 1948 535 1985 quales.-
570 1946 667 1977 vind.
699 1952 734 1978 Σ.
758 1950 899 1988 quali.—

169 1996 274 2025 ubere:
302 1995 399 2025 Vind.
418 2001 450 2027 Σ.
468 1999 576 2034 ubera;
600 1999 636 2028 B.
652 2000 768 2029 rubore.

169 2047 235 2077 Hic
267 2047 344 2077 ordo
366 2054 425 2086 est,
456 2055 487 2078 et
510 2051 712 2080 constructio:
740 2055 761 2069 “
781 2052 898 2087 Quales

169 2103 189 2117 ⁸‘
206 2105 280 2129 sunt
306 2106 403 2138 gultoe
433 2099 520 2129 lactis
555 2103 588 2130 z'n
618 2102 713 2130 ubere
749 2101 896 2142 lanigerae

168 2150 309 2181 “ovl's.·”
335 2151 391 2186 vel,
422 2151 448 2180 si
478 2151 578 2187 malis,
615 2155 636 2169 “
655 2152 772 2187 Quales
798 2160 895 2191 gztltae

169 2208 191 2223 “
209 2210 283 2234 sunt
297 2208 345 2236 ovi
360 2205 508 2246 lanigerae
524 2208 556 2236 z'n
573 2207 667 2236 ubere
692 2206 818 2237 lactis:’'
843 2208 893 2237 cui

167 2257 280 2287 rationi
298 2257 381 2286 favet
396 2267 469 2287 mox
485 2257 698 2289 admovendus
714 2258 833 2288 Tibulli
848 2259 893 2289 lo-

167 2318 234 2345 cuS‚
252 2315 283 2338 et
298 2315 413 2346 noster,
428 2308 460 2339 ii.
478 2312 550 2340 570.

197 2393 240 2418 Ad
250 2400 296 2418 sua
309 2393 419 2425 quisque
429 2393 486 2419 fere
497 2394 643 2418 decurrunt
655 2394 731 2418 ubera
740 2395 811 2420 lactis
820 2404 829 2420 .-

166 2464 202 2488 ut
216 2459 321 2487 Varro
336 2468 483 2488 mammas
498 2459 587 2488 lactis
603 2457 691 2496 dixit,
715 2460 895 2490 observante

167 2509 200 2539 id
217 2509 373 2549 Preigero.

211 2560 292 2591 Ibid.
324 2563 482 2601 lanigerae.
529 2561 579 2592 Sic
608 2561 674 2592 sine
704 2563 894 2594 substantivo

171 2611 314 2650 Ovidius,
330 2618 404 2643 met.
420 2613 481 2643 w'ii.
496 2616 571 2644 512.

228 2695 348 2719 Protinus
359 2696 506 2722 innumeris
516 2697 610 2722 effetus
619 2697 717 2729 laniger
725 2699 800 2725 annis

228 2733 400 2759 Adtrahitur:

166 2808 204 2834 ut
218 2804 313 2833 etiam
329 2805 456 2842 Seneca,
474 2808 580 2848 OEdip.
600 2814 668 2842 Ξ54.

230 2871 340 2903 Laniger
350 2873 461 2905 pingues
472 2877 542 2902 male
554 2880 649 2911 carpsit
658 2880 767 2907 herbas:

167 2934 199 2959 ct
212 2929 372 2961 multoties
388 2932 550 2966 Manilius.

987 766 1069 797 Ibid.
1092 769 1184 798 ubera
1201 769 1300 799 lactis.
1346 767 1506 799 Tibullus:

976 850 1043 881 lpsae
1056 849 1136 874 mella
1147 850 1247 875 dabant
1258 857 1383 881 quercuS,
1399 851 1527 883 ultroque
1536 850 1660 876 ferebant

1006 892 1091 916 Obvia
1102 893 1201 917 securis
1212 893 1287 916 ubera
1299 893 1371 917 lactis
1382 900 1454 918 oves.

944 962 1007 992 Sed
1022 963 1158 994 otiosum
1173 963 1268 1002 plane
1285 970 1317 993 et
1331 964 1415 994 iners
1431 971 1478 995 est
1495 964 1575 995 illud
1588 975 1674 995 secu-

942 1016 993 1044 ris.
1031 1014 1130 1054 Lege,
1142 1018 1295 1054 pressuris
1300 1032 1311 1051 ;
1336 1022 1390 1045 aut
1405 1017 1534 1056 propius
1548 1016 1588 1046 ad
1602 1016 1674 1046 vul-

942 1072 1049 1106 gatam
1065 1066 1244 1104 lectionem,
1256 1070 1399 1098 succuris.
1438 1068 1532 1106 Nam,
1548 1068 1673 1107 opinor,

943 1118 1106 1158 terrigena}
1131 1117 1188 1154 illi,
1227 1124 1355 1148 mutum
1385 1125 1416 1149 et
1445 1126 1536 1159 turpe
1564 1128 1673 1158 pecus,

942 1172 1118 1200 mulctralia
1145 1180 1209 1200 non
1238 1170 1317 1201 dum
1338 1171 1501 1201 habebant.
1546 1170 1674 1200 Bam-

943 1232 1060 1253 Lmus.

942 1272 1046 1302 Locus
1061 1279 1159 1304 exstat
1173 1274 1207 1303 in
1225 1273 1342 1304 Tibull.
1357 1273 1377 1304 i.
1392 1277 1424 1304 5.
1442 1276 1493 1305 45.
1537 1274 1582 1304 Et
1603 1283 1674 1313 pos-

942 1324 1088 1354 teriorem
1112 1325 1339 1356 divinationem
1361 1326 1451 1356 valde
1476 1325 1674 1366 ingeniosam

944 1387 1020 1414 esse,
1037 1383 1130 1418 atque
1145 1377 1299 1407 acuminis
1314 1387 1383 1407 vere
1399 1377 1589 1413 Bentleiani,
1605 1377 1677 1418 quis

942 1428 1055 1469 neget?

986 1482 1061 1511 Ver.
1088 1484 1158 1512 887.
1172 1481 1302 1522 friatis:
1328 1482 1370 1512 V.
1393 1481 1440 1512 ed.
1462 1483 1606 1522 fimatis5
1634 1480 1674 1511 Β.

939 1536 1065 1569 εἰηαιίες
1094 1533 1133 1563 O.
1150 1539 1185 1564 Δ.
1204 1533 1397 1574 H.fricatis;
1425 1539 1461 1564 ut
1477 1539 1514 1565 Σ.
1531 1532 1674 1563 etiamin

940 1584 1092 1624 margine.

986 1636 1069 1666 Ibid.
1083 1638 1177 1676 glebis
1192 1642 1344 1667 terrarum
1350 1636 1465 1677 friatis
1473 1651 1482 1667 .·
1507 1636 1527 1666 i.
1544 1647 1569 1667 e.
1585 1646 1674 1667 com-

943 1689 1074 1718 minutis
1089 1694 1181 1729 atque
1196 1688 1424 1728 dispuli-eratis,
1440 1688 1487 1718 uti
1508 1688 1588 1718 Pius
1609 1688 1674 1718 ele·

945 1740 1127 1780 gantissime
1142 1740 1329 1770 vocabulum
1345 1739 1495 1779 exposuit.
1535 1738 1673 1775 Plinius,

943 1799 1006 1823 nat.
1029 1793 1101 1823 histss
1126 1793 1229 1823 xxxvi.
1252 1796 1305 1824 59.
1341 1793 1380 1822 de
1402 1792 1509 1832 lapide
1537 1791 1676 1832 quodam

947 1855 1071 1875 summe
1101 1845 1220 1885 fragili:
1258 1848 1280 1863 “
1298 1845 1370 1884 Ipse
1400 1851 1465 1875 tam
1491 1845 1607 1883 mollis,
1637 1849 1676 1875 ut

946 1900 966 1914 ‘⁴
984 1897 1079 1927 etiam
1109 1896 1214 1937 digitis
1231 1896 1385 1937 frietur.”
1429 1897 1544 1934 Varro,
1570 1896 1610 1926 de
1642 1906 1679 1927 re

943 1947 1070 1986 rustica,
1094 1948 1113 1977 i.
1130 1951 1225 1979 9.—“
1242 1948 1267 1977 si
1283 1947 1322 1977 sit
1335 1954 1417 1978 terra
1434 1947 1515 1986 alba,
1530 1947 1556 1977 si
1571 1947 1674 1988 nigra,

943 2002 965 2017 ‘⁸
982 1999 1006 2027 si
1022 1998 1108 2035 levis,
1126 2009 1207 2039 quae,
1228 2009 1302 2029 cum
1317 1999 1462 2035 fodiatur,
1486 1999 1577 2029 facile
1588 1999 1675 2040 frie-

943 2053 964 2067 “
981 2049 1064 2079 tur.''
1127 2049 1167 2079 In
1192 2050 1274 2080 terra
1299 2050 1422 2090 generis
1447 2049 1594 2079 contrarii
1616 2049 1672 2079 de-

941 2100 1112 2137 scribenda,
1138 2101 1201 2129 vim
1229 2100 1374 2130 dictionis
1386 2100 1494 2142 friare
1519 2099 1674 2140 Virgilius

940 2152 984 2182 sic
999 2158 1128 2182 venuste
1145 2151 1296 2190 dilatavit,
1311 2163 1378 2192 geo.
1394 2152 1426 2182 ii.
1443 2155 1513 2182 248.

952 2242 1057 2273 Pinguis
1068 2242 1133 2267 item
1145 2247 1209 2272 quae
1221 2241 1254 2265 sit
1266 2241 1355 2271 tellus,
1366 2241 1418 2266 hoc
1430 2241 1546 2272 denique
1556 2244 1637 2273 pacto

953 2282 1101 2307 Discimus:
1119 2282 1191 2306 haud
1205 2289 1348 2312 umquam,
1369 2281 1485 2306 manibus
1493 2282 1606 2313 jactata,
1615 2282 1667 2314 sa-

1030 2322 1106 2352 fissit,

953 2362 1012 2391 Sed,
1021 2362 1085 2393 picis
1093 2363 1120 2386 in
1130 2369 1246 2392 morem,
1253 2363 1286 2386 ad
1295 2362 1391 2394 digitos
1399 2362 1521 2388 lentescit
1531 2362 1666 2388 habendo.

941 2442 1033 2472 Idem
1048 2442 1121 2472 ibid.
1146 2442 1302 2481 superius,
1327 2452 1389 2472 ver.
1406 2445 1476 2472 204.
1503 2443 1585 2472 hanc
1607 2447 1670 2473 ter-

941 2503 1009 2522 ram
1024 2494 1199 2534 friabilem,
1217 2493 1265 2523 vel
1280 2493 1459 2531 solubilem,
1476 2494 1519 2523 sic
1533 2493 1674 2534 descrip-

942 2551 1033 2576 serat:

952 2627 1031 2659 Nigra
1043 2627 1110 2657 fere,
1121 2630 1148 2652 et
1159 2634 1248 2658 presso
1256 2627 1362 2659 pinguis
1372 2627 1421 2651 sub
1432 2633 1543 2652 vomere
1553 2629 1634 2655 terra,

951 2669 983 2692 Et
993 2668 1117 2700 cuiputre
1124 2667 1215 2697 solum,
1223 2674 1342 2699 namque
1350 2667 1402 2691 hoc
1408 2667 1548 2691 imitamur
1554 2664 1667 2695 arando,

953 2708 1074 2739 Optuma
1084 2707 1244 2732 frumentis:

937 2789 1014 2820 quos
1036 2790 1140 2810 versus
1166 2790 1270 2820 neque
1300 2778 1433 2815 Servius,
1459 2787 1562 2817 neque
1585 2776 1667 2807 alius

935 2833 1046 2874 quivis,
1062 2833 1147 2874 quod
1163 2833 1261 2863 sciam
1275 2831 1433 2872 equidem,
1448 2829 1499 2859 vel
1512 2829 1666 2869 interpre-

935 2891 1017 2923 tum,
1040 2885 1090 2915 vel
1104 2885 1271 2921 editorum,
1293 2882 1455 2913 intellexit.
1500 2882 1574 2912 Hoc
1590 2881 1669 2912 dicit

934 2936 1150 2968 limatissimus
1174 2936 1279 2976 poeta:
1312 2938 1334 2953 ‘⁴
1348 2934 1399 2966 Ea
1424 2939 1517 2973 terra,
1539 2933 1592 2964 cui
1615 2943 1666 2964 so-
