1894 3253
338 475 416 548 T.
491 472 1110 540 LUCRETII
1189 474 1471 540 CARI

459 711 569 765 DE
611 710 923 764 RERUM
961 711 1329 766 NATURA

615 935 803 977 LIBER
837 935 1178 978 SECUNDUS.

785 1188 1009 1200 ”sswuwsm

290 1395 521 1466 SUAVE‚
544 1416 649 1457 mari
670 1431 824 1473 magno
844 1417 1105 1459 turbantibus
1125 1433 1294 1474 aequora
1313 1419 1458 1469 ventis,

287 1495 326 1536 E
345 1493 453 1535 terra
475 1507 673 1549 magnum
694 1493 858 1534 alterius
879 1502 1061 1549 spectare
1080 1493 1277 1534 laborem:

186 1650 292 1681 VER.
317 1654 344 1680 1.
379 1648 577 1680 Constructio
593 1654 648 1687 est,
673 1648 721 1678 vel
744 1650 872 1679 turban-

142 1706 221 1735 tibus
233 1705 315 1733 mari
325 1714 459 1742 aequora,
477 1701 516 1732 ad
526 1707 636 1731 notum
651 1701 873 1739 Graecismum,

142 1766 236 1796 quern
265 1755 299 1784 in
323 1761 471 1794 tyronum
496 1753 630 1794 gratiam
653 1753 869 1784 admovemus:

140 1813 176 1837 ut
193 1807 286 1845 Soph.
304 1805 376 1836 OEd.
393 1811 449 1845 tyr.
463 1809 490 1835 2.

183 1873 265 1898 Timf
277 1869 333 1895 ποθ’
344 1868 416 1903 ἕδραις
428 1868 500 1897 τπδ’
510 1871 596 1894 ΕΜΟῙ
609 1870 795 1899 ΘΟΑΖΕΤΕ;

146 1923 205 1961 vel,
228 1922 312 1963 quod
333 1921 504 1961 simplicius
520 1921 659 1958 fortasse,
682 1923 874 1953 turbantibus

145 1986 267 2014 (equora
286 1976 367 2004 mari
374 1989 383 2008 ;
410 1984 504 2014 quam
521 1974 711 2004 asseruimus
735 1980 765 2004 et
785 1974 873 2005 illus-

143 2027 295 2057 travimus
310 2025 349 2055 ad
369 2025 441 2055 Silv.
458 2026 533 2056 Crit.
553 2026 584 2056 ii.
600 2037 628 2065 p.
638 2030 689 2058 59.
705 2026 771 2057 et'v.
781 2037 810 2066 p.
823 2030 873 2057 34.

145 2079 222 2108 Huc
237 2084 343 2107 autem
366 2087 431 2107 non
454 2077 599 2117 equidem
616 2077 764 2107 Tacitum
788 2083 872 2108 retu-

142 2130 244 2167 lerim,
268 2129 307 2159 ad
330 2140 402 2159 anu.
420 2139 467 2158 xV.
485 2131 534 2158 57.
559 2128 699 2169 adeoque
724 2129 764 2159 ad
787 2129 872 2159 hunc

145 2181 275 2211 modum
321 2180 446 2219 punctis
482 2179 622 2210 deden‘m
667 2180 867 2220 dispositum:

145 2236 167 2251 “
185 2232 338 2262 Volucres
364 2238 395 2261 et
422 2232 502 2261 feras
525 2231 652 2262 diversis
678 2242 695 2262 e
719 2232 818 2269 terris,
842 2238 873 2262 et

143 2286 167 2302 “
183 2284 332 2313 animalia
347 2284 453 2322 maris,
480 2294 597 2314 oceano
620 2285 659 2314 ab
681 2295 792 2325 usque,
818 2295 872 2324 pe-

146 2338 168 2353 “
185 2335 328 2364 tiverat.'’

147 2386 285 2423 Interea,
309 2386 388 2415 mihi
404 2396 471 2416 rem
486 2386 644 2425 reputanti
659 2388 764 2417 subest
784 2388 870 2428 cogi-

143 2438 231 2474 tatio,
261 2448 302 2467 an
329 2443 410 2467 recte
433 2437 557 2467 iniveris
571 2438 725 2467 diversam
742 2438 870 2469 distinc-

144 2490 261 2520 tionem
274 2489 347 2526 loci,
362 2499 456 2529 quam
468 2500 554 2519 serus
568 2490 658 2520 video
669 2496 699 2519 et
713 2490 872 2529 interpreti

145 2541 311 2581 placuisse:

175 2611 260 2633 Suave
271 2608 339 2632 mari
350 2615 460 2639 magno,
472 2608 640 2632 turbantibus
651 2615 762 2639 aequora
774 2610 871 2640 ventiS‚

175 2650 194 2672 E
205 2647 276 2673 terr}
288 2654 418 2679 magnum
430 2647 537 2672 alterius
547 2652 669 2679 spectare
681 2648 799 2674 laborem
809 2656 815 2672 :

143 2707 164 2738 i.
182 2718 208 2738 e.
233 2711 255 2725 “
273 2718 367 2737 suave
389 2713 526 2746 spectare
544 2707 718 2746 periculum
735 2707 871 2743 alterius,

144 2765 163 2778 ‘⁶
183 2759 260 2789 mari
276 2761 309 2789 in
326 2769 442 2799 magno
459 2762 579 2796 versati,
605 2759 681 2789 dum
696 2761 802 2789 turbat
815 2771 867 2789 su-

142 2814 164 2829 “
180 2811 336 2850 perficiem
363 2808 515 2851 aquarum
538 2811 737 2849 tempestas.”
784 2811 869 2840 Tum

143 2861 300 2902 intelligas
321 2863 400 2892 mari
429 2874 536 2902 magno
561 2872 623 2891 non
640 2861 722 2891 male
736 2860 775 2891 de
790 2861 868 2890 mari

145 2915 370 2952 intumescente,
398 2925 471 2945 cum
487 2914 559 2944 viris
575 2914 672 2945 doctis
687 2914 726 2945 ad
745 2913 868 2944 Sallust.

916 1650 938 1681 J
942 1660 993 1690 ug.
1010 1652 1059 1680 78.
1075 1652 1105 1679 5.
1128 1648 1217 1678 aliter
1240 1658 1384 1688 sequerer
1411 1649 1556 1689 equidem
1580 1651 1647 1681 vul-

917 1712 1025 1741 garem
1052 1700 1197 1730 dictionis
1221 1710 1362 1730 sensum:
1390 1706 1539 1731 terrorem
1562 1702 1648 1732 enim

918 1754 1009 1784 facile
1019 1753 1175 1793 adaugeat
1186 1752 1322 1791 spatiosa
1330 1753 1440 1782 oceani
1450 1754 1652 1793 magnitudo;

869 1823 874 1828 ·
918 1805 958 1835 ad
972 1804 1052 1835 illud
1068 1803 1297 1844 Virgilianum,
1315 1804 1391 1834 AEn.
1407 1804 1450 1834 iii.
1471 1808 1539 1836 193.

1053 1864 1156 1888 coelurn
1168 1863 1288 1894 undique
1299 1867 1326 1888 et
1337 1864 1457 1895 undique
1468 1869 1581 1896 pontus:

917 1915 971 1945 sed
987 1915 1048 1944 alia
1072 1915 1151 1944 ratio
1173 1914 1411 1944 constructionis
1426 1914 1521 1955 longe
1536 1925 1649 1945 venus-

918 1967 978 1997 tior
994 1973 1050 2005 est‚
1067 1973 1097 1996 et
1111 1966 1300 2007 exquisitior.

918 2018 1037 2048 Versus
1066 2017 1170 2048 nescio
1192 2017 1282 2057 cujus
1297 2017 1381 2056 apud
1399 2017 1571 2057 stobaeum,
1595 2018 1649 2049 ecl.

917 2070 1028 2100 moral.
1054 2070 1092 2100 de
1109 2069 1309 2110 navigatione
1325 2075 1356 2099 et
1377 2069 1556 2111 naufragio,
1572 2081 1650 2111 quos

916 2122 975 2153 sibi
992 2122 1162 2152 imitandos
1177 2122 1311 2161 sumpsit
1325 2122 1506 2161 Lucretius,
1532 2123 1576 2153 sic
1600 2123 1645 2153 le-

915 2174 1010 2215 gendi
1026 2179 1116 2204 sunt:

953 2237 1004 2266 Ὠς
1015 2237 1061 2265 ἦδυ
1074 2246 1118 2270 μεν
1132 2237 1278 2262 Salam-‘rm
1291 2246 1341 2261 omo
1353 2236 1431 2261 ΤΗΣ
1445 2246 1491 2266 γῆς
1501 2235 1568 2271 ὁρᾳν,

956 2286 980 2309 Ω
993 2294 1081 2319 μῆτερ,
1095 2293 1155 2313 emt,
1166 2293 1205 2315 μη
1218 2288 1326 2308 πλεους-αι
1336 2283 1458 2316 μκὸαμε.

916 2340 1143 2378 Fragmentum
1163 2335 1322 2374 Sophoclis
1338 2334 1467 2373 ibidem,
1480 2335 1564 2375 quod
1576 2335 1644 2374 pul-

917 2392 990 2421 chre
1006 2388 1182 2420 Lambinus
1197 2388 1292 2418 etiam
1308 2387 1451 2425 contulit,
1468 2387 1545 2416 mihi
1561 2387 1646 2418 vide-

915 2449 966 2472 tur
990 2443 1050 2471 hoc
1073 2446 1164 2480 pacto
1193 2439 1446 2470 commodissime
1475 2439 1645 2469 rescriben-

916 2494 1005 2531 dum,
1020 2493 1133 2523 habitis
1148 2498 1214 2521 tam
1231 2491 1353 2527 Stobaei,
1364 2501 1460 2530 quam
1473 2491 1645 2527 Ciceronis,

916 2544 1104 2581 rationibus3
1128 2553 1203 2573 nam
1218 2542 1298 2572 illud
1315 2556 1376 2579 και,
1402 2541 1562 2571 Brunckio
1577 2552 1643 2572 me-

915 2602 1084 2634 moratum,
1102 2606 1173 2626 meo
1192 2594 1306 2625 Stobaei
1322 2593 1492 2632 exemplari
1508 2593 1608 2624 deest:

955 2662 991 2685 T1
1003 2670 1101 2694 χαρμοε
1113 2668 1179 2684 ’.Ἔα-ε
1192 2657 1273 2689 μειζον
1285 2668 1315 2682 αι
1328 2654 1416 2685 >aaa
1430 2666 1496 2687 ποτε,

955 2709 1000 2732 Te
1012 2717 1057 2738 γῆς
1068 2706 1275 2731 ΕΠΙΨΑΥΣΑΙ
1297 2706 1356 2733 ΤΕ,
1378 2703 1469 2749 Κ“ᾼΘ’
1480 2704 1524 2730 ὑπο
1535 2714 1614 2741 arey-f:

954 2755 1058 2781 Πυκνᾱις
1071 2763 1172 2778 amarem
1183 2752 1309 2783 ψεκαδος,
1321 2751 1409 2787 εὑδεσῃ
1425 2759 1499 2787 epium

914 2807 967 2837 Ad
983 2817 1060 2847 quos
1085 2817 1191 2836 versus
1216 2805 1404 2844 Sophocleos
1429 2805 1564 2836 suaviter
1587 2806 1627 2836 Ti
1633 2827 1643 2832 -

912 2858 1018 2888 bullus
1034 2857 1151 2895 allusit,
1182 2857 1202 2888 i.
1221 2860 1248 2887 1.
1265 2859 1314 2888 45.
1332 2856 1375 2887 sic
1391 2857 1520 2889 fortasse
1535 2857 1643 2888 rescri-

912 2910 1046 2941 bendus:
