1894 3253
143 253 237 291 252
650 237 711 284 T.
755 235 1136 283 LUCRETH

293 371 450 416 Omnia
469 382 562 425 quae
582 366 705 408 nobis
721 366 844 424 longe
865 366 1037 408 confusa
1056 367 1264 417 videntur,

293 447 350 488 Et
370 443 492 487 veluti
512 442 556 482 in
569 440 697 482 viridi
718 440 875 482 candor
896 442 1116 483 consistere
1135 441 1239 482 colli.

151 607 327 646 picturatas,
375 601 503 632 Addam
526 600 673 641 denique,
699 610 740 630 ne
754 600 814 631 sim
830 601 878 631 ni-

152 659 246 694 mius,
276 654 472 685 Venantium
495 654 717 691 Fortunatum,
743 653 843 692 poem.
859 653 878 683 i.

155 716 203 742 ΩΟ.
222 715 270 740 12.

215 772 298 796 Florea
307 773 432 803 gemmato
443 770 564 802 gramine
575 773 652 801 prata
663 770 762 795 virent.

154 825 185 854 A
202 832 266 863 quo
287 827 394 851 tamen
417 830 502 851 error
531 820 705 851 contrarius
729 819 885 851 tollendus

155 885 213 916 est,
230 877 303 907 ibid
321 881 371 907 18.
390 880 418 907 2.

170 965 214 988 Est
225 963 310 992 locus,
322 961 441 986 aestifero
453 961 577 993 quamvis
588 961 621 985 sit
635 964 759 992 tempore
770 959 871 989 fervor,

204 1004 264 1035 Quo
276 1003 345 1027 viret
355 1002 459 1026 assiduo
470 1008 527 1026 rore
536 1001 653 1026 refectus
662 1007 735 1032 ager.

160 1069 279 1110 Vulgo,
299 1070 393 1110 flore.
445 1068 532 1098 Meae
568 1073 675 1097 autem
704 1066 890 1106 conjecturae

159 1120 298 1151 subsidio
313 1119 451 1149 maxime
466 1119 651 1158 tempestivo
660 1118 746 1148 venit
757 1117 892 1147 imitatio

164 1171 353 1212 Virgiliana,
369 1181 438 1211 geo.
450 1170 488 1200 iv.
508 1173 577 1201 109.

224 1231 355 1260 Invitent,
366 1230 467 1255 croceis
479 1229 600 1254 halantes
603 1228 722 1259 floribus,
733 1228 806 1252 horti.

161 1281 214 1312 De
229 1281 366 1311 confusis
371 1283 436 1322 flos
448 1286 480 1310 et
489 1291 551 1318 ros,
562 1278 615 1309 adi
629 1280 780 1310 Burman.
793 1278 818 1308 A
827 1278 892 1308 nth.

161 1332 231 1362 Lat.
247 1331 290 1362 iii.
308 1335 378 1363 292.
395 1335 446 1362 49.

205 1385 282 1414 Ver.
299 1387 373 1414 520.
395 1384 537 1414 satiatei:
563 1383 600 1413 L.
628 1382 677 1412 M.
704 1383 816 1416 saciat,-
839 1391 893 1410 vo-

163 1436 263 1467 lentes
282 1435 422 1472 fortasse,
437 1437 548 1465 satiate
554 1450 565 1470 ;
591 1434 610 1463 i.
626 1444 651 1464 e.
676 1437 698 1451 “
715 1444 733 1463 a
755 1433 895 1462 satietate

165 1493 187 1507 ‘⁸
203 1489 359 1519 ludunt:”
381 1487 451 1517 vide
467 1497 529 1517 ver.
550 1490 640 1517 1057.
666 1485 897 1527 11.facient.—

165 1544 296 1572 ludunt.-
325 1547 365 1570 Π.
382 1541 723 1570 ludum.—cornscant:
743 1537 779 1567 P.
795 1536 835 1566 V.
850 1536 897 1566 ed.

166 1596 357 1628 croniscant5
382 1592 420 1621 Β.
447 1594 614 1626 toniscant,·
652 1588 747 1618 vind.
777 1590 898 1619 choras-

168 1654 248 1678 canss.
295 1645 421 1676 Codicis
436 1645 474 1675 B.
489 1644 618 1675 variatio
634 1644 768 1683 speciem
785 1644 901 1682 praebet

167 1698 307 1735 lectioni,
323 1707 420 1738 quam
435 1696 568 1727 editores
582 1695 724 1735 plerique
739 1705 777 1724 ex
795 1694 899 1730 Quin-

171 1753 272 1783 tiliani
287 1750 550 1788 institutionibus,
577 1749 640 1779 viii.
666 1752 696 1779 5.
722 1759 752 1787 p.
772 1751 844 1779 685.
868 1748 900 1776 in

171 1809 355 1835 contextum
384 1801 534 1833 intulere:
570 1804 592 1819 “
608 1801 653 1830 Et
674 1799 748 1830 alibi
774 1799 898 1829 Cicero:

174 1862 194 1876 “
215 1857 318 1896 Caput
333 1855 476 1894 opponis,
487 1864 560 1884 cum
572 1863 610 1883 eo
623 1851 813 1884 coniscans.”
845 1850 905 1881 Sed

174 1918 223 1938 res
238 1913 284 1937 est
298 1906 486 1937 futilissiinae
501 1904 718 1941 affectationis,
734 1909 765 1933 et
779 1903 904 1933 temeri-

175 1961 247 1990 tatis
259 1958 487 1995 inexcusabilis,
500 1956 644 1987 ludibriis
655 1956 905 1996 conjecturarum

176 2011 352 2050 indulgere,
380 2009 557 2048 posthabito
588 2009 779 2038 sincerarum
807 2017 907 2037 mem-

176 2065 348 2093 branarum
363 2060 553 2096 testimonio,
577 2069 686 2088 vocem
701 2058 906 2098 aptissimam,

179 2120 211 2144 et
233 2112 441 2151 undequaque
463 2109 652 2149 elegantem,
683 2108 907 2147 suppeditanti-

179 2175 247 2195 um.
281 2163 332 2193 Ita
342 2163 364 2193 J
367 2160 516 2196 uvenalis,
528 2170 623 2200 quem
639 2159 803 2189 Bentleius
815 2158 910 2188 etiam

182 2222 251 2255 post
267 2214 365 2244 Pium
379 2211 551 2250 advocavit,
570 2216 626 2241 sat.
641 2210 695 2240 xii.
711 2214 740 2240 6.

215 2297 265 2322 Sed
284 2295 378 2328 procul
400 2297 547 2319 extentum
570 2292 695 2325 petulans
718 2291 806 2322 quatit
827 2291 913 2316 hostia

309 2335 416 2364 funem,

214 2376 332 2408 Tarpeio
343 2378 447 2400 servata
458 2374 528 2405 Jovi,
541 2373 715 2404 frontemque
727 2375 849 2396 coruscat.

188 2439 390 2472 Intransitive
404 2444 522 2475 autem,
538 2443 574 2467 ut
591 2443 705 2473 noster,
724 2436 830 2473 Maro,
845 2445 913 2475 geo.

187 2503 224 2522 iv.
244 2495 292 2522 75.

219 2569 294 2592 Tum
307 2567 420 2598 trepidae
432 2566 503 2591 inter
513 2572 540 2590 se
551 2564 662 2594 co'e‘unt‚
674 2563 822 2595 pennisque
833 2569 916 2587 corus-

312 2609 371 2631 cant
382 2615 391 2631 .-

191 2678 226 2703 ut
241 2672 294 2702 alii
309 2674 389 2702 bene
404 2671 513 2709 multi;
537 2671 592 2701 ubi
615 2681 648 2701 se
663 2669 758 2699 nimis
772 2667 920 2699 festivum

192 2724 279 2754 dedit
305 2724 530 2764 Philargyrius.
577 2726 706 2755 Corusco
734 2720 850 2751 scilicet
876 2725 921 2749 est

193 2786 328 2816 uaporem,
359 2788 498 2816 κορυττω,
529 2787 678 2817 κορυπτω.·
717 2772 789 2803 vide
814 2771 923 2812 Etym-

193 2835 277 2865 mag.
325 2824 359 2853 in
398 2831 515 2867 Κορυφη.
577 2824 774 2855 Glossarium
816 2828 918 2852 vetus:

195 2882 218 2896 “
237 2883 385 2917 Kapvmn,
405 2876 525 2915 arietat,
551 2888 647 2908 cornu
663 2876 770 2916 petit.”
816 2875 922 2906 Theo-

197 2928 302 2966 critus,
319 2927 359 2958 iii.
377 2929 405 2958 5.

942 606 994 633 Τσν
1006 602 1113 632 Λιέυκον
1124 614 1245 632 κνακωνα
1257 608 1390 637 colomam,
1403 613 1441 637 μη
1453 614 1482 629 τυ
1495 603 1652 647 nomm}-

924 660 1031 690 Verba
1057 657 1239 695 scholiastis,
1266 667 1335 697 quae
1358 656 1552 687 Phavorinus
1566 668 1653 688 com-

924 711 1044 752 pilavit,
1060 712 1125 740 haec
1141 715 1228 740 sunt:
1258 716 1295 740 To
1311 711 1463 752 κερατιζειν
1478 722 1620 751 mpura-sna
1632 710 1658 740 οἵ

927 769 1051 793 A‘r‘rmm
1078 770 1207 802 λεγεσιν,
1235 762 1270 795 ὥς
1288 774 1495 803 σνντρεχοντων
1510 768 1656 795 ammam

929 828 985 844 των
999 827 1088 855 upton,
1105 827 1155 843 και
1171 826 1226 846 τας
1243 820 1364 854 κορυφας
1385 819 1586 848 πληττοντων,
1608 825 1660 842 και

928 867 1126 906 ῥῆγνυομενων.

931 916 1043 952 Porro,
1067 925 1166 955 quum
1181 916 1293 945 lucidae
1309 924 1357 944 res
1372 914 1493 944 vibrent
1508 919 1539 943 et
1553 916 1656 954 quati-

931 974 980 997 ent
997 977 1034 996 ex
1046 977 1079 996 se
1094 966 1228 1006 fulgoris
1242 965 1355 1003 radios,
1372 965 1446 995 inde
1460 976 1581 996 corusco
1603 975 1661 1004 pro

933 1018 1115 1048 secundario
1130 1029 1223 1048 sensu
1233 1017 1300 1048 vult
1310 1019 1447 1057 splendeo
1456 1031 1466 1047 :
1484 1017 1573 1057 quod
1583 1027 1662 1056 prae-

934 1071 1062 1100 teritum
1087 1070 1177 1100 nolui
1205 1072 1245 1100 ob
1270 1069 1406 1099 alienam
1428 1079 1555 1109 prorsus
1568 1068 1664 1098 inter-

934 1121 1152 1161 pretationem,
1163 1131 1258 1161 quam
1269 1121 1411 1151 adhibuit
1421 1122 1443 1152 J
1446 1121 1586 1151 uvenalis
1596 1131 1666 1150 ver-

935 1174 984 1203 sui
1000 1173 1156 1213 Taylorus
1171 1172 1212 1203 ad
1227 1173 1355 1203 subtiles
1371 1173 1437 1212 ejus
1453 1178 1483 1202 et
1503 1171 1666 1211 perdoctas

935 1224 1219 1254 animadversiones
1234 1224 1267 1253 in
1284 1234 1394 1254 marm.
1425 1223 1538 1254 Sandv.
1561 1234 1590 1262 p.
1615 1226 1665 1254 75.

937 1276 1021 1306 Vide
1048 1286 1105 1306 nos
1119 1286 1224 1314 supra,
1240 1275 1279 1305 ad
1294 1286 1354 1305 ver.
1371 1279 1440 1308 195.

940 1328 1109 1363 Caeterum,
1147 1332 1332 1365 potestatem
1361 1327 1446 1357 vocis
1472 1338 1594 1358 corusco
1624 1326 1667 1356 sic

939 1378 1100 1418 ampliavit
1115 1384 1274 1408 enarrator
1289 1377 1427 1409 Lucretii
1449 1378 1543 1417 longe
1557 1377 1668 1417 longe-

938 1442 1001 1471 que
1016 1431 1261 1468 venustissimus,
1277 1430 1311 1459 in
1326 1439 1393 1469 geo.
1410 1429 1441 1458 ii.
1458 1432 1530 1459 525.

1228 1503 1393 1533 pinguesque
1405 1502 1432 1525 in
1445 1501 1566 1532 gramine
1576 1500 1644 1526 laeto

973 1545 1046 1567 Inter
1057 1550 1084 1567 se
1095 1542 1210 1566 adversis
1222 1542 1359 1565 luctantur
1369 1539 1493 1564 comibus
1504 1540 1585 1564 haedi.

987 1606 1060 1636 Ver.
1077 1609 1149 1636 522.
1172 1607 1306 1635 candor:
1333 1604 1374 1633 V.
1399 1602 1446 1633 ed.
1471 1605 1620 1639 candore‚-
1644 1609 1676 1634 et

944 1669 1004 1688 ver.
1021 1661 1094 1688 5521.
1113 1664 1153 1688 Π.
1170 1657 1299 1697 confuse.

989 1709 1069 1739 Ibid.
1104 1710 1201 1740 viridi
1229 1710 1353 1738 candor.
1398 1705 1537 1736 Pulchra
1563 1711 1620 1744 est,
1643 1711 1674 1736 et

945 1761 1072 1792 ornatus
1082 1771 1152 1791 vere
1163 1759 1284 1800 poetici,
1294 1762 1358 1790 lcaec
1368 1760 1536 1789 viriditatis
1547 1760 1581 1788 in
1591 1759 1678 1793 colle,

947 1820 1040 1854 atque
1056 1815 1155 1844 ovium
1171 1813 1326 1849 candoris,
1346 1809 1505 1850 oppositio.

992 1866 1067 1895 Ver.
1082 1868 1154 1895 525.
1178 1864 1230 1894 De
1245 1864 1305 1893 hoc
1318 1863 1387 1892 loco
1403 1861 1588 1892 crediderim
1604 1860 1678 1891 Vir-

949 1917 1061 1958 gilium
1076 1916 1239 1957 cogitasse,
1256 1925 1356 1956 quum
1371 1913 1507 1944 similem
1523 1913 1681 1954 Tyrrheni

951 1968 1106 1999 exercitiis
1121 1972 1319 2007 prospectum
1336 1965 1426 1996 nobis
1441 1975 1494 2004 per
1508 1965 1681 2005 imaginem

951 2021 1154 2051 bellissimam
1169 2019 1362 2059 depingeret,
1378 2017 1417 2047 ad
1435 2017 1512 2046 AEn.
1531 2016 1593 2046 viii.
1609 2020 1680 2047 605.

982 2087 1059 2112 Haud
1071 2086 1163 2118 procul
1182 2086 1245 2109 hinc
1255 2084 1365 2109 Tarcho
1376 2087 1404 2108 et
1415 2083 1554 2113 Tyrrheni
1564 2086 1624 2107 tuta
1643 2085 1683 2107 te·

1076 2135 1176 2160 nebant

985 2178 1078 2201 Castra
1088 2175 1167 2204 locis;
1186 2173 1309 2204 celsoque
1320 2172 1406 2196 omnis
1417 2172 1450 2196 de
1462 2171 1529 2195 colle
1540 2171 1624 2196 videri

985 2218 1043 2247 Jam
1056 2218 1162 2247 poterat
1173 2213 1252 2245 legin,
1264 2217 1291 2238 et
1302 2212 1361 2236 latiS
1372 2211 1500 2236 tendebat
1511 2211 1538 2234 in
1549 2211 1628 2235 arvis.

1001 2271 1074 2300 Ver.
1106 2273 1179 2300 524.
1218 2271 1398 2307 Camporum
1429 2270 1567 2308 conplent
1604 2270 1678 2299 loca.

958 2324 1063 2361 Idem,
1081 2323 1156 2353 AEn.
1172 2322 1223 2352 vii.
1241 2325 1310 2353 645.

1274 2400 1349 2425 quae,
1361 2401 1497 2426 quemque
1506 2398 1622 2425 secutae,

987 2439 1033 2462 Con
1034 2436 1128 2469 pler-int
1137 2439 1235 2468 campos
1245 2435 1320 2459 acies.

1002 2505 1076 2535 Ver.
1092 2508 1165 2536 525.
1184 2504 1223 2534 In
1234 2505 1292 2534 hoc
1307 2504 1376 2534 loco
1389 2504 1425 2534 P.
1441 2513 1535 2544 quem
1550 2503 1688 2543 plerique

959 2559 1093 2589 editores
1108 2558 1205 2588 secuti
1220 2563 1303 2593 sunt,
1317 2557 1422 2596 posuit
1435 2567 1512 2587 verr.
1527 2560 1599 2588 529.
1615 2559 1686 2586 350.

960 2611 1087 2651 reliquis
1102 2610 1339 2649 exemplaribus,
1356 2615 1420 2639 tam
1437 2619 1535 2638 manu
1548 2606 1689 2642 exaratis,

962 2674 1056 2704 quam
1084 2663 1252 2702 impressis,
1277 2662 1422 2693 ordinem
1452 2666 1594 2691 nostrum
1622 2657 1688 2688 edi-

965 2716 1115 2746 centibus.
1161 2715 1309 2745 Primum
1332 2714 1372 2744 de
1394 2715 1487 2753 copiis
1505 2711 1692 2751 pedestribus

967 2769 1053 2810 loqui
1068 2769 1235 2799 Lucretius
1257 2768 1391 2804 videtur,
1417 2771 1521 2805 postea
1546 2763 1584 2794 de
1609 2763 1690 2793 ludi-

967 2820 1081 2851 bundis
1097 2821 1240 2860 equitum
1252 2818 1446 2849 discursibus.
1491 2815 1602 2852 Porro,
1613 2814 1691 2844 dua-

965 2873 1024 2901 bus
1039 2882 1077 2902 ex
1099 2869 1339 2901 circumstantiis
1366 2872 1590 2907 argumentum
1615 2877 1689 2896 con-

966 2923 1065 2953 cludit
1081 2929 1200 2958 nostem
1222 2923 1356 2962 equitum
1371 2919 1486 2950 scilicet
1501 2925 1592 2955 motu,
1615 2928 1691 2948 con—
