1894 3253
662 239 901 291 LIBER
950 239 1260 289 PRIMUS.

1652 252 1715 292 83

236 382 319 418 360
353 377 545 419 Pondere
573 391 636 418 res
657 375 795 426 rebus,
819 374 948 416 nihilo
970 374 1125 429 majore
1145 373 1302 431 figura?

357 453 482 503 Nam,
506 453 537 492 si
558 451 818 494 tantumdem
839 458 899 492 est
919 450 963 490 in
983 449 1089 490 lanae
1109 448 1306 506 glomere,
1329 455 1529 505 quantum

353 527 552 582 Corporis
572 527 615 566 in
636 525 808 581 plumbo
829 532 904 574 est,
927 523 1187 565 tantumdem
1208 524 1389 579 pendere
1408 539 1484 579 par
1505 531 1582 574 est3

356 601 556 656 Corporis
577 600 774 641 obficium
796 607 857 640 est
876 598 1074 654 quoniam
1094 613 1282 653 premere
1303 599 1444 639 onmia
1463 599 1673 640 deorsum:

353 675 513 716 Contra
535 683 673 715 autem
694 681 845 714 natura
865 681 1006 714 manet
1027 673 1115 713 sine
1134 672 1321 727 pondere
1343 673 1489 715 inanis.

232 754 312 791 5365
347 749 478 807 Ergo,
502 749 615 804 quod
637 763 837 805 magnum
858 756 918 789 est
939 762 1074 803 aeque,
1098 747 1308 804 leviusque
1329 748 1507 798 videtur,

351 824 565 865 Nimirum
586 824 677 880 plus
698 839 784 865 esse
806 823 882 865 sibi
903 823 1085 864 declarat
1104 823 1255 873 inanis3

205 981 225 1012 i.
241 992 267 1012 e.
292 985 314 1000 “
332 981 413 1011 inter
428 991 538 1011 omnes
552 980 698 1017 stellas,·”
724 987 759 1011 ut
774 983 859 1012 siclus
875 981 940 1011 dic-

206 1033 328 1063 tionem
343 1032 485 1063 includat
500 1032 608 1062 minus
622 1032 812 1072 generalem.

251 1086 326 1115 Ver.
344 1088 417 1115 354.
433 1092 573 1115 truncos.-
595 1090 635 1114 Π.
651 1082 942 1124 troncos,antiquis-

209 1138 298 1167 simae
329 1137 506 1176 scriptionis
535 1142 608 1166 ante
638 1136 725 1174 alias,
752 1143 789 1166 ut
810 1135 944 1173 videtur,

208 1190 411 1219 membranas
428 1188 528 1218 MSS.
544 1188 801 1218 servantissimus.

252 1241 328 1270 Ver.
342 1242 418 1271 555.
447 1239 531 1269 Cum
546 1239 596 1269 his
610 1239 751 1269 versibus
761 1241 842 1269 bene
858 1248 944 1269 com-

209 1292 296 1323 misit
311 1292 490 1322 Lambinus
511 1291 607 1321 simili
631 1297 822 1332 argumento
847 1291 944 1330 locos,

207 1350 239 1374 et
253 1344 404 1382 oratione,
421 1342 463 1373 ad
479 1343 517 1374 ἰν.
535 1346 607 1374 616.
619 1342 658 1373 vi.
673 1346 747 1382 951,
761 1342 946 1374 asa—Pro

208 1403 322 1432 meant,
341 1403 382 1427 Π.
398 1397 492 1427 habet
506 1402 596 1426 meat.

251 1449 327 1480 Ver.
353 1453 428 1481 556.
460 1451 711 1480 Transvolitanc:
749 1456 791 1480 Π.
824 1450 942 1483 Trans-

208 1503 329 1533 volant:
356 1507 387 1531 et
414 1502 500 1531 hunc
527 1501 640 1531 erroris
665 1501 799 1540 fontem,
830 1512 944 1542 nempe

210 1552 350 1592 syllabae,
376 1552 425 1582 vel
450 1553 561 1591 literae,
585 1552 776 1592 interpositae
802 1553 943 1585 omissio-

207 1615 296 1643 nem,
317 1604 439 1646 quoties
454 1604 540 1646 quod
556 1605 689 1645 supersit
703 1604 850 1636 dictionis
865 1606 945 1637 inte-

209 1666 300 1697 gram
337 1662 430 1698 atque
466 1656 645 1697 legitimam
681 1667 791 1687 vocem
821 1658 944 1694 efficiat,

206 1707 371 1748 attigimus
387 1708 465 1738 olim
479 1708 513 1738 in
531 1708 605 1739 Silv.
619 1708 694 1739 Crit.
706 1709 738 1739 ii.
750 1720 778 1748 p.
792 1713 820 1740 6.
845 1709 944 1739 Vide-

204 1770 239 1790 as
254 1760 350 1790 etiam
365 1759 506 1796 inferius,
524 1760 569 1790 iii.
587 1764 678 1791 1022.
690 1760 729 1790 iv.
743 1763 814 1791 435.
838 1761 946 1790 Liceat

203 1812 296 1842 nobis
321 1813 403 1841 hanc
430 1822 498 1841 rem
524 1822 591 1841 uno
617 1817 648 1841 et
677 1811 774 1841 altero
800 1811 945 1850 exemplo

203 1862 425 1892 confirmatam
455 1862 541 1892 dare.
598 1862 724 1891 {Marius
756 1861 876 1900 Victor,
910 1862 943 1891 in

206 1923 278 1953 gen.
295 1913 338 1943 iii.
362 1913 406 1943 ita
421 1913 516 1943 etiam
529 1912 705 1943 accuratius
718 1913 944 1954 interpungen-

203 1963 283 1994 dus:

203 2048 353 2079 Imperium
365 2055 428 2073 ecce
438 2049 534 2073 damus
545 2049 620 2073 vobis
629 2055 670 2073 res
680 2054 784 2080 prorsus
793 2048 819 2072 in
829 2055 924 2074 omnes
930 2057 938 2079 ;

200 2088 313 2119 Totque
333 2088 404 2113 inter
415 2089 514 2120 species
526 2095 629 2119 rerum,
641 2094 703 2120 quae
720 2092 817 2120 sponte
828 2095 941 2114 moven-

329 2131 384 2158 tur,

201 2167 306 2192 carnea
317 2167 441 2192 membra
453 2167 563 2198 quidem
575 2170 678 2192 vestros
688 2167 821 2199 largimur
830 2168 857 2192 in
869 2175 941 2199 usus,

208 2207 373 2237 Quanquam
383 2206 547 2231 interdictum
558 2207 633 2232 vobis
643 2215 659 2232 a
669 2207 801 2239 sanguine
813 2207 886 2232 vivo

204 2246 264 2271 Esse
276 2246 348 2271 volo.

205 2321 293 2350 Libri
309 2321 385 2352 dant
401 2324 569 2361 interdum,
587 2323 699 2362 elapsis
715 2323 812 2354 literis
828 2325 888 2358 z'ct‚·
915 2330 947 2354 et

206 2374 276 2402 πίυί.
324 2372 478 2411 Stobaeus,
505 2375 567 2404 eth.
599 2384 691 2404 serm.
718 2374 762 2405 lii.
792 2374 840 2405 ed.
871 2374 944 2415 Tig.

208 2423 362 2462 Δῆμαδης,
380 2425 392 2454 ὅ
407 2427 508 2467 ῥητωρ,
526 2429 639 2465 ληφθεις
657 2433 858 2466 αιχμαλω-τας
872 2440 896 2457 εν
909 2441 946 2469 τῃ

206 2488 292 2505 κατα
319 2481 487 2516 Χαιρωνειων
513 2490 605 2519 μαχῃ
633 2477 689 2508 ὑπο
716 2483 867 2514 ‘bilta-¹3⁶8,
896 2492 946 2510 και

210 2533 521 2561 ΣΤΝΕΣΤῙΑΘΕΙΣ
539 2544 629 2570 ezr-1721,
659 2543 746 2562 εκεινε
762 2543 844 2574 παρα
860 2544 947 2563 ποῦ-ὀν

211 2592 405 2619 σεμνυνομενκ,
424 2586 475 2610 ns
492 2582 508 2613 ἡ
523 2594 645 2620 ευνγενεια
662 2595 712 2611 και
724 2582 740 2614 ἧ
755 2582 881 2624 ὑπεροχῇ
895 2597 947 2618 της

208 2635 350 2665 Αθηναιων
367 2641 492 2668 araxem&
522 2639 620 2673 E‘ym3
638 2648 681 2669 αν,
700 2641 764 2673 εφη,
780 2649 801 2665 ω
816 2639 948 2674 βασιλεν,

206 2698 259 2717 ’την
270 2698 321 2718 τῆς
334 2692 444 2719 πόλεως
456 2684 582 2724 Eoum-⁶12⁴,
595 2698 615 2715 ει
625 2688 765 2717 Aemoemv
774 2701 824 2726 μεν
837 2694 948 2719 Φιλιπ-

207 2748 272 2772 πος,
287 2736 453 2767 Μακεδονων
465 2736 491 2768 δε
509 2743 618 2780 Xoegm,
637 2750 816 2779 εστρατηγει.
845 2740 944 2779 Libri,

209 2790 369 2822 συσταθεις·
384 2788 588 2827 ineptissime.
604 2788 722 2825 Livius,
734 2790 752 2819 i.
771 2794 821 2820 24.
839 2793 858 2808 “
873 2791 945 2821 Ho-

207 2842 230 2857 “
245 2839 340 2870 ratios
358 2840 578 2881 Curiatiosque
597 2840 704 2879 fuisse,
722 2841 794 2871 satis
810 2849 947 2881 constat;

210 2892 234 2908 “
250 2900 308 2921 nec
319 2891 419 2922 ferme
435 2902 483 2922 res
494 2892 624 2933 antiqua
638 2892 699 2922 alia
714 2898 760 2922 est
776 2895 948 2924 notabilior.

211 2942 236 2959 ¹⁴
251 2940 374 2974 Tamen
390 2943 424 2974 in
439 2954 472 2974 re
488 2949 553 2974 tam
569 2942 653 2975 clara
680 2943 848 2976 nominum
864 2955 949 2976 error

986 983 1010 998 “
1023 979 1165 1010 manet.’'
1212 978 1328 1020 Vulgo,
1345 980 1476 1009 nobilior
1481 993 1492 1014 ‚·
1511 979 1630 1018 optime
1650 989 1722 1010 vero

986 1031 1067 1061 inter
1082 1042 1114 1061 se
1129 1030 1322 1062 conveniunt
1339 1030 1501 1069 vocabula,
1525 1038 1652 1069 constat,
1669 1042 1724 1062 no-

986 1086 1120 1120 tabilior,
1132 1086 1230 1115 clara.
1270 1082 1329 1113 Sed
1342 1088 1466 1122 tempus
1482 1089 1527 1113 est
1542 1083 1581 1113 de
1596 1083 1723 1114 diverti-

988 1136 1060 1166 culo
1074 1134 1273 1176 regrediendi
1287 1134 1321 1164 in
1338 1135 1432 1166 viam.

1032 1187 1115 1218 Ibid.
1130 1186 1401 1227 rigidumfrz'gus:
1415 1186 1435 1216 i.
1448 1197 1475 1216 e.
1490 1186 1576 1227 quod
1591 1186 1667 1218 facit
1682 1187 1726 1217 ri-

988 1250 1074 1281 gere:
1096 1238 1183 1269 unde
1199 1238 1338 1273 Persius,
1354 1237 1399 1267 iii.
1415 1239 1485 1268 105.

1052 1300 1082 1323 In
1094 1301 1201 1331 portam
1213 1297 1311 1329 rigidos
1323 1296 1409 1322 calces
1420 1296 1565 1321 extendit:

990 1347 1099 1379 mortis
1111 1358 1225 1387 nempe
1230 1347 1355 1388 frigore
1372 1345 1518 1387 rigentes
1551 1346 1643 1376 Dum
1652 1355 1726 1376 vero

990 1401 1104 1431 Festus
1119 1406 1149 1430 et
1172 1399 1298 1429 Nonius
1320 1398 1564 1437 interpretantur
1586 1399 1725 1437 rigidum

987 1463 1042 1495 per
1054 1453 1230 1494 frigidum,
1261 1455 1292 1480 et
1314 1449 1364 1480 hic
1386 1454 1533 1489 provocat
1563 1448 1605 1479 ad
1630 1449 1726 1490 Virg.

988 1516 1059 1547 geo.
1076 1504 1110 1535 ii.
1127 1506 1201 1534 516.
1225 1501 1352 1543 egregie
1374 1506 1514 1542 nugatur
1538 1500 1726 1542 grammati-

989 1569 1045 1589 cus
1058 1562 1199 1597 uterque.

1033 1608 1116 1640 Ibid.
1134 1613 1299 1647 permanat
1315 1608 1357 1637 ad
1372 1617 1447 1637 ossa.
1493 1605 1610 1636 Paullo
1625 1605 1727 1636 diver-

991 1661 1056 1691 sius
1072 1660 1282 1693 Mantuanus,
1298 1667 1367 1697 geo.
1382 1657 1426 1688 iii.
1444 1659 1516 1687 457.

1155 1719 1210 1742 ima
1221 1717 1297 1742 dolor
1308 1716 1449 1741 balantum
1460 1716 1547 1747 lapsus
1558 1715 1593 1739 ad
1604 1722 1670 1739 ossa.

1034 1767 1107 1797 Ver.
1123 1769 1199 1797 557.
1226 1766 1281 1795 An
1296 1776 1378 1805 quae,
1393 1765 1460 1795 vice
1475 1766 1581 1805 quod?
1599 1766 1725 1795 BENT-

990 1829 1108 1849 LEIUS.
1144 1816 1246 1847 Haud
1262 1816 1374 1856 placet,
1392 1827 1432 1846 ne
1447 1817 1598 1857 ambigua
1613 1817 1725 1847 evadat.

989 1868 1179 1900 constructio
1194 1869 1379 1905 verborum3
1402 1878 1460 1898 nec
1484 1868 1658 1898 necessaria
1680 1874 1738 1898 est-⁷

988 1919 1136 1958 mutatio,
1163 1925 1195 1949 et
1221 1920 1281 1949 hoc
1307 1925 1447 1958 tempore
1470 1925 1578 1950 contra
1601 1930 1725 1950 morem

987 1971 1141 2002 sermonis
1156 1970 1340 2001 Lucretiani
1356 1970 1453 2001 fieret.

991 2023 1104 2061 Voces,
1121 2024 1184 2054 sint
1198 2021 1272 2062 qud,
1285 2021 1402 2052 omittit
1412 2022 1607 2052 Veronensis
1619 2022 1725 2054 editio.

988 2076 1156 2111 Caeterum,
1174 2084 1239 2104 non
1253 2073 1336 2104 valet
1350 2075 1418 2104 haec
1434 2074 1595 2104 conclusio
1609 2075 1721 2114 poetae,

985 2137 1085 2168 quum
1102 2136 1197 2156 sonus
1218 2125 1383 2166 propagari
1407 2125 1503 2165 possit
1517 2136 1574 2165 per
1589 2130 1723 2165 saeptum

988 2179 1106 2217 locum,
1134 2189 1199 2208 non
1215 2184 1383 2208 meatuum
1396 2188 1569 2208 vacuorum
1584 2177 1645 2215 via,
1670 2177 1725 2207 sed

990 2230 1114 2261 aedificii
1131 2230 1336 2260 concussione
1359 2239 1397 2259 ex
1420 2229 1500 2258 a‘eris
1522 2229 1635 2258 vibrati
1650 2229 1724 2267 pul-

990 2284 1087 2321 sibus,
1112 2282 1184 2312 a'e'ra
1199 2282 1296 2312 etiam
1311 2288 1477 2312 externum
1492 2280 1567 2310 inde
1583 2290 1723 2310 commo-

988 2340 1089 2365 vente.
1151 2334 1266 2371 Aliter,
1298 2343 1355 2372 pro
1384 2344 1477 2364 vacuo
1508 2337 1725 2371 propugnator

989 2394 1094 2417 noster
1109 2385 1288 2416 admirabih'
1304 2396 1377 2416 curn
1389 2383 1524 2422 solertia,
1542 2389 1573 2413 et
1587 2383 1725 2414 versibus

990 2438 1210 2476 ornatissimis,
1226 2437 1426 2478 digladiatur.

1032 2490 1110 2520 Ver.
1134 2493 1208 2520 558.
1239 2492 1323 2519 haud
1346 2487 1429 2518 ullzi:
1467 2494 1508 2516 Π.
1539 2493 1595 2517 aut
1625 2486 1723 2518 nulla.

992 2541 1046 2571 Ad
1062 2541 1266 2580 posteriorem
1280 2540 1447 2570 lectionem
1465 2537 1592 2577 egregie
1607 2538 1722 2567 consti-

992 2593 1041 2622 tui
1055 2599 1157 2632 posset
1172 2592 1260 2622 locus
1275 2593 1334 2621 hoc
1350 2590 1456 2628 modo,
1473 2596 1504 2619 et
1519 2589 1650 2619 omnino
1667 2600 1725 2629 pro

996 2645 1069 2676 Cari
1084 2644 1325 2677 consuetudine:

1026 2712 1115 2743 Quod,
1138 2711 1186 2735 nisi
1207 2710 1296 2734 inania
1316 2709 1379 2739 sint,
1406 2708 1460 2740 qua
1482 2710 1589 2740 possent
1610 2714 1724 2739 corpora

1114 2757 1231 2781 quaeque

1020 2789 1157 2819 Transire,
1169 2788 1196 2812 id
1207 2788 1279 2812 nulla
1295 2787 1352 2813 fieri
1361 2787 1466 2813 ratione
1475 2788 1588 2813 videres.

992 2838 1033 2868 In
1049 2838 1212 2868 nonnullis
1234 2838 1464 2878 exemplaribus
1487 2838 1652 2868 inventum
1678 2841 1723 2866 est

993 2901 1054 2930 qua
1071 2891 1161 2925 irent,
1178 2900 1234 2928 pro
1248 2891 1343 2932 fieri;
1370 2889 1456 2920 unde
1471 2889 1515 2920 sic
1537 2888 1718 2920 concinnes:

1024 2959 1208 2970 —————-
1221 2948 1294 2974 haud
1305 2948 1359 2974 ulla
1371 2948 1438 2981 quiri
1448 2947 1552 2974 ratione
1562 2946 1674 2972 videre&
