1894 3253
543 248 776 298 LIBER
824 245 1238 295 SECUNDUS.

1548 252 1639 292 335

294 385 408 427 Scire
427 383 534 433 licet,
566 381 756 438 quaedam
777 388 861 422 tam
882 386 1068 420 constare
1088 378 1191 419 orba
1209 377 1359 427 colore,

292 459 432 511 Quam
453 458 539 499 sine
559 457 687 498 odore
708 455 790 497 ullo
809 453 1016 509 quaedam,
1048 453 1265 508 sonituque
1286 459 1457 494 remota:

292 534 380 575 Nec
401 533 536 573 minus
555 531 646 572 haec
667 531 850 572 animum
871 541 1118 584 cognoscere
1138 541 1256 581 posse
1277 541 1478 583 sagacem,

178 614 259 649 840
291 608 430 658 Quam
451 621 545 663 quae
566 614 660 647 sunt
681 604 767 646 aliis
787 603 908 644 rebus
927 602 1086 657 privata
1105 609 1311 642 notarum.

349 681 446 731 Sed,
478 695 532 721 ne
551 680 656 721 forte
674 686 808 734 putes,
846 676 932 718 solo
952 675 1124 730 spoliata
1142 674 1279 716 colore

291 755 480 809 Corpora
498 753 633 809 prima
651 766 819 793 manere
829 768 841 800 ;
877 750 1000 791 etiam
1021 756 1180 790 secreta
1197 749 1354 804 teporis

292 829 414 879 Sunt,
446 843 493 870 ac
513 827 677 885 frigoris
698 826 884 876 omnino,
919 824 1120 880 calidique
1140 824 1306 879 vaporis
1314 842 1327 874 ς

292 903 350 944 Et
370 903 506 944 sonitu
525 902 674 951 sterila,
707 909 748 942 et
767 915 865 942 suco
878 899 1033 954 jejuna,
1065 898 1270 949 feruntur3

180 983 261 1020 845
293 978 383 1020 Nec
396 977 555 1033 jaciunt
575 976 701 1018 ullum
721 974 938 1031 proprium
957 973 1009 1015 de
1029 988 1204 1029 corpore
1223 973 1406 1015 odorem.

150 1135 249 1167 critici
265 1133 451 1175 confugium
466 1134 597 1164 omnino
612 1132 822 1164 necessarium
835 1131 878 1161 vi·

152 1188 291 1218 debatur.
337 1187 426 1217 Inter
449 1185 668 1226 hujuscemodi
696 1185 780 1215 locos
810 1184 879 1221 iste,

151 1249 225 1270 cum
240 1249 302 1280 quo
316 1238 406 1269 nobis
421 1248 506 1268 nunc
521 1243 567 1268 est
578 1247 638 1275 res,
654 1246 770 1266 nornen
787 1245 879 1265 suum

149 1291 318 1331 profitetur.
365 1290 405 1320 Id
419 1290 569 1329 profecto,
593 1288 677 1330 quod
692 1287 878 1326 imprimen-

149 1345 229 1376 dum
239 1345 423 1383 curaverim,
440 1351 581 1375 notarum
595 1343 721 1380 scilicet,
739 1341 822 1372 fetus
835 1345 881 1370 est

149 1398 337 1438 conjecturae
352 1396 492 1436 propriae.
524 1396 599 1426 Non
617 1394 753 1425 deterius
767 1393 879 1424 fuisset

151 1450 290 1486 forsitan,
309 1460 366 1480 nec
382 1460 401 1479 a
414 1449 479 1479 veri
494 1448 700 1479 similitudine
715 1447 877 1484 remotius,

150 1503 246 1533 nota'i.
292 1504 421 1532 Privata
437 1507 543 1531 autem
554 1506 708 1538 notarum,
730 1498 816 1529 haud
830 1498 878 1527 in-

152 1558 295 1583 venuste:
322 1558 358 1582 ut
371 1562 458 1589 mori,
483 1561 542 1581 ver.
567 1554 640 1581 852.
664 1557 776 1581 secreta
797 1556 878 1589 lepo-

154 1606 207 1634 ris.
254 1603 376 1633 Omnes
385 1603 455 1633 libri
466 1602 666 1633 consentiunt
681 1602 714 1631 in
729 1607 877 1642 notaque,-

154 1656 215 1686 nisi
230 1655 314 1696 quod
331 1656 369 1686 Ο.
386 1656 497 1685 habeat
511 1662 656 1695 nataque,
673 1664 711 1684 ex
726 1653 812 1684 mera
829 1664 879 1684 ca-

154 1707 232 1737 lami
247 1706 452 1737 aberratione:
481 1712 513 1736 et
534 1705 661 1736 collator
684 1707 881 1735 membrana-

156 1771 229 1791 rum
243 1759 342 1790 Vind.
367 1759 406 1795 Q.
430 1759 552 1789 silentio
571 1764 771 1796 transcurrat,
795 1758 883 1799 quasi

156 1813 223 1842 haec
253 1811 442 1850 exemplaria
470 1810 565 1851 vulgo
591 1811 714 1840 editum
744 1814 884 1851 notisque

156 1864 335 1894 habuerint:
356 1862 440 1903 quod
451 1862 558 1892 nullus
573 1862 766 1893 crediderim.
798 1862 884 1899 Quid

159 1920 266 1946 autem
281 1914 339 1944 sibi
361 1913 435 1943 velit
458 1915 517 1943 hoc
540 1914 663 1944 dicendi
683 1924 792 1954 gemm,
816 1917 888 1946 aliis

158 1967 246 1997 rebus
266 1967 392 2005 privata
422 1967 569 2005 notisque,
593 1975 696 2006 neque
721 1966 889 1997 declaravit

158 2017 270 2058 aliquis
296 2017 329 2046 in
347 2018 432 2047 hunc
451 2028 550 2057 usque
573 2017 674 2055 diem;
701 2029 812 2059 neque,
841 2019 886 2049 uti

159 2079 309 2110 auguror,
325 2079 363 2098 ex
380 2068 491 2098 nostris
505 2068 624 2099 ossibus
640 2069 692 2100 ille
708 2071 872 2106 exorietur,

179 2152 214 2178 Ες
228 2147 251 2175 ‘r'
262 2159 292 2175 αν
307 2149 368 2183 ὑδως
382 2157 408 2174 τε
418 2149 466 2183 ῥεγῑ,
488 2159 536 2174 και
548 2149 646 2184 δενδρεω
656 2159 753 2184 μακρσι
769 2149 866 2186 τεθῆλῃ,

162 2219 216 2260 qui
237 2219 273 2249 in
295 2218 440 2258 explicito
464 2218 594 2249 daturus
620 2225 674 2249 est.
721 2220 794 2250 Hoc
813 2230 888 2250 sane

163 2270 289 2300 facienti
314 2281 370 2300 nos
395 2271 538 2301 omnium
563 2271 657 2310 primi
683 2271 888 2303 libentissime

164 2331 368 2361 assurgemus
414 2322 548 2361 Interea,
564 2333 621 2362 pro
636 2323 775 2364 genuina
791 2325 890 2364 po‘etae

167 2372 318 2411 scriptura
332 2382 436 2402 meam
449 2373 616 2404 lectionem
626 2386 690 2405 non
705 2376 889 2416 amplector;

166 2431 198 2455 et
220 2424 385 2455 sinceriora
406 2425 594 2464 exemplaria
609 2428 814 2466 exspectanda
830 2440 888 2468 pu-

167 2482 240 2506 tem.
285 2475 371 2510 Quid
397 2476 522 2508 autem?
550 2487 650 2516 quum
673 2480 745 2509 rehu.
769 2486 800 2509 et
823 2484 888 2512 s'e‘su

167 2538 231 2558 non
254 2527 416 2558 intervallo
430 2527 525 2569 longo
540 2529 666 2568 distent,
693 2541 734 2561 an
749 2530 889 2564 dicemus

165 2578 382 2618 reponendum
391 2577 402 2609 ?

199 2660 287 2691 Quam
301 2665 362 2691 quae
374 2664 437 2685 sunt
451 2661 506 2686 aliis
517 2669 590 2686 semu
601 2663 715 2695 privata,
731 2666 857 2698 notaque.-

167 2732 189 2763 i.
212 2743 237 2763 e.
262 2736 284 2751 “
301 2744 395 2773 quam
421 2745 466 2764 eae
491 2741 592 2774 partes
617 2736 751 2767 aliarum
777 2749 891 2775 rerum,

171 2786 194 2802 “
209 2795 278 2825 quae
293 2795 347 2824 per
374 2793 480 2816 notam
495 2786 633 2827 aliquam
648 2788 765 2825 sentiri,
792 2795 823 2820 et
845 2796 892 2820 at-

172 2838 195 2854 “
210 2836 289 2877 tingi
304 2838 491 2879 nequeant.'’
538 2840 640 2880 Sagax
663 2840 761 2871 lector
784 2852 892 2882 exper-

172 2887 319 2930 giscatur,
336 2898 366 2923 et
376 2892 451 2924 huic
463 2891 545 2924 nodo
557 2892 678 2934 ingenii
689 2904 826 2926 cuneum
838 2895 892 2927 ad-

170 2947 299 2973 moveat.

966 1130 1041 1161 Ver.
1058 1133 1130 1161 845.
1153 1132 1293 1161 omnino:
1321 1130 1643 1170 H.onmz'.—vaporis:

924 1181 967 1211 V.
984 1181 1031 1212 ed.
1049 1188 1089 1212 Π.
1106 1193 1236 1221 vapores.

968 1234 1049 1264 Ibid.
1072 1236 1170 1264 calidi
1193 1237 1322 1273 vaporis.
1367 1234 1441 1264 Hoc
1460 1233 1501 1264 ad
1516 1235 1650 1276 antiqui-

924 1283 985 1315 oris
1000 1284 1150 1314 orationis
1164 1284 1395 1323 simplicitatem
1410 1284 1531 1315 dictum
1546 1292 1603 1324 est,
1619 1293 1650 1316 et

925 1336 1067 1366 similiter
1082 1336 1121 1365 ad
1136 1335 1180 1366 iii.
1201 1338 1270 1367 127.
1293 1342 1329 1366 ut
1343 1335 1444 1367 multa
1457 1337 1519 1367 alia
1532 1337 1566 1367 in
1581 1338 1648 1368 Lu-

922 1387 1030 1425 cretio;
1054 1387 1148 1418 simul
1171 1392 1207 1417 ut
1232 1387 1352 1428 aliquid
1375 1394 1475 1428 tepore
1496 1388 1648 1419 intentius

922 1438 1086 1469 indicetur.
1130 1439 1181 1469 Ex
1210 1439 1268 1468 hoc
1303 1449 1418 1479 genere
1446 1445 1521 1470 sunt
1549 1447 1649 1480 μελιτι

923 1498 1067 1532 γλυκερῳ,
1091 1490 1189 1520 Hom.
1216 1490 1276 1520 Od.
1301 1497 1338 1521 T.
1363 1495 1413 1522 69.
1439 1499 1527 1531 γαλαι
1553 1499 1653 1523 λευκον

925 1543 1120 1584 (observante
1142 1542 1174 1572 id
1190 1542 1286 1572 etiam
1301 1542 1473 1583 Lambino)
1497 1543 1650 1583 ejusdem,

926 1594 964 1624 Il.
990 1600 1025 1624 Δ.
1053 1597 1124 1624 454.
1153 1599 1184 1624 et
1206 1593 1293 1624 mille
1315 1593 1429 1624 similia
1457 1594 1650 1626 Graecorum.

925 1645 1015 1675 Hinc
1030 1652 1149 1684 autem,
1171 1651 1208 1675 ut
1228 1645 1384 1686 ingenuos
1406 1655 1548 1686 agamus,
1571 1656 1651 1675 non-

925 1697 1006 1727 nihil
1027 1697 1203 1727 infirmatur
1224 1697 1317 1728 lectio
1340 1701 1362 1715 “
1378 1699 1492 1728 validos
1519 1697 1650 1735 aestus;”

926 1759 1022 1789 quam
1042 1748 1209 1789 vulgatiori
1225 1759 1282 1779 nos
1302 1748 1509 1788 praetulimus,
1535 1753 1557 1768 “
1573 1751 1652 1780 cali-

929 1804 951 1819 “
966 1803 1019 1832 clos
1034 1801 1156 1831 aestus'’
1180 1812 1305 1841 nempe,
1328 1812 1387 1832 nec
1411 1807 1518 1831 tamen
1540 1802 1652 1832 imme·

928 1852 989 1882 rito
1003 1852 1151 1890 fortassis,
1174 1852 1215 1883 ad
1229 1852 1249 1883 i.
1263 1856 1338 1883 501.

975 1903 1050 1934 Ver.
1061 1907 1133 1934 844.
1148 1906 1269 1935 sterila:
1289 1904 1324 1934 P.
1336 1906 1452 1935 sterilia
1459 1920 1469 1941 ;
1486 1914 1544 1935 nec
1555 1904 1653 1942 male;

931 1959 968 1985 ut
983 1965 1056 1984 mox
1071 1957 1198 1993 similia,
1214 1965 1276 1986 ver.
1294 1959 1364 1987 908.
1382 1963 1423 1986 Π.
1438 1958 1551 1987 sterili:
1576 1956 1656 1987 liber

931 2006 1015 2045 prior
1028 2018 1065 2038 ac
1080 2006 1162 2037 inter
1173 2017 1262 2037 voces
1272 2018 1343 2038 suco
1352 2013 1384 2038 et
1386 2007 1501 2048 jejuna
1513 2008 1655 2048 ponit.—

918 2058 1031 2098 jqjuna
1041 2072 1050 2088 .·
1068 2058 1162 2089 Vind.
1174 2058 1217 2089 V.
1229 2058 1276 2089 ed.
1290 2059 1329 2089 O.
1341 2059 1382 2095 Q.
1395 2064 1432 2089 Δ.
1449 2066 1488 2090 Π.
1499 2065 1533 2092 Σ.
1543 2066 1572 2091 et
1583 2072 1656 2091 una.

975 2109 1056 2140 Ibid.
1076 2111 1192 2148 sterila,
1214 2116 1251 2140 ut
1263 2111 1403 2147 sublima,
1424 2110 1444 2141 i.
1459 2114 1532 2141 541.
1548 2112 1655 2143 Faber.

974 2161 1047 2191 Ver.
1063 2165 1135 2193 845.
1157 2164 1270 2193 ullum:
1304 2169 1338 2193 Δ.
1361 2165 1656 2202 ulla.—proprizmz:

930 2212 1027 2243 Vind.
1045 2213 1083 2244 O.
1101 2214 1142 2249 Q.
1168 2220 1207 2244 Π.
1234 2220 1277 2244 Ω.
1297 2216 1438 2253 ])νο])νὶο,·
1466 2214 1546 2243 nihil
1571 2214 1658 2245 aliud

930 2264 1039 2305 utique
1049 2275 1145 2305 quarn
1154 2266 1292 2304 proprffi,
1307 2264 1327 2294 i.
1339 2274 1364 2294 e.
1374 2266 1543 2304 propriam.-
1562 2275 1659 2306 quam

932 2316 1068 2347 formam
1084 2318 1109 2346 si
1125 2317 1238 2356 saepius
1259 2327 1354 2347 ausus
1369 2327 1468 2347 essem
1483 2318 1656 2358 restituere,

934 2369 1039 2399 idonei
1064 2369 1188 2410 judices
1208 2368 1336 2399 fortasse
1361 2369 1529 2400 consilium
1550 2380 1658 2401 meum

935 2431 1000 2451 non
1022 2421 1256 2460 improbassent.

976 2472 1058 2503 Ibid.
1070 2473 1201 2514 jaciunt
1225 2475 1361 2504 odorem:
1394 2473 1414 2503 i.
1438 2484 1464 2504 e.
1482 2476 1658 2514 particulas

932 2528 1044 2559 odoras
1057 2528 1245 2569 jaculantur.
1290 2527 1461 2558 Pulchram
1475 2529 1555 2558 hanc
1570 2528 1656 2559 locu-

933 2581 1053 2612 tionem
1081 2580 1236 2621 Virgilius
1262 2590 1324 2611 non
1354 2580 1512 2619 praeteriit,
1534 2591 1602 2622 geo.
1624 2581 1656 2613 ii.

937 2636 1006 2663 152.

1029 2696 1073 2724 Et,
1090 2694 1111 2719 si
1122 2700 1175 2719 non
1187 2694 1269 2719 alium
1278 2693 1335 2719 late
1337 2694 1450 2726 jactaret
1461 2694 1570 2726 odorem,

1029 2736 1130 2759 Laurus
1141 2737 1208 2759 erat.

979 2793 1054 2823 Ver.
1071 2795 1142 2823 846.
1163 2794 1356 2823 amaracini:
1385 2799 1425 2823 Π.
1447 2805 1554 2825 amara
1577 2796 1659 2826 ci.—

936 2846 1097 2876 blandum:
1137 2845 1178 2875 V.
1210 2844 1259 2875 ed.
1285 2847 1658 2887 blandumque.—-stactae-

937 2908 1010 2937 que.-
1036 2896 1132 2927 Vind.
1158 2896 1197 2927 Ο.
1221 2901 1256 2927 Δ.
1274 2903 1314 2927 Π.
1334 2901 1369 2928 Σ.
1386 2904 1428 2929 est
1444 2905 1594 2938 actceque;
1620 2898 1657 2934 Q.

938 2950 1289 2990 nactaque-liquorem
1298 2963 1308 2981 .·
1337 2955 1378 2981 11.
1392 2951 1492 2990 liquor
1506 2955 1558 2981 est.
