1894 3253
715 247 773 292 T.
812 245 1190 292 LUCRETII

404 378 613 432 Denique,
635 376 763 417 multa
782 375 910 426 vides,
933 376 1079 432 quibus
1099 384 1141 418 et
1160 377 1272 418 color
1293 386 1333 418 et
1353 392 1474 432 sapor
1492 378 1590 428 una,

352 453 567 509 Religione
587 452 771 492 animum
790 452 901 506 turpi
922 466 1048 507 quom
1068 460 1238 509 tangere
1257 460 1394 507 pacto,

237 535 318 569 680
351 526 532 568 Reddita
551 534 646 567 sunt
666 541 761 567 cum
781 526 928 576 odore3
961 527 1003 567 in
1023 528 1168 582 primis
1187 527 1380 583 pleraque
1400 527 1524 569 dona:

352 601 462 642 Haec
481 601 607 657 igitur
626 602 748 642 variis
768 601 920 642 debent
941 610 1128 643 constare
1149 602 1307 659 figuris:

350 675 487 716 Nidor
507 675 618 716 enim
637 683 841 730 penetrat,
863 675 942 730 qua
965 691 1083 716 sucus
1104 691 1189 716 non
1210 677 1243 717 it
1262 677 1304 716 in
1326 684 1451 716 artus:

351 751 482 792 Sucus
501 750 599 790 item
619 764 817 799 seorsum,
840 758 880 789 et
900 764 1081 790 seorsum
1102 765 1238 804 sapor,
1268 751 1497 791 insinuatur

353 824 546 867 Sensibus
553 842 566 873 3
598 832 645 864 ut
664 838 807 864 noscas
828 824 970 877 primis
990 823 1154 864 differre
1174 824 1329 880 figuris.

235 905 317 942 685
349 899 578 941 Dissimiles
598 898 723 954 igitur
742 898 888 938 formae
907 898 1186 955 glomeramen
1206 899 1250 938 in
1270 913 1400 939 unum

353 974 636 1022 Conveniunt5
670 980 710 1013 et
731 987 793 1013 res
812 973 1022 1027 permixto
1043 973 1196 1013 semine
1216 981 1416 1013 constant.

207 1131 415 1170 suspicionem
453 1141 558 1161 meam
594 1130 769 1170 plurimum
799 1129 932 1171 adjuvat.

207 1184 270 1216 Sed
283 1190 379 1215 taceo.

248 1245 324 1275 Ver.
340 1247 411 1275 676.
435 1246 547 1283 igilur:
574 1244 593 1273 ἰ.
613 1254 640 1273 e.
663 1246 935 1282 amuda—postea

207 1295 379 1332 —deinde3
414 1305 451 1324 ex
480 1295 539 1324 hac
569 1294 678 1334 utique
708 1294 934 1334 peragratione.

208 1347 350 1384 Plautus,
371 1346 515 1386 Amphit.
532 1346 552 1375 i.
572 1349 597 1376 l.
613 1349 664 1376 55.

378 1428 418 1451 s'm
433 1427 509 1452 aliter
525 1427 593 1452 sient
610 1427 733 1456 animati,
753 1433 841 1457 neque
860 1427 936 1455 dent,

362 1473 424 1497 qua:
437 1470 529 1497 petat;

239 1509 298 1531 Sese
313 1506 391 1537 igitur
402 1505 510 1529 summa
522 1504 549 1528 vi
566 1505 682 1536 virisque
699 1512 793 1530 eorum
805 1505 936 1536 oppidum

363 1551 571 1576 expugnassere.

208 1622 313 1658 Quem
336 1621 441 1651 locum
459 1620 584 1650 Nonius
608 1619 781 1656 advocavit,
809 1620 840 1650 ii.
864 1624 936 1651 456.

206 1678 242 1702 ut
256 1674 342 1702 hunc
357 1681 484 1702 sensum
499 1671 566 1701 voci
582 1673 688 1711 Igitur
702 1677 859 1701 assereret.

250 1733 326 1762 Ver.
351 1735 425 1763 677.
453 1734 594 1771 Corpore:
632 1732 671 1762 P.
690 1731 731 1761 V.
757 1730 804 1760 ed.
833 1731 872 1761 Ο.
899 1732 937 1761 L.

211 1786 341 1824 Corpora
349 1800 359 1819 ;
376 1790 407 1813 et
421 1784 549 1818 nescias,
562 1793 632 1823 quae
647 1782 740 1812 lectio
756 1783 795 1812 sit
810 1783 935 1821 melior;

207 1836 266 1865 nisi
283 1835 368 1875 quod
390 1836 455 1865 haec
470 1835 652 1874 ambiguam
673 1834 937 1864 constructionem

208 1887 327 1923 reddat,
354 1892 393 1922 et,
421 1888 460 1917 ob
484 1886 666 1916 facilitatem
690 1886 863 1926 regiminis,
888 1887 936 1916 in-

209 1940 304 1980 genia
318 1940 488 1969 scribarum
506 1939 612 1977 sapiat.

254 1998 336 2028 Ibid.
359 2000 511 2028 cohibere:
536 1998 557 2028 i.
574 2009 600 2028 e.
615 1999 784 2034 continere,
800 1998 848 2028 vel
863 1999 937 2028 sim-

211 2051 331 2090 pliciter
345 2057 451 2080 tenere
466 2056 497 2080 et
511 2053 635 2086 habem-
663 2051 730 2081 sine
753 2051 818 2081 ulla
832 2051 878 2080 vis
892 2057 937 2081 at-

210 2112 271 2142 que
287 2101 475 2131 necessitatis
497 2101 633 2131 notione.
680 2102 731 2130 Ita
752 2102 847 2131 etiam
866 2102 937 2131 Vir-

209 2152 314 2193 gilius,
333 2152 408 2181 AEn.
423 2151 466 2180 iii.
483 2154 555 2181 4524.

241 2226 278 2250 At
291 2225 408 2257 Scyllam
419 2224 500 2249 caecis
510 2224 601 2249 cohibet
610 2225 737 2257 spelunca
748 2225 865 2250 latebris.

213 2301 307 2338 Quod
339 2300 463 2331 Servius
491 2300 585 2330 etiam
615 2300 759 2330 animum
795 2300 938 2339 advertit,

211 2356 346 2395 glossam
361 2365 452 2385 suam
466 2354 541 2384 hinc
566 2364 706 2384 exorsus:
736 2356 854 2386 cohibet
872 2366 938 2394 spe-

210 2410 312 2438 lunca.
357 2410 380 2425 “
398 2406 578 2447 Hypallage
591 2406 625 2436 in
640 2417 747 2437 sensu:
774 2417 851 2437 nam
871 2409 937 2446 ipsa

213 2463 234 2478 “
250 2471 280 2491 se
301 2465 383 2491 tenet
407 2459 491 2488 intra
505 2458 686 2497 speluncam
700 2459 874 2489 secundum
888 2459 936 2489 fa-

211 2515 233 2529 “
249 2509 392 2542 bulam.'’
438 2509 631 2550 Progredere
645 2510 685 2540 ad
700 2520 761 2539 ver.
783 2513 873 2541 1050.

254 2571 328 2601 Ver.
342 2574 414 2601 678.
438 2568 492 2600 Ad
506 2569 613 2599 locum
627 2569 818 2605 devenimus,
830 2570 938 2609 lector,

212 2622 355 2660 plurimis
372 2621 553 2652 criticorum
575 2621 842 2662 disquisitionibus
863 2633 937 2652 con-

210 2681 377 2705 trectatum
409 2685 445 2705 ac
474 2681 717 2705 controversum.
770 2675 863 2704 Duos
890 2685 936 2704 se-

210 2733 339 2766 quentes
353 2737 459 2757 versus
473 2727 623 2757 delendos
637 2738 701 2757 esse
716 2732 785 2766 post
798 2727 937 2756 Fabrum

212 2777 375 2808 Bentleius
396 2780 532 2817 censuit3
555 2779 730 2809 secundum
744 2785 936 2809 tantummo-

212 2830 253 2860 do
276 2830 427 2870 rejectum
452 2831 550 2861 voluit
575 2832 758 2862 Lambinus.
804 2831 872 2861 Nos
893 2830 936 2861 le-

212 2880 294 2911 niori
309 2891 407 2911 manu
421 2882 527 2911 omnia
549 2893 614 2913 esse
634 2882 795 2913 tractanda
808 2882 936 2912 arbitra-

213 2943 299 2970 mur;
321 2932 494 2973 etquidem
517 2933 714 2972 confidimus,
740 2933 869 2964 idoneos
882 2933 936 2973 ju-

914 2996 933 3003 u-

911 3005 931 3021 0

979 1129 1062 1161 dices
1076 1130 1169 1169 nihil,
1185 1130 1225 1162 ad
1239 1129 1323 1172 quod
1339 1129 1510 1167 offendant,
1533 1134 1708 1168 reperturos

977 1184 1010 1213 in
1027 1184 1250 1214 constitutione
1275 1193 1422 1213 versuum
1445 1182 1535 1211 nobis
1554 1181 1646 1218 facta,
1669 1182 1708 1210 ab

978 1236 1171 1274 optimorum
1186 1242 1216 1266 et
1239 1235 1528 1276 antiquissimorum
1550 1232 1708 1272 exempla-

977 1286 1061 1316 rium
1089 1287 1271 1317 auctoritate
1293 1287 1344 1316 vix
1367 1286 1467 1316 latum
1489 1295 1631 1325 unguem
1646 1284 1711 1315 dis-

979 1338 1171 1375 cedentibus,
1195 1344 1226 1368 et
1247 1349 1287 1368 ne
1302 1338 1496 1378 singularem
1511 1336 1639 1377 quidem
1654 1345 1708 1365 vo-

980 1390 1084 1420 culam
1113 1390 1356 1420 immutantibus
1383 1400 1421 1419 ex
1452 1388 1587 1418 arbitrio.
1632 1388 1709 1417 Post

979 1452 1075 1482 quam
1086 1441 1380 1480 praemonuerimus,
1393 1440 1639 1481 sugillationem,
1652 1449 1707 1478 po-

979 1493 1140 1532 pularibus
1154 1493 1358 1532 religionibus
1377 1493 1411 1522 in
1437 1492 1570 1522 transitu
1590 1491 1707 1530 impac-

979 1549 1056 1580 tam,
1083 1543 1182 1573 indoli
1198 1543 1394 1573 Lucretianae
1409 1542 1583 1573 admodum
1596 1552 1707 1572 conve-

980 1594 1060 1632 nire,
1077 1600 1107 1624 et
1120 1595 1220 1633 po'e'tae
1238 1604 1365 1633 scopum
1383 1593 1535 1633 explicata
1551 1599 1709 1623 construc—

981 1647 1066 1676 tione
1092 1646 1283 1676 declaratum
1305 1645 1496 1684 dederimus,
1523 1645 1564 1675 ad
1581 1644 1711 1675 varieta-

982 1706 1046 1729 tem
1077 1698 1220 1728 lectionis
1248 1697 1470 1728 recensendam
1500 1697 1708 1737 accingemur.

983 1754 1005 1769 “
1022 1750 1180 1790 Denique,
1210 1749 1311 1779 multa
1335 1749 1434 1786 vides,
1465 1748 1578 1789 quibus
1608 1747 1712 1786 plures

982 1806 1004 1820 “
1021 1813 1130 1832 sensus
1144 1801 1244 1832 solent
1258 1801 1355 1838 affici;
1375 1810 1450 1831 nam
1462 1806 1573 1839 praeter
1584 1806 1713 1835 tactum,

983 1857 1005 1872 “
1020 1862 1224 1884 communem
1240 1853 1398 1890 omnibus,
1414 1859 1445 1882 et
1459 1851 1607 1889 colorem,
1622 1862 1712 1891 sapor

983 1908 1005 1923 “
1021 1906 1116 1935 etiam
1132 1915 1190 1935 nos
1203 1904 1298 1934 afficit
1304 1916 1314 1941 ;
1338 1914 1402 1934 non
1417 1903 1483 1934 suci
1499 1913 1585 1941 sane,
1603 1904 1712 1944 (quem

983 1960 1006 1974 ‘⁶
1022 1967 1059 1986 ex
1075 1956 1274 1986 crassioribus
1288 1955 1447 1994 particulis
1465 1961 1575 1995 gustus
1590 1954 1712 1993 arripit)

984 2012 1007 2026 ‘⁶
1022 2008 1076 2039 sed
1089 2011 1209 2039 nidoris
1223 2019 1324 2048 sapor,
1349 2009 1429 2049 (tam
1444 2006 1597 2046 palatum,
1615 2016 1710 2047 quam

984 2063 1005 2077 “
1022 2069 1124 2097 nares,
1140 2059 1197 2089 sua
1212 2060 1241 2088 vi
1258 2059 1458 2099 contingens)
1478 2068 1573 2098 quem
1587 2057 1710 2087 tenuio-

984 2113 1006 2128 “
1022 2120 1070 2140 res
1084 2110 1255 2149 particulae,
1271 2110 1390 2139 extritae
1401 2108 1546 2144 flammis,
1561 2108 1712 2138 excitant:

984 2164 1006 2178 ‘⁶
1022 2166 1053 2190 et
1064 2160 1219 2199 imprimis
1229 2170 1264 2189 ea
1274 2160 1367 2196 dona,
1380 2160 1480 2189 thuris
1494 2164 1524 2189 et
1536 2164 1712 2189 aromatum

984 2214 1008 2228 ‘⁶
1023 2216 1111 2249 puta,
1137 2210 1269 2240 minoris
1283 2210 1384 2249 pretii,
1407 2216 1438 2240 et
1462 2210 1710 2250 frequentissime

984 2265 1006 2280 “
1022 2262 1167 2292 omnium
1195 2262 1229 2291 in
1255 2262 1315 2292 aris
1340 2262 1516 2292 turicremis
1539 2263 1710 2298 combusta,

984 2315 1006 2330 “
1021 2314 1079 2342 hoc
1095 2318 1185 2352 pacto
1199 2323 1308 2343 sensus
1322 2313 1470 2343 feriunt.'’

1026 2365 1108 2395 Ibid.
1135 2372 1162 2396 et
1188 2367 1284 2396 color:
1311 2366 1347 2395 P.
1364 2365 1461 2395 Vind.
1489 2366 1528 2401 Q.
1552 2372 1594 2396 est
1622 2367 1710 2401 odor,-

984 2422 1019 2448 Δ.
1036 2424 1077 2447 Π.
1102 2422 1136 2448 Σ.
1168 2424 1194 2448 et
1212 2420 1299 2454 odor;
1323 2417 1408 2457 quod
1423 2428 1481 2447 nos
1495 2417 1648 2452 dedimus,
1667 2417 1711 2447 le-

981 2470 1066 2509 gitur
1082 2469 1115 2498 in
1132 2469 1172 2499 V.
1189 2468 1235 2498 ed.
1252 2469 1289 2499 L.
1309 2469 1356 2498 Μ.
1375 2468 1414 2499 O.
1432 2475 1476 2499 n.
1492 2474 1523 2498 et
1540 2468 1599 2498 Pio
1614 2468 1709 2498 etiam

981 2520 1014 2549 in
1030 2520 1114 2550 notis
1128 2519 1441 2550 memoratum—unci
1457 2519 1543 2550 deest
1555 2519 1654 2549 Vind.
1670 2519 1707 2554 Q.

1023 2572 1098 2603 Ver.
1115 2575 1187 2604 679.
1211 2572 1278 2602 Hic
1292 2582 1407 2608 versus,
1430 2577 1461 2602 et
1483 2572 1536 2612 qui
1559 2571 1708 2611 sequitur,

982 2624 1140 2654 inversum
1165 2624 1282 2653 habent
1305 2623 1448 2653 ordinem
1472 2623 1506 2652 in
1523 2629 1564 2653 Π.
1587 2628 1619 2652 et
1639 2620 1708 2650 vul-

981 2675 1108 2715 garibus
1133 2675 1335 2706 editionibus:
1363 2681 1394 2705 et
1415 2676 1500 2705 abest
1521 2674 1605 2714 prior
1626 2677 1662 2702 Δ.
1677 2679 1706 2702 et

983 2732 1150 2767 E.-—quom
1175 2733 1321 2766 tangere:
1356 2736 1466 2756 omnes
1490 2723 1561 2754 libri
1588 2726 1708 2753 contin-

979 2790 1065 2818 ἕξετε,-
1089 2778 1144 2808 sed
1170 2778 1306 2808 maxime
1321 2776 1512 2817 probabilem
1540 2784 1605 2804 esse
1626 2775 1708 2804 hanc

981 2830 1128 2860 Lambini
1143 2830 1355 2870 conjecturam
1370 2826 1504 2858 solennis
1519 2825 1708 2864 permutatio

983 2894 1038 2911 των
1063 2892 1119 2912 con
1144 2886 1175 2911 et
1197 2892 1266 2911 cum
1292 2878 1383 2909 facile
1410 2876 1606 2917 persuadeat:
1636 2876 1706 2906 vide

981 2943 1085 2973 supra,
1108 2933 1148 2964 ad
1169 2942 1244 2962 verr.
1262 2934 1332 2962 153.
1352 2932 1573 2970 175.—-2mcto:
1599 2928 1644 2959 sic
1667 2928 1706 2959 O.
