1894 3253
189 265 278 306 112

679 254 738 302 T.
798 229 1181 301 LUCRETH

324 388 565 432 Obtendant
584 385 763 426 maculas
782 384 1005 441 generaleis
1025 399 1198 439 corpore
1218 383 1365 433 inesse3

323 461 570 506 Inmutabile
589 460 772 501 materiae
793 474 956 514 quoque
976 473 1125 513 corpus
1145 457 1297 499 habere

320 537 489 580 Debent
508 535 722 575 nimirum:
753 549 866 583 nam,
890 534 921 574 si
942 533 1170 588 primordia
1189 547 1329 574 rerum

322 610 566 653 Conmutari
587 609 720 665 aliqua
740 616 906 664 possent
927 608 1087 648 ratione
1107 607 1273 657 revicta,

208 692 286 729 595
321 687 530 728 Incertum
551 700 715 741 quoque
728 685 815 739 jam
837 691 1009 733 constet,
1032 682 1131 738 quid
1152 682 1278 737 possit
1299 681 1414 732 oriri,

321 761 437 810 Quid
457 768 651 816 nequeat3
685 759 803 799 finita
821 766 999 814 potestas
1021 757 1197 813 denique
1218 757 1396 812 quoique

320 835 416 885 Qua
436 850 533 876 nam
555 835 606 875 sit
626 835 801 883 ratione,
825 842 947 888 atque
967 832 1046 874 alte
1066 832 1264 873 terminus
1285 831 1445 871 haerens
1453 847 1466 880 ;

320 910 409 952 Nec
429 910 578 951 totiens
598 916 765 964 possent
785 907 1013 964 generatim
1034 906 1139 946 secla
1158 905 1308 946 referre

317 984 537 1034 Naturam,
560 991 707 1030 motus,
731 982 901 1031 victum,
925 995 1156 1036 moresque,
1179 987 1412 1034 parentum.

201 1065 284 1102 600

170 1229 222 1251 am
247 1216 332 1248 haud
357 1217 556 1247 invenustam
580 1214 705 1255 po'e‘tam
730 1213 898 1253 captavisse

171 1270 360 1303 dictionibus
386 1270 522 1300 victrices
549 1274 580 1297 et
605 1269 740 1302 revictae;
774 1272 810 1296 ut
832 1275 897 1295 uno

167 1329 307 1362 tempore
322 1328 387 1351 tam
402 1319 529 1357 milites,
553 1329 648 1360 quam
667 1318 896 1357 imperatorem,

168 1374 294 1417 egregia
316 1373 409 1404 laude
434 1371 607 1412 insigniret.
663 1371 750 1406 Quos
783 1370 898 1400 scilicet

169 1431 271 1459 hostes
286 1428 410 1457 vincere
432 1425 608 1465 nequirent,
633 1423 797 1454 consilium
813 1423 896 1459 vicit,

167 1487 199 1512 et
224 1480 395 1519 disciplina.
440 1478 514 1508 Non
545 1477 697 1515 discrepat
726 1472 896 1515 Drydenus

167 1540 298 1571 nostras,
314 1537 428 1563 conatu
443 1530 536 1571 longe
552 1528 743 1560 felicissimo:

195 1620 258 1645 The
268 1617 427 1651 vanquish’d
437 1617 524 1641 victor
532 1615 602 1639 sunk
614 1621 686 1646 upon
704 1614 752 1639 her
763 1614 858 1638 breast.

165 1701 248 1732 Vide
263 1701 367 1731 locum
384 1711 421 1730 ex
436 1699 568 1729 Anthol.
583 1699 650 1729 Lat.
667 1698 708 1728 ad
724 1698 819 1728 finem
837 1707 892 1726 no-

164 1760 267 1784 tarum
284 1753 316 1783 in
332 1763 392 1783 ver.
409 1756 462 1783 55.
484 1751 614 1792 hujusce
630 1750 708 1780 libri.

165 1805 240 1835 Hoc
253 1804 384 1844 Cruquii
396 1809 675 1839 commentatorem
692 1812 755 1831 non
771 1801 890 1841 effugit:

166 1860 188 1875 “
207 1857 290 1887 Mire
314 1862 422 1886 autem
444 1857 576 1893 revictoe,
601 1855 675 1895 quia
699 1864 792 1893 supra
817 1853 896 1884 dixit

164 1912 188 1928 “
206 1910 368 1940 victrices.’'

208 1959 282 1989 Ver.
299 1962 370 1990 598.
393 1960 517 1989 totiens:
548 1958 592 1987 ita
615 1958 652 1987 P.
670 1957 767 1987 Vind.
784 1957 825 1986 V.
849 1956 896 1986 ed.

167 2009 204 2040 L.
221 2010 268 2039 M.
294 2009 333 2039 O.
350 2014 385 2038 A.
408 2015 447 2038 11.
464 2008 502 2038 de
524 2008 586 2048 qua
606 2008 757 2046 scriptura
771 2008 844 2037 satis
859 2007 898 2036 sit

165 2059 262 2091 semel
277 2059 624 2098 monuisse—possent:
652 2065 691 2088 Π.
703 2061 840 2098 possint;
862 2058 896 2087 P.

167 2113 208 2143 V.
225 2112 272 2143 ed.
290 2117 397 2152 posset.

208 2163 283 2193 Ver.
311 2165 382 2194 599.
417 2163 593 2192 Naturam:
628 2161 665 2190 Β.
694 2162 840 2191 Natura:
866 2166 897 2190 et

170 2215 209 2245 G.
226 2215 262 2245 L.
280 2215 327 2244 M.
343 2213 492 2243 vocabula
518 2218 614 2243 motus
636 2218 667 2242 et
687 2224 780 2243 mores
796 2219 894 2242 trans-

167 2267 267 2307 posita
281 2266 440 2296 exhibent:
467 2265 573 2295 minus
588 2265 748 2295 concinne.

213 2318 294 2349 Ibid.
330 2329 425 2348 mores
450 2323 615 2357 parentum
646 2317 766 2358 referre.

168 2376 258 2410 pacto
272 2369 440 2410 Virgilius,
455 2378 522 2409 geo.
539 2368 582 2398 iii.
600 2371 669 2398 128.

821 2317 894 2347 Hoc

207 2455 373 2486 Invalidique
380 2458 484 2487 patrum
495 2454 606 2485 referunt
621 2453 724 2485 jejunia
736 2454 801 2478 nati.

211 2532 243 2561 V
245 2542 286 2561 er.
315 2535 388 2562 600.
428 2531 469 2561 In
498 2530 670 2561 lectionum
700 2531 897 2561 vexatissima

169 2583 324 2622 varietate,
346 2593 413 2621 noS,
437 2594 495 2622 pro
509 2584 655 2613 acumine
670 2584 811 2624 ingenito
826 2594 896 2622 pro·

170 2635 361 2665 habilitatem
373 2636 481 2672 secuti,
495 2642 617 2665 textum
629 2636 895 2665 concinnavimus.

170 2686 247 2718 Jam
262 2697 334 2717 vero
348 2688 499 2718 librorum
522 2688 701 2718 testimonia
715 2699 896 2718 recensean-

170 2745 233 2775 tur,
249 2748 312 2777 quo
326 2739 438 2769 melius
452 2740 491 2770 de
507 2741 670 2771 conatibus
683 2741 762 2770 meis
772 2746 896 2770 senten-

172 2789 251 2819 tiam
264 2788 392 2818 lectores
408 2792 489 2830 aequi
505 2792 584 2822 ferre
600 2798 754 2830 poterunt.

175 2847 213 2872 To
227 2848 280 2877 est,
304 2841 388 2881 quod
402 2842 582 2881 vulgaribus
597 2846 683 2873 abest
698 2843 896 2879 editionibus,

173 2903 348 2938 agnoscunt
375 2897 412 2927 P.
433 2898 472 2927 G.
491 2898 529 2927 V.
557 2898 604 2928 ed.
630 2900 665 2929 B.
682 2899 719 2929 L.
738 2899 784 2928 M.
803 2903 836 2929 Σ.
854 2905 898 2928 Ω..

174 2949 237 2980 Pro
252 2950 380 2989 quoique
395 2953 512 2986 nostro,
539 2948 641 2979 editur
662 2949 758 2990 vulgo
776 2951 898 2989 quoius-

375 1058 487 1100 Tum
508 1072 651 1114 porro,
675 1057 873 1114 quoniam
894 1064 954 1097 est
974 1063 1205 1097 extremum
1226 1054 1406 1110 quoique
1426 1065 1622 1093 cacumen

941 1223 1009 1253 que,
1029 1211 1077 1242 vel
1093 1211 1254 1252 cujusque;
1280 1209 1334 1239 sed
1362 1208 1402 1239 G.
1418 1209 1455 1239 L.
1487 1209 1534 1239 M.
1558 1209 1674 1239 habent

940 1276 1070 1305 quoque;
1097 1265 1133 1294 P.
1162 1270 1279 1300 autem,
1305 1262 1401 1292 Vind.
1428 1263 1470 1292 V.
1497 1261 1543 1292 ed.
1571 1262 1609 1292 B.
1635 1265 1674 1293 Σ.

941 1319 1086 1357 quodque.
1105 1317 1168 1346 Res
1179 1322 1224 1346 est
1236 1326 1309 1345 sane
1321 1316 1447 1344 incertae
1457 1314 1680 1353 divinationis;

941 1369 995 1399 sed
1010 1375 1117 1408 putem
1134 1378 1197 1398 non
1213 1364 1349 1397 deterius
1374 1367 1450 1402 fore,
1473 1377 1574 1407 neque
1598 1377 1670 1405 pro-

940 1420 1091 1451 babilitati
1107 1418 1252 1457 alienius,
1269 1419 1295 1448 si
1311 1428 1435 1448 versum
1458 1417 1501 1447 sic
1518 1417 1669 1458 refingas:

939 1499 1013 1522 Tum
1026 1503 1115 1528 porro,
1126 1496 1254 1526 quoniam
1265 1498 1304 1520 est
1316 1498 1472 1519 extremum
1484 1493 1510 1518 in
1521 1501 1616 1526 quoque
1627 1500 1670 1518 ca-

1064 1542 1179 1560 cumen:

938 1611 1002 1649 sed,
1018 1610 1138 1651 quoties
1153 1615 1291 1639 erratum
1318 1608 1358 1639 sit
1373 1608 1453 1638 circa
1479 1607 1672 1647 praepositio·

937 1672 1011 1693 nem
1027 1666 1071 1699 in,
1089 1673 1161 1692 cum
1172 1672 1231 1691 vox
1246 1661 1424 1700 praecedens
1439 1671 1458 1690 a
1469 1660 1559 1691 litera
1574 1672 1602 1690 m
1615 1659 1669 1690 de-

937 1714 1062 1752 sineret,
1080 1714 1149 1754 quis
1164 1723 1239 1743 nam
1256 1718 1301 1743 est
1316 1711 1494 1743 docendus?

981 1766 1056 1796 Ver.
1073 1769 1146 1796 601.
1174 1767 1330 1804 Corporis:
1358 1763 1395 1793 V.
1413 1763 1462 1793 ed.
1491 1769 1533 1793 Π.
1561 1765 1674 1802 Corpo-

937 1819 1166 1847 rzmz.—illius:
1192 1815 1235 1845 sic
1252 1815 1288 1845 P.
1308 1815 1347 1844 G.
1364 1813 1462 1844 Vind.
1491 1814 1526 1844 L.
1555 1814 1604 1844 M.
1637 1818 1672 1844 Δ.

942 1877 983 1900 Π.
1007 1875 1043 1900 Σ.
1072 1875 1115 1899 Ω.
1148 1867 1266 1907 Vulgo,
1297 1873 1340 1897 est
1363 1868 1505 1905 aliquod,·
1532 1866 1570 1895 B.
1593 1867 1674 1895 illuct

940 1924 1028 1961 quod.
1077 1920 1235 1960 Vulgares
1259 1919 1355 1949 etiam
1381 1917 1533 1948 editiones
1556 1918 1674 1947 habent

940 1976 1039 2003 nostri
1049 1975 1128 2013 quod
1136 1983 1148 2007 ;
1165 1982 1260 2012 quem
1271 1972 1436 2001 verborum
1448 1969 1592 2000 ordinem
1600 1969 1673 1999 nul-

941 2024 990 2054 lus
1018 2024 1141 2054 videtur
1171 2023 1268 2053 codex
1295 2022 1463 2052 vindicare.
1509 2021 1670 2059 Denique,

941 2082 986 2106 est
1001 2075 1078 2105 ordo
1092 2076 1269 2104 verborum:
1296 2079 1315 2091 “
1332 2072 1444 2110 Porro,
1462 2072 1611 2111 quoniam
1628 2077 1676 2101 est

941 2130 963 2144 ‘⁶
979 2126 1092 2166 cuique
1110 2125 1262 2166 (corpori)
1280 2133 1430 2153 cacumen
1456 2122 1541 2151 iuius
1564 2131 1672 2160 corpo-

941 2181 962 2196 “
977 2178 1030 2215 ris,
1062 2176 1219 2217 quod—.'’
1264 2176 1340 2206 Jam
1366 2184 1438 2203 vero
1465 2173 1584 2203 fuerint
1608 2173 1672 2204 for.

942 2236 1030 2265 tasse,
1047 2228 1161 2268 quibus
1176 2227 1216 2257 ad
1230 2228 1311 2256 hanc
1325 2235 1468 2255 normam
1485 2226 1674 2256 constitutus

941 2281 1028 2312 locus
1050 2281 1153 2320 magis
1179 2278 1339 2316 arridebit,
1369 2287 1426 2307 nec
1450 2277 1568 2318 majore
1599 2287 1673 2308 cum

940 2332 1129 2363 mutatione:

971 2415 1046 2438 Tum
1067 2420 1157 2446 porro,
1181 2411 1309 2443 quoniam
1327 2415 1367 2437 est
1383 2413 1543 2436 extremum
1559 2409 1674 2442 quodque

1063 2468 1195 2486 cacumen

971 2510 1093 2542 Corporis
1107 2509 1194 2538 ullius,
1207 2508 1324 2539 quod—z

941 2584 1054 2625 quibus
1066 2583 1211 2624 equidem
1223 2583 1283 2612 hoc
1294 2579 1469 2611 volentibus
1480 2587 1544 2608 non
1555 2585 1671 2615 repug-

942 2647 1024 2667 nem.
1078 2638 1218 2667 Ullorum
1235 2641 1266 2664 et
1281 2635 1401 2664 illorum
1419 2630 1522 2660 statim
1539 2628 1670 2667 permis-

942 2694 1052 2719 centur
1067 2687 1192 2723 iterum‚
1211 2685 1251 2715 ad
1265 2695 1328 2715 ver.
1348 2686 1419 2714 612.

986 2740 1060 2771 Ver.
1076 2743 1148 2770 60⁴2.
1172 2739 1319 2768 nimirum
1328 2749 1338 2766 .·
1366 2740 1406 2764 Π.
1428 2733 1554 2761 mirum.

986 2793 1060 2823 Ver.
1085 2796 1157 2823 604.
1181 2802 1228 2822 se:
1256 2791 1340 2819 abest
1362 2787 1403 2816 V.
1427 2783 1665 2823 zea—posthac.-

942 2846 984 2875 V.
1001 2845 1048 2875 ed.
1067 2845 1103 2874 Β.
1129 2850 1165 2874 Δ.
1186 2849 1226 2872 Π.
1245 2847 1277 2872 Σ.
1295 2839 1448 2879 posthaec.-
1474 2833 1673 2865 tantumdem

943 2903 996 2927 est.
1048 2895 1124 2925 Pius
1154 2893 1249 2924 etiam
1277 2890 1370 2921 habet
1393 2893 1576 2925 concretum,
1607 2886 1674 2915 vice

944 2953 1100 2979 secretum.
