1894 3253
620 275 855 324 LIBER
910 271 1218 322 PRIMUS.

1576 280 1668 321 119

313 411 484 453 Talibus
504 410 546 450 in
568 409 716 451 caussis
723 426 735 459 ;
770 423 822 450 ne
842 407 943 450 dum
962 407 1163 449 variantia
1181 420 1321 448 rerum

196 490 278 527 655
311 486 450 528 Tanta
470 493 592 541 queat
612 483 764 534 densis,
788 484 987 539 rarisque,
1010 497 1064 524 ex
1085 481 1248 540 ignibus
1269 496 1365 523 esse.

315 561 366 602 Id
387 575 566 616 quoque,
590 560 621 599 si
643 559 794 600 faciant
813 558 1046 599 admixtum
1066 558 1187 598 rebus
1208 558 1346 608 inane,

310 634 488 677 Denseri
509 640 706 688 poterunt
726 632 856 689 ignes,
880 632 1043 687 rarique
1062 631 1251 686 relinqui:

312 708 410 759 Sed,
433 708 529 763 quia
550 706 678 747 multa
703 706 778 747 sibi
799 714 973 747 cernunt
993 706 1201 747 contraria
1220 706 1365 755 inesse,

311 783 368 824 Et
387 782 563 839 fugitant
584 782 627 821 in
648 781 769 822 rebus
790 781 913 822 inane
931 781 1160 837 relinquere
1179 794 1351 835 purum;

195 863 277 900 660
309 857 456 899 Ardua
475 856 576 897 dum
596 864 804 907 metuunt,
827 858 1026 898 amittunt
1045 871 1157 906 vera,
1178 855 1274 896 via'i:

311 932 401 973 Nec
422 946 585 972 rursum
607 940 785 972 cernunt
807 939 1047 986 exemptum
1068 930 1189 970 rebus
1210 930 1347 978 inane,

311 1006 467 1048 Omnia
485 1005 664 1055 denseri,
687 1005 858 1062 fierique
878 1021 931 1047 ex
951 1004 1143 1047 omnibus
1163 1018 1294 1046 unum

165 1187 238 1217 tom,
266 1177 367 1208 deleta
381 1184 533 1217 tempore,
557 1178 606 1208 vel
622 1178 817 1210 inobservata
832 1179 897 1210 col-

166 1230 270 1269 latori,
286 1230 406 1271 virgula
421 1230 606 1260 horizontali
622 1241 716 1269 super
730 1231 899 1270 scripta.—

166 1285 271 1314 rebus:
298 1283 335 1313 P.
359 1285 626 1313 rerum—inane:
652 1283 696 1312 ita
726 1283 765 1313 G.
792 1284 828 1313 P.
857 1284 898 1314 V.

167 1335 214 1366 ed.
232 1335 269 1365 B.
286 1334 322 1365 L.
340 1334 387 1364 M.
405 1340 449 1364 Ω.
474 1334 590 1364 Editur
602 1334 713 1374 vulgo:

197 1425 251 1449 Nec
263 1430 369 1448 rursum
381 1428 507 1454 cernunt,
518 1428 651 1457 exempto
663 1426 742 1450 rebus
753 1425 837 1456 inani,

196 1464 295 1488 Omnia
305 1463 423 1488 denseri:

167 1547 237 1578 quae
252 1543 288 1568 ut
302 1537 472 1568 concedam
486 1538 635 1570 facilioris
650 1550 716 1570 esse
742 1546 900 1571 construc-

167 1589 273 1627 tionis,
289 1599 384 1629 quam
400 1600 446 1626 ea,
473 1600 543 1630 quae
559 1600 617 1620 nos
638 1590 812 1629 edidimus;
835 1592 902 1631 ipsa

168 1640 234 1670 haec
249 1640 392 1678 facilitas,
409 1650 482 1671 meo
493 1640 626 1681 judicio,
643 1642 669 1672 si
685 1643 901 1673 testimonium

168 1691 320 1723 librorum
336 1692 377 1723 ad
399 1693 551 1723 trutinam
573 1700 751 1724 accuratam
776 1705 899 1726 revoce-

168 1748 232 1782 tur,
260 1754 325 1773 non
352 1744 452 1773 levem
476 1744 509 1774 in
533 1755 565 1774 se
591 1746 684 1775 habet
712 1745 901 1785 importunae

169 1794 356 1825 mutationis
387 1795 614 1834 suspicionem;
652 1801 683 1825 et
718 1796 902 1835 praesertim,

170 1856 270 1886 quum
285 1848 381 1886 proba
396 1847 448 1883 sit,
463 1846 489 1875 si
504 1846 610 1885 paullo
626 1847 817 1887 exquisitior,
841 1848 902 1878 lec-

171 1896 297 1927 tionum
325 1896 571 1935 probabiliorum
596 1897 683 1928 ratio.
730 1898 781 1928 Sic
808 1898 903 1928 inter-

172 1948 302 1987 preteris
317 1947 424 1978 velim:
454 1951 475 1966 “
493 1949 561 1978 Nec
588 1955 696 1979 contra
721 1949 903 1989 dispiciunt,

174 2003 195 2018 “
212 2000 290 2041 quid
311 2000 368 2030 sibi
392 2000 466 2030 velit
488 2001 578 2031 vacui
603 2001 747 2042 negatio,
775 2008 806 2032 et
830 2003 904 2033 hinc

174 2054 197 2070 “
213 2061 309 2091 quam
324 2051 457 2081 absurda
477 2051 638 2082 conclusio
650 2059 808 2093 sequatur:
835 2064 903 2083 om-

175 2104 196 2120 “
212 2102 265 2132 nia
281 2102 398 2132 scilicet
412 2102 566 2133 denseri.‘’
614 2104 687 2139 Quo
710 2104 786 2144 quid
803 2104 903 2143 plani-

173 2164 211 2184 us
225 2153 337 2195 aliquis
351 2154 528 2186 desideret?
552 2154 628 2196 quid
648 2155 844 2194 concinnius,
859 2162 904 2187 at-

174 2215 234 2245 que
250 2205 460 2244 inculpatius?

221 2257 296 2287 Ver.
314 2261 385 2288 662.
412 2260 546 2289 denseri:
576 2258 674 2290 Vind.
699 2266 742 2290 Π.
768 2264 803 2291 Σ.
831 2262 904 2292 clen-

176 2319 250 2338 sarz.

219 2359 295 2388 Ver.
311 2363 382 2390 663.
397 2362 494 2391 nihil:
520 2360 563 2391 ita
574 2361 672 2392 Vind.
688 2363 729 2393 V.
745 2362 793 2392 ed.
805 2362 841 2393 L.
856 2363 903 2394 M.

179 2410 246 2440 alii:
285 2411 333 2440 his
361 2417 467 2442 tamen
493 2413 694 2444 observandis
728 2415 905 2453 praestiterit

178 2461 491 2500 supersedere.—ab:
530 2471 571 2494 Π.
597 2467 825 2505 ad.—‘rapt2'm:
862 2466 906 2496 ita

179 2512 217 2542 P.
234 2517 269 2543 Σ.
285 2518 315 2542 et
330 2513 538 2543 rectissimum
552 2515 686 2554 videtur,
707 2517 848 2556 quamvis
865 2517 905 2547 G.

179 2563 216 2593 Β.
232 2563 270 2593 L.
288 2564 335 2595 M.
353 2569 389 2595 Δ.
410 2571 453 2595 Ω.
477 2566 610 2596 habeant
624 2569 734 2606 raptis,
757 2573 788 2597 et
811 2567 906 2598 Vind.

179 2614 220 2645 V.
234 2614 280 2645 ed.
300 2622 340 2646 Π.
356 2623 487 2655 raptum.

224 2665 306 2696 Ibid.
345 2670 477 2707 raptim:
518 2668 538 2699 i.
565 2679 590 2699 e.
621 2669 769 2705 celeriter,
800 2670 844 2700 ita
874 2676 909 2701 ut

181 2717 301 2748 emissae
327 2720 487 2758 particulae
510 2720 692 2761 longissime
715 2721 866 2752 decedant
890 2734 909 2753 a

181 2778 321 2808 corpore,
345 2771 431 2811 quod
454 2783 506 2802 eas
521 2771 692 2812 jaculatur:
720 2772 774 2813 qui
790 2773 910 2803 videtur

183 2819 312 2851 effectus
325 2821 446 2861 stipatis
468 2824 649 2863 corporibus
673 2823 755 2854 male
781 2834 911 2854 consen-

183 2869 250 2901 tire.
274 2875 296 2889 “
313 2874 452 2914 Raptim,
469 2875 591 2914 οξεως.-”
613 2881 702 2905 vetus
717 2875 910 2915 glossarium.

188 2920 359 2961 Homerus,
375 2927 482 2967 hymn.
499 2927 604 2967 Apoll.
620 2931 693 2959 574.

232 2980 320 3012 Vox..
338 2982 364 3015 1.

936 2985 951 3014 Ι

1285 1187 1356 1212 μενος
1368 1179 1428 1208 οξεος
1439 1182 1524 1206 nmmo
1533 1183 1544 1202 .·

941 1244 1026 1285 quod
1041 1242 1197 1283 Virgilius
1213 1241 1256 1271 sic
1271 1240 1429 1280 expressit,
1444 1249 1513 1279 geo.
1528 1238 1548 1268 i.
1566 1242 1616 1269 92.

1262 1316 1381 1349 rapidive
1392 1316 1514 1348 potentia
1523 1315 1593 1340 solis.

987 1385 1062 1415 Ver.
1079 1388 1150 1415 664.
1174 1386 1255 1423 ignis
1269 1385 1371 1413 lumen
1377 1382 1470 1422 jacit.
1501 1380 1674 1411 Pulchram

944 1438 1025 1467 hanc
1048 1436 1241 1466 locutionem
1263 1436 1296 1465 in
1327 1434 1456 1475 Virgilii
1481 1432 1675 1464 carminibus

945 1489 1129 1520 indubitatis
1143 1499 1300 1529 nusquam
1311 1486 1445 1518 inveniri
1454 1496 1576 1525 semper
1585 1485 1676 1515 valde

944 1542 1116 1572 admiratus
1130 1552 1210 1571 sum.
1235 1541 1276 1571 In
1291 1539 1461 1578 Culice,de
1472 1538 1537 1569 sole
1546 1543 1677 1568 venuste

944 1593 1060 1634 legitur
1074 1584 1232 1630 adhibita,
1241 1601 1301 1622 ver.
1321 1595 1392 1622 102.

976 1671 1035 1703 Qua
1044 1671 1111 1703 jacit
1124 1677 1258 1695 oceanum
1269 1669 1392 1700 flammas
1403 1668 1430 1692 in
1441 1670 1590 1697 utrumque
1600 1671 1675 1697 rapa-

1069 1717 1115 1734 cis.

947 1769 1015 1800 Nos
1029 1770 1142 1808 saepius
1159 1768 1233 1798 huic
1259 1765 1423 1807 elegantiae
1447 1762 1598 1795 sermonis
1622 1773 1675 1793 ex-

947 1819 1095 1850 ornandae
1111 1818 1372 1860 qualemcumque
1394 1816 1525 1846 demum
1550 1824 1679 1854 operam

948 1871 1227 1901 navavimus.—In
1237 1875 1385 1911 sequente
1399 1878 1489 1898 versu
1502 1874 1547 1898 Ω.
1562 1866 1616 1897 dat
1630 1877 1677 1904 er,

948 1922 1015 1952 vice
1029 1934 1056 1953 e.

989 1975 1066 2005 Ver.
1083 1978 1155 2005 666.
1179 1972 1243 2004 und
1255 1987 1266 2003 .·
1290 1972 1334 2002 sic
1350 1972 1388 2002 P.
1412 1976 1443 2001 et
1456 1979 1538 2005 vere,
1564 1974 1601 1999 ut
1618 1979 1678 2008 pu-

949 2030 1022 2061 tem,
1053 2025 1196 2066 quamvis
1225 2023 1313 2054 aliud
1340 2022 1488 2063 quiddam
1525 2020 1679 2051 sublatere

948 2076 1081 2107 innuere
1104 2076 1269 2107 videantur
1295 2076 1334 2106 G.
1351 2075 1388 2105 L.
1406 2075 1455 2106 M.
1478 2073 1588 2104 dantes
1602 2074 1678 2111 mia,

949 2134 980 2159 et
995 2129 1094 2159 Vind.
1110 2130 1150 2160 V.
1175 2129 1222 2159 ed.
1250 2129 1287 2158 B.
1306 2128 1345 2158 Ο.
1370 2132 1404 2158 Δ.
1423 2133 1464 2157 Π.
1481 2130 1516 2158 Σ.
1534 2131 1579 2156 Ω..
1601 2136 1678 2163 una,

948 2180 1110 2211 literarum
1125 2180 1273 2210 ductibus
1289 2188 1413 2219 prorsus
1424 2176 1650 2208 consimilibus.

993 2231 1075 2263 Ibid.
1093 2238 1226 2271 potesse.-
1264 2231 1403 2271 antique,
1433 2235 1469 2259 ut
1498 2227 1679 2265 Terentius,

949 2289 979 2314 et
994 2283 1048 2314 alii
1063 2284 1191 2323 priores,
1219 2293 1296 2323 quos
1311 2281 1451 2312 aemulari
1469 2290 1533 2310 non
1556 2279 1680 2309 dubitat

949 2335 1154 2373 Prudentius,
1181 2334 1320 2365 Lucretii
1346 2333 1380 2363 in
1403 2332 1511 2372 primis
1537 2335 1678 2366 sectator,

947 2386 1110 2426 peristeph.
1132 2396 1161 2416 x.
1178 2389 1249 2416 803.

1043 2464 1133 2488 Unam
1145 2462 1258 2487 labantis
1270 2461 1395 2494 dissipare
1406 2464 1463 2485 tam
1478 2459 1523 2483 diu

1042 2504 1093 2527 Vos
1105 2509 1159 2527 non
1169 2505 1262 2535 potesse
1274 2501 1404 2526 fabricam
1416 2496 1582 2530 corpusculi!

993 2567 1068 2597 Ver.
1085 2570 1157 2598 667.
1181 2573 1290 2598 coetus:
1317 2566 1360 2595 sic
1389 2565 1428 2594 G.
1445 2564 1482 2593 P.
1505 2563 1542 2592 L.
1559 2562 1607 2592 M.
1633 2568 1677 2592 Ω.

950 2618 994 2648 ita
1008 2619 1044 2660 ἴῃ
1059 2629 1149 2648 voces
1166 2621 1263 2657 igneis
1280 2619 1312 2647 in
1337 2622 1429 2647 coelus
1455 2615 1499 2654 ὑφ’
1518 2614 1542 2644 ἓν
1565 2613 1678 2652 accipi-

952 2662 1047 2700 enda?-
1067 2669 1141 2706 sint,
1169 2668 1257 2708 quasi
1280 2669 1379 2706 igneis
1394 2667 1547 2700 collectos;
1574 2664 1615 2695 V.
1631 2663 1679 2694 ed.

954 2722 990 2751 B.
1008 2719 1051 2751 A.
1061 2728 1105 2760 Π.
1117 2726 1205 2757 creta,
1217 2729 1287 2759 quae
1302 2716 1475 2747 naturalior
1488 2715 1594 2746 haberi
1608 2725 1678 2755 pos-

953 2772 993 2802 sit
1008 2772 1208 2808 constructio,
1224 2776 1255 2800 et
1270 2781 1283 2800 s
1299 2769 1462 2799 adhaesisse
1477 2778 1515 2799 ex
1531 2772 1679 2808 sequente

954 2824 1060 2853 verbo:
1098 2822 1153 2852 sed
1182 2821 1347 2851 Lucretius
1375 2826 1481 2851 noster
1508 2829 1611 2860 neque
1640 2818 1679 2848 ad

954 2873 1090 2914 vulgaris
1114 2872 1266 2902 sermonis
1280 2873 1416 2902 rationes
1430 2877 1548 2902 temere
1563 2876 1608 2900 cst
1630 2880 1677 2899 re-

954 2925 1118 2967 digendus,
1131 2924 1311 2956 melioribus
1320 2924 1407 2955 libris
1416 2922 1677 2964 dissuadentibus,
