1894 3253
540 213 773 262 LIBER

835 212 1253 262 SECUNDUS

1550 219 1641 261 359

282 351 544 405 Lunamque,
576 355 617 389 et
638 348 731 390 solis
751 346 950 403 praeclara
972 346 1061 387 luce
1082 347 1278 387 nitorem:

277 424 433 467 Omnia
454 439 547 480 quae
568 438 680 465 nunc
701 423 734 463 si
754 422 937 477 primum
959 420 1200 462 mortalibus
1222 428 1370 470 essent,

277 499 345 541 Ex
366 499 576 554 inproviso
597 499 630 540 si
650 498 732 538 sint
752 497 911 551 objecta
931 502 1120 551 repente3

275 574 390 624 Quid
413 575 542 631 magis
565 573 643 614 hiis
664 572 786 613 rebus
805 579 970 626 poterat
989 570 1177 612 mirabile
1197 570 1294 620 dici,

144 653 246 690 1035
280 650 367 689 Aut
388 649 525 690 minus
546 656 642 690 ante
663 647 775 704 quod
796 647 996 688 auderent
1015 645 1104 687 fore
1124 645 1291 687 credere
1311 643 1479 701 gentes?

280 722 394 763 Nihil
416 731 461 763 ut
483 723 650 777 opinor3
686 723 743 762 ita
762 722 854 762 haec
875 722 1028 776 species
1048 720 1239 761 miranda
1258 719 1411 760 fuisset:

279 797 436 847 Quam,
469 797 543 838 tibi
559 797 648 852 jam
669 811 810 846 nemo,
842 795 968 837 fessus
988 795 1131 836 satiate
1152 793 1334 843 videndi,

128 955 182 985 ubi
210 953 322 984 similis
347 953 511 983 literarum
537 954 565 984 cl
593 952 732 983 adhaesio
758 951 865 982 lectio-

131 1017 205 1037 nem
221 1006 464 1043 vitiosissimam,
488 1007 544 1036 low
559 1007 600 1036 lie
616 1007 715 1042 down,
739 1014 868 1044 pepere-

128 1066 192 1096 rat;
227 1069 323 1098 quam
355 1058 494 1088 suturam
525 1069 592 1087 esse
628 1057 867 1096 exspectavisses

129 1117 194 1141 tam
210 1110 315 1149 lepido
330 1110 461 1150 ingenio
476 1109 673 1140 terriculum.

175 1162 257 1192 Ibid.
280 1168 400 1202 gentes.-
421 1162 440 1192 i.
457 1173 483 1192 e.
500 1164 671 1192 humanum
686 1173 792 1201 genus.
818 1161 870 1191 Ita

133 1214 300 1254 Virgilius,
326 1215 401 1244 [Eu.
419 1214 438 1243 i.
457 1217 506 1244 17.

363 1295 414 1319 hoc
428 1302 542 1327 regnum
555 1295 605 1319 dea
612 1294 729 1325 gentibus
738 1301 799 1322 esse,

133 1336 157 1360 Si
172 1336 225 1367 qua
238 1335 293 1359 fata
304 1335 404 1364 sinant,
417 1336 474 1366 jam
487 1339 548 1358 tum
561 1334 714 1365 tenditque,
724 1333 865 1364 fovetque.

132 1411 172 1442 In
188 1410 334 1449 proximo
349 1420 451 1447 versu,
469 1409 506 1440 P.
521 1411 626 1446 Μιῖίί,
642 1419 699 1448 pro
717 1411 822 1440 Arilzil.

172 1463 248 1493 Ver.
279 1465 371 1492 1057.
400 1464 520 1496 Quam:
547 1462 566 1492 i.
594 1472 619 1491 e.
647 1465 668 1478 ‘⁴

126 1518 149 1533 ‘⁶
167 1526 259 1554 qnam
287 1512 462 1552 speciem;”
495 1512 544 1542 vel
569 1516 595 1530 ‘⁴
612 1511 697 1552 quod
721 1512 760 1542 ad
786 1513 869 1542 hanc

133 1570 156 1586 “
173 1565 309 1605 speciem
326 1565 476 1595 attinet:''
502 1570 537 1594 ut
563 1567 618 1595 Ιιοε
643 1570 674 1594 et
698 1567 778 1604 quod
794 1575 867 1594 cen-

129 1618 186 1647 ties
201 1618 235 1647 iu
251 1618 301 1646 his
316 1617 402 1646 libris
417 1616 627 1652 adhibentur3
644 1615 790 1654 inspicias
807 1615 867 1645 du-

132 1671 210 1701 dum
225 1670 308 1700 dicta
323 1669 362 1699 ad
381 1670 399 1699 i.
417 1673 490 1699 2522.
515 1669 672 1704 Quaenam
700 1675 746 1698 est
771 1669 870 1709 igitur

134 1724 201 1752 haec
218 1722 340 1752 inscitia
355 1728 448 1762 atque
468 1721 629 1751 insulsitas
644 1721 815 1759 editorum,
832 1727 869 1751 ut

693 1460 869 1490 secundum

131 1785 226 1805 suum
258 1776 353 1809 Quom
381 1774 471 1804 nobis
497 1774 654 1814 ingerant,
677 1774 869 1804 membranis

127 1825 383 1863 reclamantibus,
406 1831 437 1855 et
454 1825 571 1861 Nonio,
601 1826 633 1856 ii.
650 1829 722 1857 791.
746 1826 779 1855 in
795 1836 869 1856 voce

133 1877 255 1908 satias?

176 1928 256 1958 Ibid.
279 1931 408 1960 satiate:
434 1934 470 1958 ut
496 1939 523 1959 ν.
548 1932 598 1959 40.
631 1932 724 1961 1390.
759 1929 871 1969 Dictys

133 1980 301 2018 Cretensis,
337 1980 376 2010 iv.
394 1983 423 2010 7.
449 1984 472 1998 “
491 1979 601 2020 Neque
615 1981 701 2019 prius
716 1980 790 2010 finis
805 1981 869 2010 fac-

132 2036 155 2050 “
172 2039 235 2070 tus,
259 2042 357 2072 quam
376 2033 504 2062 Graecos
518 2035 627 2069 satz'as,
651 2039 682 2062 et
697 2033 736 2062 ad
753 2039 869 2071 postre-

131 2086 154 2101 “
171 2094 261 2114 mum
290 2083 446 2123 fatigatio,
472 2084 639 2114 incessit:'‘
672 2090 707 2114 ut
732 2084 828 2114 etiam
844 2095 870 2115 v,

138 2139 186 2166 15.
211 2135 306 2165 Silius
324 2135 463 2170 Italicus,
488 2135 526 2165 iv.
546 2139 616 2166 110.

199 2218 254 2242 Nec
265 2216 334 2247 finis,
345 2217 470 2248 uniusve,
486 2217 539 2242 suit
551 2225 627 2242 —:

138 2296 179 2327 ad
194 2306 290 2336 quem
311 2296 418 2326 locum
440 2299 584 2329 consulas
600 2299 796 2340 interpretes,
818 2301 873 2341 qui

140 2347 230 2377 nobis
245 2347 353 2377 omnia
367 2348 563 2387 praeripuere.

178 2400 253 2429 Ver.
274 2402 364 2429 1058.
392 2402 566 2440 Subspicere
590 2404 624 2432 in
651 2404 720 2433 caelz·
749 2406 869 2443 templa.

140 2450 215 2480 Non
230 2450 320 2479 aliter
336 2450 502 2491 Virgilius,
529 2453 603 2483 AEn.
631 2464 659 2484 x,
680 2457 753 2486 898.
776 2466 872 2495 quem

139 2501 256 2532 idcirco
278 2508 385 2531 tamen
408 2503 607 2542 potissimum
629 2504 812 2544 admovebo,
836 2513 872 2538 ut

143 2553 227 2584 certa
242 2554 498 2593 interpretatione
519 2556 625 2586 locum
648 2557 870 2597 determinem3

138 2615 239 2645 quum
254 2616 346 2645 super
361 2605 398 2635 ea
423 2606 557 2637 editores
579 2607 766 2639 fluctuantes
787 2611 873 2641 vide-

139 2666 203 2695 am,
226 2656 297 2687 licet
316 2657 442 2687 Servius
456 2658 582 2689 cordate
599 2667 739 2691 moneat:

367 2744 470 2767 Contra
478 2743 653 2776 Tyrrhenu83
671 2749 712 2775 ut,
729 2754 812 2771 auras

140 2780 306 2812 Subsfflciens,
323 2782 411 2806 hausit
423 2783 539 2813 coelum,
556 2789 735 2816 mentemque
746 2787 859 2818 recepit.

145 2854 197 2884 Ita
218 2865 334 2894 puncta
359 2864 433 2888 sunt
455 2858 637 2890 ordinanda.
684 2860 783 2891 Recte
805 2862 874 2902 qui-

142 2905 216 2939 dem
232 2919 328 2940 auras
348 2913 475 2944 haurire
498 2911 613 2943 dixeris
628 2923 684 2952 pro
699 2925 794 2945 auras
816 2917 874 2945 αἰι-

189 2966 278 2997 Υοι..
304 2968 329 2998 I.

911 962 995 982 cere:
1021 950 1076 981 sed
1091 951 1157 981 haec
1173 950 1366 980 constructio
1384 951 1452 991 jam
1476 961 1560 981 nunc
1576 960 1643 981 am-

910 1003 1062 1043 biguitate
1077 1003 1239 1042 impendio
1257 1002 1386 1042 illepida
1399 1014 1521 1033 versum
1534 1004 1644 1044 (legra-

913 1062 1005 1086 varet.
1024 1055 1090 1085 Stet
1100 1055 1309 1096 igiturlmuslc
1321 1057 1425 1086 calum
1435 1070 1444 1085 :
1461 1055 1481 1086 i.
1492 1066 1516 1086 e.
1535 1059 1556 1073 “
1570 1066 1645 1086 ocu-

915 1111 936 1125 “
954 1107 990 1136 lis
1005 1107 1120 1137 coelum
1135 1107 1224 1143 bibit,
1249 1114 1279 1136 et
1302 1107 1470 1146 ari-ipuit;''
1496 1114 1531 1138 ut
1547 1107 1643 1143 idem,

914 1160 980 1199 pari
997 1159 1165 1200 elegantia,
1189 1160 1222 1189 in
1238 1170 1308 1199 geo.
1324 1160 1354 1189 ii.
1370 1164 1443 1191 540.

975 1246 1066 1274 Quum
1079 1244 1175 1275 primae
1187 1244 1266 1268 lucem
1278 1245 1395 1276 pecudes
1405 1245 1555 1269 hausere—2

913 1318 953 1348 ad
983 1330 1079 1359 quem
1106 1319 1223 1356 locum,
1254 1330 1291 1349 ex
1316 1320 1463 1350 varietate
1492 1320 1646 1359 lectionis,

906 1374 1057 1410 primum,
1081 1372 1293 1412 conjecturam
1312 1372 1433 1403 dudum
1450 1373 1646 1413 excogitave-

913 1435 992 1462 ram,
1016 1425 1121 1455 codice
1147 1425 1399 1465 Cantabrigiensi
1415 1426 1645 1464 confirmatam,

913 1475 1009 1513 unde,
1033 1475 1066 1505 ni
1083 1475 1183 1512 fallor,
1213 1487 1320 1507 versus
1342 1477 1508 1516 expolitior
1532 1478 1645 1513 evadit,

913 1533 943 1556 ct
959 1527 1059 1566 aptior
1074 1528 1248 1558 contextui:

975 1613 1066 1644 Quum
1076 1612 1187 1644 primam
1199 1613 1289 1638 lucem
1301 1614 1418 1645 pecudes
1429 1614 1589 1639 hausere-:
1626 1625 1630 1627 >

912 1688 932 1718 i.
949 1698 974 1718 e.
991 1688 1086 1718 modo
1107 1695 1319 1719 enascentem:
1347 1689 1431 1729 quod
1446 1689 1569 1720 videtur
1583 1691 1647 1720 ori-

913 1740 1034 1770 entium
1052 1741 1210 1779 pecudum
1225 1741 1345 1780 po'e'tica
1362 1742 1463 1781 magis
1486 1749 1516 1772 et
1537 1743 1647 1782 exqui-

913 1794 971 1823 sita
997 1793 1174 1824 declaratio.
1220 1795 1314 1824 Potes
1341 1795 1437 1824 etiam
1463 1798 1570 1826 coelzcm
1594 1806 1650 1835 per

913 1847 1013 1875 atet-em
1030 1844 1238 1883 interpretari:
1266 1852 1302 1875 ut
1317 1857 1372 1884 per
1393 1847 1520 1885 phrasin
1544 1847 1648 1877 uberi-

914 1905 1001 1924 orem
1019 1896 1245 1932 Quintilianus,
1269 1896 1399 1927 declam.
1417 1897 1480 1927 xiii.
1499 1902 1527 1928 8.
1558 1901 1580 1916 “
1597 1899 1649 1928 Ex

917 1949 937 1963 “
954 1946 1065 1976 codem
1081 1949 1151 1977 coelo
1167 1950 1311 1987 spiritum
1333 1949 1494 1979 trallunt.”
1541 1950 1651 1980 Etiam

916 1997 954 2032 Q.
974 1998 1112 2034 Curtius,
1139 2009 1166 2028 v.
1182 2003 1211 2030 5.
1232 2003 1278 2030 19.
1305 2000 1433 2035 “Quin
1459 2001 1506 2030 illi
1530 2011 1566 2031 ex
1590 2003 1649 2031 hoc

916 2053 938 2067 “
954 2060 1076 2080 carcere
1100 2057 1316 2090 erumperent;
1347 2052 1446 2082 alium
1473 2053 1559 2083 domi
1584 2064 1650 2083 esse

916 2105 938 2121 “
954 2104 1023 2133 coelz'
1036 2105 1192 2140 haustum,
1215 2104 1313 2134 alium
1329 2104 1408 2134 lucis
1430 2105 1644 2144 adspectum.”

918 2155 1090 2193 Caeterum,
1106 2163 1245 2187 nostram
1256 2158 1373 2188 deloco
1384 2158 1564 2198 Virgiliano
1578 2169 1650 2189 sen-

915 2208 1046 2238 tentiam
1060 2209 1083 2240 J
1086 2209 1226 2239 uvenalis
1248 2212 1383 2248 roborat,
1407 2217 1437 2240 et
1452 2216 1538 2240 extra
1561 2211 1650 2242 dubii

915 2259 1032 2290 limites
1046 2261 1146 2299 ponit,
1170 2261 1203 2291 in
1220 2267 1276 2291 sat.
1293 2261 1336 2292 iii.
1354 2265 1404 2292 84.

917 2346 1008 2376 Usque
1019 2346 1086 2371 adeo
1098 2346 1163 2370 nihil
1175 2349 1225 2376 est,
1242 2347 1315 2377 quod
1333 2351 1424 2371 nostra
1434 2347 1548 2371 infantia
1559 2348 1648 2372 coelum

914 2385 1007 2408 Hausit
1016 2386 1191 2416 Aventinum,
1207 2386 1290 2410 bacca
1303 2386 1405 2411 nutrita
1416 2386 1526 2411 Sabina?

915 2460 1004 2490 Editi
1019 2461 1171 2502 vulgares,
1196 2463 1360 2497 Λυεηίἱηιζ-
1384 2462 1439 2492 sed
1461 2473 1574 2503 sequor
1593 2473 1648 2502 op-

915 2513 1031 2542 timum
1047 2513 1187 2544 codicem
1202 2513 1493 2553 Cantabrigiensem
1511 2514 1582 2544 MS.
1593 2524 1650 2543 no-

916 2565 963 2594 bis
986 2576 1046 2594 usu
1063 2566 1186 2603 tritum,
1212 2572 1243 2595 et
1257 2565 1332 2595 alibi
1355 2565 1530 2596 laudatum.
1556 2566 1650 2596 Maro

917 2627 1024 2646 rursus
1037 2616 1276 2656 appositissime,
1296 2617 1370 2646 AEn.
1387 2617 1430 2646 iii.
1448 2621 1519 2647 600.

1175 2694 1228 2719 hoc
1239 2694 1294 2718 coeli
1305 2694 1421 2726 spirabile
1431 2695 1525 2718 lumen.

921 2761 1089 2798 Praeterea,
1113 2761 1182 2800 pari
1197 2767 1396 2801 argumento,
1417 2761 1451 2791 in
1467 2759 1586 2792 diversa
1603 2768 1649 2792 ta·-

920 2823 993 2842 men
1011 2813 1152 2850 materie,
1175 2813 1198 2844 J
1200 2813 1341 2843 uvenalis
1354 2813 1408 2844 ille
1422 2824 1499 2844 usus
1514 2820 1570 2850 est,
1594 2820 1647 2844 sat.

920 2864 984 2895 xiii.
1004 2868 1180 2896 162—174.

962 2918 1038 2948 Ver.
1059 2921 1148 2950 1039.
1171 2915 1257 2958 ipsa:
1285 2918 1303 2948 i.
1332 2930 1358 2951 e.
1388 2918 1474 2949 mera
1499 2917 1651 2953 novitate,

850 2976 919 3006 Aa
