1894 3253
188 272 278 313 156

693 264 754 310 T.
809 261 1190 310 LUCRETII

328 397 434 446 Fiet,
458 395 539 436 utei
561 395 645 434 risu
664 393 840 435 tremulo
861 408 1060 434 concussa
1079 392 1342 442 cachinnent,

328 471 383 511 Et
403 469 592 510 lacrumis
613 468 723 508 salsis
743 467 984 508 humectent
1003 482 1092 516 ora,
1125 481 1344 523 genasque.

214 549 296 585 920

386 543 511 584 Nunc
531 558 622 600 age,
644 543 757 598 quod
778 557 900 597 super
923 551 998 592 est,
1021 556 1238 598 cognosce,
1261 549 1302 581 et
1322 540 1467 581 clarius
1487 541 1600 583 audi:

329 617 418 659 Nec
438 632 504 659 me
525 617 651 658 animi
671 616 786 667 fallit,
808 631 933 672 quam
954 616 1035 657 sint
1055 615 1230 656 obscura
1238 633 1251 664 3
1285 614 1356 655 sed
1377 615 1461 655 acri

187 776 208 793 “
225 776 373 805 clzimzare
389 784 453 804 non
469 774 509 804 de
522 778 587 806 risu
604 781 741 813 tantum,
760 775 816 805 sed
831 781 861 805 et
877 775 915 805 de

188 830 208 844 “
224 837 301 856 sono
315 827 561 865 vehementiore,
579 834 714 857 vetustas
731 827 793 857 dici
809 827 917 857 voluit.

186 882 207 897 “
225 879 342 909 Accius
358 879 539 909 Phoenissis:

281 954 300 966 ‘⁴
312 952 395 976 Simul
406 956 433 977 et
444 952 547 976 circum
558 956 659 983 stagna,
671 951 818 975 sonantibus

283 994 302 1006 ‘⁴
314 993 410 1016 Excita
419 992 501 1022 saxis,
512 999 585 1016 saeva
595 992 714 1016 sonando

282 1034 301 1046 “
313 1034 383 1057 Cum
395 1033 500 1064 crepitu
510 1033 639 1064 clangente
649 1032 832 1056 cachinnant.”

192 1095 243 1126 Sic
272 1096 398 1136 legendi
432 1102 505 1126 sunt
536 1096 568 1126 hi
599 1106 704 1126 versus
734 1095 920 1135 anapaestici.

188 1148 309 1188 Vulgo,
327 1160 440 1188 magna
455 1149 643 1183 sonantibus,
661 1147 779 1178 insulse
795 1158 831 1177 ac
848 1161 919 1178 ‘row-

192 1206 342 1239 womrymg:
369 1200 475 1229 confer
492 1199 579 1239 Virg.
596 1209 664 1238 geo.
683 1199 702 1228 i.
717 1202 790 1229 571.
816 1199 921 1228 Senec.

190 1252 305 1282 Troad.
332 1255 404 1284 174.
451 1251 584 1282 Mallem
615 1252 710 1281 etiam
735 1253 918 1290 plangente:

189 1304 259 1333 vide
276 1304 366 1344 Vir-g.
382 1314 449 1344 geo.
466 1304 485 1334 i.
501 1307 573 1333 554.
597 1309 627 1333 et
642 1302 786 1332 similiter
801 1303 923 1332 adhibi-

191 1362 257 1386 tam
276 1356 401 1386 Catullo
417 1367 524 1386 vocem
551 1358 720 1386 cachinnus
743 1355 785 1385 ad
807 1366 866 1385 ver.
894 1360 921 1386 8.

191 1410 322 1450 hujusce
337 1410 419 1448 libri,
439 1416 576 1440 nostram
594 1410 817 1440 divinationem
829 1413 921 1450 plan-

189 1468 278 1501 gente
295 1461 503 1491 confirmanti.
541 1462 649 1498 Porro,
665 1461 707 1491 de
721 1461 857 1491 confusis
871 1472 924 1491 vo-

194 1503 312 1542 cabulis
338 1524 407 1543 sono
435 1519 465 1541 et
491 1519 572 1550 tono,
599 1522 656 1542 nos
683 1512 722 1542 ad
739 1512 827 1552 Virg.
846 1513 922 1542 AEn.

194 1565 246 1595 xil.
263 1569 335 1595 566.

238 1617 312 1646 Ver.
330 1620 400 1647 919.
425 1618 531 1646 salsis.-
558 1617 594 1646 Β.
614 1616 653 1646 Ο.
670 1622 700 1645 et
716 1616 793 1646 Pius
812 1616 844 1645 in
868 1626 925 1645 no-

195 1667 243 1702 tis,
257 1667 372 1705 falsz's;
413 1667 759 1706 inepte.-—lmmecteut.·
799 1674 838 1697 Π.
869 1669 926 1697 ltu-

194 1725 310 1749 mactet.

240 1770 320 1801 Ibid.
350 1772 497 1800 lacrumis
525 1772 629 1801 salsis:
657 1783 762 1812 πικροις
793 1770 924 1812 δακρυσκ

196 1826 230 1851 ut
245 1831 340 1860 supra
354 1832 414 1851 ver.
435 1825 505 1851 1‘26.

241 1873 324 1903 Ibid.
350 1874 499 1903 lacrumis
525 1875 693 1903 humectent
711 1884 774 1902 ora.

195 1923 267 1962 lius,
285 1925 360 1954 AEn.
377 1924 396 1954 i.
414 1928 486 1955 465.

818 1872 927 1912 Virgi-

384 1999 512 2030 largoque
522 2000 647 2023 humectat
654 1999 764 2030 flumine
776 2000 895 2025 vultum:

200 2078 232 2102 et
248 2071 388 2111 ejusdem
406 2072 505 2110 operis
521 2072 561 2100 xi.
580 2076 632 2103 90.

216 2141 240 2164 1t
251 2139 408 2169 lacrumans,
416 2139 551 2170 guttisque
561 2139 684 2163 humectat
696 2140 840 2171 grandibus
851 2148 905 2164 ora.

203 2211 337 2242 Ovidius
353 2212 457 2247 etiam,
485 2211 522 2241 ea
549 2221 622 2241 cum
649 2211 849 2242 mollitudine
865 2222 931 2242 car-

200 2265 339 2303 minum,
364 2271 457 2305 atque
479 2264 642 2294 mitiorum
659 2265 829 2294 affectuum
846 2272 932 2295 tene.

198 2317 300 2352 ritate,
332 2327 402 2356 quae
432 2317 608 2346 universam
637 2323 765 2356 gentem
794 2323 933 2356 togatam

202 2369 297 2408 longe
312 2368 468 2409 longeque
483 2375 551 2407 post
566 2379 598 2398 se
613 2368 753 2408 reliquit,
769 2379 870 2408 neque
884 2369 933 2398 vel

202 2419 348 2458 Euripidi
372 2419 490 2458 primas
516 2419 653 2457 cesserit,
678 2429 728 2448 me
749 2419 860 2449 saltem
879 2419 932 2460 ju-

202 2470 286 2507 dice;
310 2476 383 2500 met.
400 2470 439 2500 ix.
457 2473 528 2501 655.

236 2545 313 2567 Muta
341 2544 429 2575 jacet;
457 2543 608 2576 viridesque
634 2543 686 2567 suis
711 2544 775 2568 terit
802 2544 935 2576 unguibus

358 2583 453 2607 herbas

237 2623 337 2654 Byblis,
348 2627 375 2647 et
386 2623 513 2646 humectat
522 2622 691 2654 lacrymarum
702 2622 824 2653 gramina
835 2622 906 2646 riva.

206 2694 374 2724 Maronem
390 2695 600 2735 subsequitur,
615 2700 652 2724 ut
662 2694 789 2735 passim,
808 2694 934 2733 Statius,

205 2744 303 2774 Theb.
320 2745 357 2774 iv.
374 2748 445 2776 591.

461 2825 539 2857 largis
549 2827 692 2851 humectant
703 2827 820 2852 imbribus
832 2835 884 2853 ora.

672 2895 764 2926 Idem
781 2897 931 2927 Mantua-

250 2891 332 2922 Ibid.
355 2894 502 2923 lacrumis
523 2906 626 2933 genas.

206 2954 277 2983 nus,
296 2944 371 2975 AEn.
390 2953 415 2974 v.
436 2947 504 2975 175.

1085 774 1139 797 Nec
1150 770 1270 795 lacrumis
1281 777 1390 795 caruere
1398 776 1479 802 genae.

1005 837 1079 866 Ver.
1097 839 1167 867 920.
1190 836 1306 866 clarius
1321 835 1407 864 audi.
1444 832 1548 869 Idem,
1566 832 1641 863 AEn.
1658 831 1691 862 ii.

964 889 1038 920 705.

1161 963 1188 985 et
1197 960 1253 990 jam
1265 965 1312 991 per
1323 959 1427 984 moenia
1437 959 1529 984 clarior
1539 959 1605 991 ignis

994 999 1120 1024 Auditur:

966 1062 1125 1103 eleganter
1151 1068 1182 1092 et
1197 1062 1361 1101 poetarum
1385 1072 1483 1099 more,
1511 1072 1566 1101 pro
1582 1064 1698 1094 clarius

965 1115 1320 1150 auditum-Caeterum,
1359 1114 1425 1144 vice
1454 1117 1542 1152 audi,
1577 1114 1618 1146 V.
1650 1115 1697 1146 ed.

967 1169 1054 1197 autle-

1008 1218 1084 1247 Ver.
1105 1218 1295 1257 9521.fallit.·
1324 1217 1360 1246 B.
1373 1216 1506 1256 fallunt.

1011 1268 1091 1298 Ibid.
1115 1271 1184 1298 acri
1209 1270 1320 1308 thyrso.
1360 1267 1529 1308 Virgilius,
1554 1269 1628 1299 AEn,
1647 1268 1701 1300 xii.

965 1324 1037 1351 392.

1131 1386 1184 1410 arri
1196 1387 1333 1417 quondam
1346 1386 1388 1410 cui
1404 1390 1497 1418 captus
1508 1394 1635 1413 amore—.-

968 1451 1022 1491 qui
1048 1457 1146 1480 totam
1162 1451 1312 1479 horumce
1335 1459 1480 1479 versuum
1503 1451 1700 1481 suavissimo-

970 1512 1041 1531 rum
1058 1501 1169 1531 seriem
1185 1511 1238 1539 per
1265 1500 1505 1530 eminentiorem
1521 1501 1701 1531 similitudi-

969 1563 1056 1590 nem,
1093 1551 1231 1582 certandi
1248 1551 1392 1590 cupiduS,
1418 1550 1460 1581 sic
1475 1551 1607 1581 effinxit:
1634 1562 1702 1592 geo.

969 1606 1014 1637 iii.
1031 1610 1103 1637 289.

972 1686 1026 1709 Nec
1039 1691 1097 1708 snm
1110 1683 1192 1708 animi
1202 1683 1307 1712 dubius,
1318 1682 1405 1707 verbis
1416 1689 1447 1707 ea
1456 1682 1564 1708 vincere
1570 1689 1701 1715 magnum

971 1726 1059 1756 Quam
1071 1724 1115 1754 sit,
1127 1728 1154 1748 et
1166 1723 1285 1754 angustis
1296 1723 1352 1746 hinc
1363 1723 1462 1747 addere
1468 1723 1545 1747 rebus
1553 1723 1701 1748 honorem:

972 1765 1022 1788 Sed
1035 1771 1079 1788 me
1090 1763 1194 1788 Parnasi
1211 1763 1316 1787 deserta
1328 1769 1375 1793 per
1386 1763 1468 1786 ardua
1479 1762 1563 1786 duleis

973 1806 1071 1835 Raptat
1083 1810 1176 1833 amor3
1192 1804 1269 1833 juvat
1281 1803 1318 1827 ire
1328 1802 1409 1833 mgis,
1421 1802 1473 1832 qua
1493 1802 1566 1826 nulla
1581 1802 1701 1834 priorum

973 1843 1117 1868 Castaliam
1129 1842 1207 1867 molti
1218 1842 1363 1866 divertitur
1375 1841 1462 1865 orbita
1472 1841 1551 1866 clivo.

975 1916 1025 1946 Sic
1040 1916 1117 1946 olim
1132 1915 1196 1945 vidi
1213 1914 1445 1945 rescribendum
1460 1924 1527 1943 esse
1544 1913 1577 1944 in
1592 1924 1705 1945 secun-

973 1968 1013 1998 do
1024 1979 1128 2006 versu,
1144 1968 1275 2008 ignarus
1285 1968 1378 2007 juxta
1390 1977 1463 1996 cum
1475 1966 1593 2007 ignaris
1604 1967 1708 1997 maxi-

974 2030 1036 2055 me,
1074 2020 1299 2050 Burmannum
1335 2019 1416 2047 hanc
1454 2017 1705 2048 emendationem

975 2071 1192 2108 praecerpsisse.
1238 2069 1334 2098 Liber
1359 2078 1443 2098 unus
1466 2067 1550 2106 apud
1580 2068 1706 2107 Heyni-

976 2131 1032 2150 um
1049 2121 1138 2150 nobis
1153 2119 1369 2158 adstipulatur.
1415 2118 1487 2148 Hos
1501 2124 1607 2148 autem
1622 2118 1707 2149 locos
1725 2136 1727 2138 -

975 2171 1094 2211 primus
1109 2170 1269 2200 commisit
1285 2169 1478 2206 Macrobius,
1495 2169 1533 2198 vi.
1551 2173 1579 2199 2.
1595 2169 1662 2200 init.

1021 2223 1096 2252 Ver.
1114 2226 1184 2253 922.
1227 2223 1383 2252 Percussit
1397 2223 1499 2261 thyrso
1515 2223 1618 2251 laudis
1631 2232 1706 2261 spes.

978 2275 1055 2304 Huc
1071 2274 1204 2313 respexit
1220 2272 1384 2313 VirgiliuS,
1401 2272 1441 2302 ad
1457 2273 1534 2302 AEn.
1551 2273 1592 2302 ix.
1609 2276 1683 2304 197,

1008 2350 1163 2382 Obstupuit,
1181 2356 1281 2381 magno
1292 2349 1399 2373 laudum
1407 2352 1540 2380 percussus
1550 2355 1646 2379 amore,

1007 2390 1135 2421 Euryalus
1145 2398 1154 2414 .-

979 2477 1036 2497 nec
1051 2467 1158 2497 minus
1172 2467 1213 2497 ad
1228 2477 1295 2508 geo.
1311 2467 1343 2498 ii.
1359 2469 1431 2498 475.

1009 2544 1053 2567 Me
1064 2550 1128 2567 vero
1140 2543 1270 2574 primum,
1287 2543 1370 2567 dulces
1380 2547 1444 2568 ante
1454 2544 1556 2574 omnia,
1567 2546 1661 2574 Muse.

1009 2584 1130 2614 Quarum
1142 2590 1216 2607 sacra
1227 2583 1295 2613 fero,
1306 2584 1410 2615 ingenti
1416 2587 1549 2616 percussus
1558 2591 1652 2613 amore,

1009 2622 1160 2654 Adcipiant.

980 2689 1062 2719 Haec
1087 2690 1183 2720 etiarn
1211 2690 1243 2719 in
1273 2689 1379 2719 animo
1408 2688 1516 2718 habuit
1540 2687 1705 2726 Horatius,

978 2741 1045 2779 ubi,
1070 2742 1198 2781 po'e'ticis
1212 2742 1369 2771 furoribus
1390 2740 1564 2776 instinctus,
1591 2745 1622 2769 et
1636 2750 1706 2770 vere

979 2794 1170 2834 Sapo-numm,
1197 2793 1231 2823 in
1247 2792 1341 2822 simili
1357 2789 1484 2821 materie
1499 2796 1635 2821 versatus
1650 2797 1705 2828 est.

977 2844 1026 2875 od.
1041 2845 1072 2875 ii.
1092 2849 1139 2876 19.
1155 2849 1184 2875 8.

1326 2925 1415 2950 parce,
1429 2919 1518 2948 Liber,

1101 2961 1190 2988 Parce,
1197 2956 1282 2990 gravi
1293 2957 1438 2982 metuende
1448 2956 1541 2988 thyrso:
