1894 3253
232 284 328 331 216

742 281 800 326 T.
844 279 1224 328 LUCRETII

290 421 344 458 95
379 413 558 456 Reddita
579 411 820 467 corporibus
840 411 982 466 primis
1002 426 1076 466 per
1095 411 1218 453 inane
1237 411 1490 467 profundum
1501 430 1514 462 ;

379 488 460 530 Sed
481 487 626 543 magis,
650 485 824 526 adsiduo
844 486 1039 541 varioque
1060 486 1240 527 exercita
1259 495 1391 537 motu,

379 562 536 603 Partim
557 561 776 602 intervallis
796 561 955 617 magnis
976 561 1166 602 conflicta
1181 561 1392 612 resultant,

381 638 482 678 Pars
503 638 626 678 etiam
647 637 837 678 brevibus
859 637 997 691 spatiis
1018 644 1224 678 nexantur
1244 637 1296 677 ab
1316 638 1411 678 ictu.

379 712 449 762 Et,
473 727 790 768 quaequomque,
813 712 943 768 magis
964 712 1173 752 condenso
1195 712 1428 762 conciliatu,

270 792 349 827 100
381 787 559 843 Exiguis
580 787 815 837 intervallis,
839 795 1034 828 convecta
1054 787 1265 836 resultant,

382 861 634 916 Indupedita
656 862 736 902 suis
757 862 960 916 perplexis
980 862 1067 916 ipsa
1087 862 1250 918 figuris3

383 935 493 977 Haec
514 935 667 976 validas
689 936 777 976 saxi
799 935 970 986 radices,

237 1092 314 1122 dum
341 1102 414 1122 esse.
463 1092 551 1122 Olim
577 1092 611 1121 in
635 1103 695 1122 usu
724 1091 848 1123 videtur
874 1092 969 1123 fuisse

235 1150 301 1174 tam
317 1146 375 1182 obs,
399 1155 495 1184 quam
512 1146 562 1180 0b‚-
587 1151 623 1174 ut
647 1144 802 1184 hodieque
827 1147 879 1175 abs
906 1155 970 1174 non

236 1195 352 1230 minus,
369 1206 465 1235 quam
481 1197 535 1225 ab:
563 1201 593 1225 et
608 1195 692 1234 prior
707 1206 781 1225 sane
795 1196 972 1234 praepositio

236 1247 337 1286 magis
354 1247 570 1286 frequentatur
586 1246 724 1281 vetustis,
734 1257 829 1286 quam
841 1246 970 1285 posteri-

238 1307 282 1326 or.
317 1297 393 1326 Huc
405 1296 486 1326 refer
501 1298 638 1333 obsffnet,
655 1297 674 1326 i.
685 1307 710 1326 e.
727 1298 866 1333 obstenet,
884 1299 904 1314 ‘²
918 1306 970 1325 co-

239 1352 259 1366 “
277 1358 344 1377 ram
360 1348 479 1386 tene2,’'
503 1358 558 1387 pro
573 1350 702 1378 ostendi!
720 1348 803 1386 apud
820 1349 962 1384 Festum3

235 1405 267 1429 et
281 1399 398 1429 ibidem
413 1401 601 1430 abstrudunt.
647 1399 758 1439 Neque
774 1399 875 1429 hilum
901 1399 963 1429 dis-

236 1457 371 1488 crepant,
390 1451 415 1480 si
431 1460 498 1480 rem
513 1450 640 1489 propius
655 1450 811 1488 inspicias,
827 1450 968 1490 vulgaria

236 1503 360 1532 obtendo
376 1508 407 1531 et
422 1504 555 1539 ostendo,
579 1501 668 1531 aliter
687 1501 829 1541 quamvis
844 1502 966 1540 scripta.

240 1553 293 1583 Ad
309 1553 445 1582 eundem
461 1553 592 1582 modum
609 1559 676 1591 post
699 1555 752 1583 sub
778 1553 884 1583 venire
910 1565 966 1583 sae-

238 1605 381 1644 piuscule
406 1604 523 1634 solebat
540 1603 732 1634 elementum
748 1616 778 1635 s:
805 1606 867 1635 huc
890 1606 969 1635 refer

239 1656 427 1686 vocabulum
442 1658 564 1687 subscus
580 1656 689 1686 multis
711 1656 911 1695 scriptoribus
933 1668 970 1686 u-

240 1708 368 1737 sitatum
375 1720 384 1745 3
401 1713 433 1738 et
444 1718 534 1738 voces
545 1709 714 1745 substraho,
727 1709 889 1745 substineo,
901 1709 970 1738 sub-

239 1761 326 1796 scito‚
352 1760 513 1797 substerno,
540 1760 753 1789 substentatio:
781 1765 973 1788 vetustarum

240 1810 417 1840 formarum
432 1810 588 1850 reliquias,
618 1810 650 1839 in
666 1809 822 1850 glossariis
837 1810 973 1850 antiquis

240 1868 273 1892 et
284 1862 443 1893 codicibus
457 1863 553 1893 MSS.
564 1862 739 1892 etiamnum
750 1868 973 1902 comparentes.

242 1915 332 1944 Hinc
349 1915 461 1946 erroris
479 1921 563 1954 patet
578 1915 657 1945 ratio
684 1915 717 1945 in
746 1915 852 1945 codice
879 1915 976 1946 Juve-

242 1966 333 2002 nalis,
349 1967 404 2006 qui
419 1967 493 1997 bibl.
511 1969 584 2006 pub.
604 1966 700 1997 Acad.
721 1967 850 1997 Cantab.
867 1972 921 2003 est,
937 1967 977 1996 ad

243 2027 291 2047 xv.
309 2022 359 2047 88.
378 2020 540 2050 substravit
556 2029 612 2057 pro
627 2021 783 2049 sustinuit.
818 2020 978 2059 Frequens

244 2074 291 2098 est
305 2070 444 2099 substulit
460 2070 493 2098 in
512 2069 656 2109 Hygino.

288 2119 364 2150 Ver.
392 2123 441 2151 94.
471 2122 575 2154 Quod:
611 2124 646 2150 Δ.
673 2122 874 2150 Seth—nulla
885 2134 895 2150 .·
932 2121 973 2151 G.

245 2171 343 2201 Vind.
363 2171 402 2202 Ο.
421 2178 465 2202 Ω.
482 2173 594 2207 malem
621 2178 663 2202 Π.
681 2173 754 2201 ulla.
787 2172 860 2201 Hac
869 2177 975 2202 autem

245 2223 404 2260 varietate,
420 2225 516 2254 multa
534 2223 662 2259 scilicet,
680 2222 758 2252 nihil
768 2222 900 2252 alienius
915 2222 976 2253 loci

246 2285 340 2314 scopo
355 2285 411 2314 per
425 2285 562 2305 errorem
578 2275 670 2305 scribi
686 2275 786 2313 potuit
795 2287 804 2311 ;
818 2275 861 2304 ita
877 2275 977 2305 solent

247 2333 353 2357 tamen
369 2337 458 2357 voces
470 2327 614 2358 omnium
627 2326 849 2357 diversissimas
860 2325 977 2356 librarii

248 2379 445 2417 permiscere,
473 2379 516 2408 sic
544 2385 580 2408 ut
606 2380 801 2409 observatum
829 2383 875 2408 est
890 2377 979 2408 nobis

248 2430 382 2467 dudum,
399 2432 438 2461 ad
454 2431 476 2461 i.
493 2433 567 2462 756.

292 2484 367 2514 Ver.
394 2486 443 2514 95.
462 2486 593 2522 primis:
620 2490 660 2514 Π.
680 2485 833 2522 prunum,-
867 2482 918 2512 cui
944 2481 977 2511 in

251 2545 312 2565 ver.
329 2540 381 2566 96.
404 2535 490 2565 deest
504 2546 570 2575 que.

295 2586 376 2617 Ibid.
391 2588 520 2616 exercita
538 2592 628 2617 motu.

251 2640 321 2667 550.

674 2585 839 2626 Virgilius,
855 2595 922 2625 geo.
935 2585 978 2615 iii.

414 2711 504 2737 fontes
514 2711 618 2743 liquidi,
629 2714 723 2742 atque,
734 2709 844 2735 exercita
856 2716 943 2739 cursu,

283 2748 416 2774 Flumina.

298 2811 372 2841 Ver.
390 2816 438 2843 97.
463 2817 624 2856 couflz'cta:
643 2815 687 2844 sic
698 2819 815 2844 veteres
830 2813 882 2844 Pii
893 2812 982 2843 codd.

253 2872 331 2903 quos
346 2873 379 2893 re
393 2864 489 2894 dubia
498 2877 550 2896 me
564 2867 663 2897 tutius
678 2872 861 2897 secuturum
876 2864 981 2895 existi-

254 2915 351 2945 mavi:
379 2916 416 2946 P.
436 2916 529 2946 Vind.
551 2919 590 2948 G.
609 2919 646 2948 L.
664 2919 711 2948 M.
730 2925 769 2949 Π.
787 2923 824 2950 Σ.
844 2924 888 2949 Ω.
911 2928 981 2948 con·

244 2968 349 3007 ,ᾒιῐὶας
376 2967 415 2999 Ο.
432 2968 603 3010 confulctm
630 2970 672 3001 V.
689 2970 735 3001 ed.
753 2971 790 3002 B.
808 2975 844 3001 Δ.
862 2970 981 3002 consul-

994 944 1034 977 et
1053 935 1139 976 fera
1158 935 1254 975 ferri

1013 1099 1061 1128 ta,·
1085 1091 1169 1132 quod
1184 1100 1293 1121 verum
1308 1090 1455 1131 equidem
1469 1089 1657 1129 putaverim:
1670 1101 1742 1130 par.

1014 1145 1158 1184 ticipium
1184 1150 1220 1174 ut
1243 1143 1280 1173 sit
1298 1143 1407 1183 utique
1422 1142 1506 1173 verbi
1529 1143 1691 1182 compositi
1707 1153 1746 1180 ex

1016 1208 1070 1227 con
1087 1202 1118 1226 et
1133 1197 1221 1233 salio,
1232 1201 1324 1235 atque
1335 1197 1450 1226 mutuis
1466 1196 1628 1226 assultibus
1640 1196 1744 1226 collisa

1016 1247 1124 1277 valeat.
1173 1247 1404 1287 Antiquitatem
1433 1258 1507 1277 sane
1535 1247 1654 1277 redolet
1683 1248 1744 1277 hoc

1015 1298 1212 1334 vocabulum,
1239 1309 1341 1338 neque
1366 1299 1508 1337 exempla
1534 1305 1607 1328 sunt
1623 1298 1662 1328 ad
1676 1308 1744 1328 ma—

1010 1361 1100 1387 num,
1118 1350 1231 1390 quibus
1243 1350 1310 1389 ejus
1325 1361 1400 1380 usus
1411 1350 1622 1380 confirmetur.
1672 1349 1744 1387 Sed,

1011 1413 1050 1432 an
1067 1401 1234 1431 Lucretius
1249 1401 1418 1440 scripserit,

1041 1461 1138 1485 Partim
1151 1460 1295 1485 intervallis
1307 1460 1410 1492 magnis
1421 1459 1539 1492 conpulsa
1553 1460 1701 1484 resultant?

1015 1511 1091 1540 Non
1109 1509 1247 1539 nimium
1262 1509 1438 1548 discrepant
1449 1510 1609 1539 literarum
1622 1509 1747 1547 ductus,

1013 1569 1044 1593 et
1069 1561 1203 1602 genuini
1219 1562 1386 1591 commatis
1401 1561 1572 1592 dictionem
1586 1562 1746 1591 habemus.

1018 1617 1079 1647 Sed
1094 1617 1212 1646 incerta
1227 1627 1276 1646 res
1288 1622 1343 1652 est,
1361 1622 1392 1645 et
1403 1616 1530 1646 arbitrio
1540 1615 1664 1645 lectoris
1674 1615 1747 1644 sub-

1016 1668 1176 1699 mittenda.
1222 1667 1387 1707 Virgilius,
1401 1668 1476 1697 [En.
1492 1667 1512 1696 i.
1529 1669 1600 1697 575.

1046 1751 1137 1781 Atque
1146 1749 1250 1774 utinam
1264 1755 1314 1773 rex
1327 1748 1391 1779 ipse,
1402 1750 1468 1771 noto
1479 1744 1611 1778 conpulsus
1621 1743 1728 1771 eodem,

1046 1788 1160 1814 Adforet
1178 1790 1273 1813 AEueas
1284 1788 1290 1812 ἔ

1063 1855 1138 1885 Ver.
1161 1858 1210 1886 98.
1234 1855 1387 1884 brevibus:
1416 1853 1458 1882 G.
1476 1852 1513 1882 L.
1539 1851 1586 1881 Μ.
1609 1851 1726 1880 brevius
1733 1862 1745 1883 ,—

1021 1906 1123 1938 multo
1139 1906 1244 1936 minus
1260 1906 1430 1946 eleganter,
1447 1910 1477 1934 et
1487 1903 1538 1933 vix
1549 1913 1628 1933 vere.
1653 1901 1747 1932 Man-

1022 1966 1149 1996 tuanus,
1165 1958 1241 1988 AEn.
1258 1958 1298 1987 ix.
1316 1959 1388 1988 275.

1216 2041 1277 2058 mea
1290 2040 1370 2064 quem
1383 2031 1470 2064 spatiis
1478 2030 1633 2063 propioribus
1644 2031 1712 2054 aetas

1051 2074 1213 2104 Insequitur,
1225 2073 1377 2098 venerande
1388 2072 1470 2103 puer!

1019 2144 1230 2169 —neoeantum
1256 2136 1355 2166 vind.
1383 2136 1423 2165 O.
1454 2140 1488 2165 Δ.
1506 2141 1546 2164 Π.
1565 2140 1609 2164 Ω.
1638 2143 1748 2163 vexan-

1020 2196 1088 2224 tur;
1114 2188 1184 2218 vide
1199 2188 1220 2218 i.
1242 2187 1415 2218 1024.—-ab
1442 2187 1523 2216 ictu:
1551 2185 1598 2215 M.
1625 2186 1745 2215 avictu.-

1021 2250 1104 2271 error
1120 2238 1400 2278 pronunciationis,
1416 2239 1432 2267 b
1448 2236 1537 2266 literis.
1551 2235 1700 2265 facillime
1716 2235 1749 2263 in

1021 2292 1196 2322 tenuiorem
1213 2303 1240 2330 v,
1269 2296 1304 2320 ut
1326 2289 1403 2320 alias
1418 2289 1528 2319 saltem
1544 2287 1667 2324 millies,
1695 2286 1749 2317 eli-

1021 2343 1123 2386 quatri.

1022 2397 1044 2429 J
1046 2407 1098 2427 am
1113 2406 1185 2426 vero
1199 2395 1307 2425 locum
1321 2394 1462 2434 Epicuri,
1479 2403 1572 2434 quem
1587 2390 1753 2422 Lucretius

1024 2449 1182 2488 expressit,
1198 2448 1284 2487 prior
1299 2446 1433 2477 contulit
1448 2445 1630 2476 Lambinus.
1653 2441 1749 2482 Legi-

1022 2500 1117 2530 turin
1136 2500 1282 2539 Diogene
1298 2497 1434 2532 Laertio,
1458 2507 1488 2527 ᾳ..
1503 2499 1553 2526 45.
1577 2495 1619 2524 sic
1642 2502 1748 2523 emen-

1023 2552 1140 2582 dando:
1170 2557 1225 2582 Kou
1240 2551 1272 2581 αἱ
1286 2563 1337 2590 μεν
1354 2548 1499 2591 (ow-osam)
1518 2561 1552 2581 εις
1567 2558 1681 2587 μακραν
1697 2544 1753 2574 aff’

1024 2610 1166 2636 αλλκλων
1196 2602 1369 2638 Bab-ermom,
1407 2601 1439 2631 ai
1468 2599 1495 2630 δε
1529 2601 1675 2628 ΑΤΤΩΝ
1705 2608 1752 2625 τω

1025 2660 1281 2688 ΔΠΟΠΑΛΜΟΝ
1308 2665 1434 2693 ισχεσιν,
1461 2649 1752 2692 (cohibent—repri-

1025 2707 1128 2746 munt)
1157 2708 1198 2737 ὅτ’
1225 2721 1258 2737 αν
1285 2717 1413 2746 τυχωσιν
1437 2715 1483 2734 sm
1506 2715 1556 2733 erm
1579 2705 1754 2741 περιπλοκὴν

1028 2767 1207 2799 κεκλιμεναι,
1239 2772 1255 2791 n
1286 2758 1569 2788 IIEAAZOMENAI
1595 2764 1674 2793 παρα
1699 2764 1754 2781 των

1027 2819 1195 2843 emnem-mm
1205 2824 1215 2841 .·
1239 2810 1259 2840 i.
1276 2820 1301 2839 e.
1319 2812 1340 2826 “
1351 2817 1424 2838 cum
1436 2805 1510 2842 illae,
1523 2813 1592 2844 quae
1607 2802 1754 2842 amplecti

1028 2867 1048 2881 “
1065 2868 1096 2892 et
1127 2861 1273 2902 colligare
1307 2857 1435 2898 possint,
1472 2856 1511 2885 iis
1540 2853 1753 2885 accesserint.”

1027 2915 1146 2954 Vulgo,
1172 2926 1257 2944 αντον
1274 2925 1320 2955 *rou
1337 2917 1466 2949 παλμον,
1491 2914 1521 2938 et
1536 2909 1756 2947 στεγαζαμεναι.

1029 2968 1163 2998 Sensum
1179 2966 1344 2997 verborum
1358 2962 1535 2995 Lambinus
1559 2961 1677 3000 optime
1699 2958 1753 2990 de-

1010 3030 1029 3057 2
