1894 3253
584 275 818 326 LIBER
873 274 1184 324 PRIMUS.

1571 280 1634 321 23

274 410 502 469 Indugredi
522 410 700 460 sceleris;
734 409 846 466 quod
867 416 1012 450 contra
1032 407 1180 463 saepius
1201 405 1268 448 illa

275 486 439 543 Religio
458 486 618 542 peperit
639 485 835 527 scelerosa
855 492 977 539 atque
997 483 1110 538 inpia
1129 481 1245 523 facta.

184 564 237 601 85
270 560 422 602 Aulide
442 575 524 616 quo
543 566 666 614 pacto
687 558 848 600 Triviai
866 557 1037 613 virginis
1057 571 1172 597 aram

270 634 527 689 Iphianassai
545 640 766 688 turparunt
786 632 986 688 sanguine
1005 630 1097 671 fede

567 771 613 803 qui
623 771 695 802 Jovis
705 771 778 795 illum

151 812 268 844 rugitum
278 812 306 836 in
318 811 399 836 Creta
408 812 546 843 quondam
555 811 704 837 obcultasse
713 811 852 836 feruntur:

124 875 156 901 et
170 871 211 902 ad
227 881 252 902 v.
269 874 340 901 815.
357 866 500 901 similiter
510 870 636 900 locutus
651 876 697 900 est
710 870 819 909 po‘e'ta:

598 937 671 968 quod
683 937 769 961 omnis

153 980 255 1010 Inpetus
265 977 293 1001 in
305 984 438 1001 mammas
449 976 618 1001 convertitur
629 977 669 1000 ille
680 976 812 1001 alimenti.

127 1035 284 1073 Avienus,
321 1035 410 1065 Arat.
433 1035 538 1073 phaen.
569 1038 640 1065 182.
673 1034 714 1064 ad
735 1045 857 1065 morem

128 1086 300 1124 Ciceronis,
330 1087 384 1127 qui
413 1086 592 1127 frequentat
617 1087 698 1116 hanc
720 1086 856 1117 formam

123 1138 276 1169 sermonis
290 1137 324 1166 in
342 1138 484 1167 Arateis:

474 1206 533 1235 post
545 1210 626 1233 quam
638 1203 679 1227 ille
690 1208 827 1233 novercae‚

152 1244 313 1267 Insaturatae
326 1243 402 1273 odiis,
412 1246 511 1274 serpens
522 1242 629 1266 victoris
640 1242 674 1266 ab
686 1242 742 1267 ictu

153 1283 297 1308 Occubuit.

123 1339 262 1379 Ibidem,
275 1350 336 1370 ver.
359 1343 372 1370 1
381 1343 394 1370 1
402 1342 453 1371 25.

152 1407 266 1437 Ultima,
278 1407 396 1432 caeruleo
408 1407 559 1438 producens
571 1412 681 1438 aequore
693 1406 818 1439 puppim,

154 1447 203 1472 Illa
213 1448 308 1477 micat,
320 1447 447 1478 maloque
458 1450 536 1472 tenus
547 1454 602 1472 sese
612 1447 711 1477 exerit,
723 1449 789 1479 Argo
799 1455 808 1472 .·

120 1505 186 1544 ubi,
210 1506 250 1535 ob
272 1507 366 1544 malo,
389 1505 566 1545 scripserim
591 1507 682 1545 erigit
689 1520 700 1541 ;
727 1511 763 1536 ut
778 1505 852 1536 Vir-

122 1557 229 1598 gilius,
246 1558 322 1588 AEn.
342 1568 369 1587 v.
386 1561 461 1588 487.

186 1617 346 1649 Ingentique
357 1624 440 1642 manu
451 1617 547 1642 malum
560 1618 593 1642 de
603 1624 673 1643 nave
685 1618 780 1643 Seresti

185 1655 276 1687 Erigit.

124 1704 279 1735 Conferas
302 1705 430 1745 insuper
456 1706 495 1736 de
521 1716 596 1736 voce
612 1709 676 1745 ille,
704 1707 744 1737 ad
759 1716 855 1748 quam

122 1756 227 1796 redeo,
251 1758 328 1789 AEn.
349 1759 401 1789 xii.
428 1762 457 1790 5.
483 1766 515 1789 et
537 1760 657 1790 interea
683 1759 857 1789 emendabo

123 1809 290 1840 Valerium
304 1810 465 1847 Flaccum,
479 1812 518 1841 vi.
536 1815 608 1842 527.

155 1871 296 1896 Barbarica
317 1872 439 1903 chlamys
460 1873 536 1897 ardet
557 1879 619 1902 acu,
640 1872 856 1904 tremefactaque

250 1915 333 1935 vento

157 1951 256 1982 Implet
267 1957 384 1981 equum3
403 1951 472 1982 quali
485 1950 525 1974 ille
537 1951 596 1975 rotis
607 1950 626 1974 it
638 1951 747 1976 Lucifer
757 1952 831 1982 albis,

156 1991 245 2022 Quem
258 1992 345 2015 Venus
357 1990 461 2014 inlustri
472 1991 572 2022 gaudet
585 1991 732 2022 producere
743 1992 824 2016 coelo.

125 2040 235 2080 Vulgo
250 2041 376 2080 legitur,
392 2043 493 2081 qualis
504 2043 597 2071 roseis
610 2043 633 2071 ic
643 2040 773 2070 Lucifer
782 2043 854 2072 ulis:

124 2099 301 2132 portentose
317 2093 403 2123 satis:
431 2093 502 2123 vide
526 2093 601 2124 silv.
620 2093 695 2123 Crit.
712 2103 741 2124 v,
759 2104 788 2133 p.
807 2097 824 2124 7
829 2099 857 2126 9.

128 2147 240 2188 Dictys
272 2148 443 2187 Cretensis,
473 2149 512 2180 iv.
546 2152 594 2180 15.
653 2152 674 2167 “
695 2149 858 2188 Ceterum,

125 2201 148 2216 “
164 2199 223 2229 sibi
238 2209 275 2229 eo
284 2199 434 2230 leviorem
449 2199 590 2230 dolorem
601 2210 677 2239 esse,
695 2201 779 2241 quod
794 2211 859 2231 non

128 2253 149 2268 “
165 2250 200 2280 in
214 2251 396 2290 certamine,
407 2262 511 2293 neque
523 2252 557 2282 in
566 2251 637 2282 luce
648 2252 733 2290 belli,
748 2252 858 2282 Achil—

127 2305 148 2318 “
163 2300 208 2330 les
224 2301 404 2333 interfectus
419 2309 498 2334 esset
504 2316 514 2341 ;
537 2314 601 2344 quo
617 2304 778 2334 fortiorem
794 2314 859 2334 non

128 2355 151 2369 “
160 2351 287 2392 putasse
328 2355 457 2395 quidem
493 2366 687 2397 quemquam
727 2357 858 2387 existere

128 2407 149 2421 “
165 2414 261 2440 nunc,
287 2405 338 2434 vel
362 2406 397 2436 in
419 2408 622 2446 praeteritum,
650 2415 778 2448 excepto
792 2420 859 2440 uno

128 2458 150 2474 “
166 2457 219 2486 illo
250 2456 422 2488 Herculess’
469 2460 520 2490 Sic
548 2460 733 2501 legendum:
772 2462 858 2500 editi,

127 2506 252 2548 optc‘isse.
297 2509 341 2539 Et
355 2519 437 2548 saepe
451 2511 614 2551 scriptores
628 2519 764 2544 utuntur
779 2516 858 2545 idem

126 2569 183 2599 pro
198 2562 249 2591 ille
254 2575 265 2596 ,·
292 2567 329 2591 ut
346 2561 475 2600 Statius,
491 2563 589 2595 Theb.
608 2565 646 2595 vi.
663 2568 737 2596 857.

158 2621 218 2650 Jam
230 2620 334 2645 dudum
346 2621 471 2647 aetherias
482 2622 567 2648 eadem
579 2624 696 2649 reditura
707 2626 754 2649 sub
765 2632 850 2651 auras.

130 2669 304 2711 Utriusque
318 2671 463 2702 formulae
478 2683 543 2703 non
558 2684 628 2704 rara
650 2675 793 2714 exempla
814 2675 858 2706 le-

128 2722 275 2762 gentium
289 2723 388 2754 oculis
399 2724 566 2755 incurrent.

172 2775 248 2806 Ver.
261 2779 311 2806 84.
333 2779 478 2808 scelerosa
495 2785 586 2819 atque
601 2779 699 2818 inpia.
733 2779 859 2812 Vocem

128 2824 266 2863 priorem
282 2827 453 2859 adhibuere
468 2835 499 2860 et
513 2829 657 2860 Lucilius
680 2836 711 2860 et
728 2830 859 2862 Afrani-

129 2885 180 2913 us,
195 2877 279 2915 apud
295 2879 441 2910 Nonium
450 2892 460 2918 ;
477 2881 646 2921 Apuleius,
659 2887 732 2912 met.
743 2892 772 2913 x.
796 2884 859 2914 Ar-

132 2927 257 2967 nobius,
273 2929 325 2961 lib.
335 2931 374 2962 vi.
389 2942 421 2971 p.
436 2935 578 2964 189.—“
591 2940 740 2975 tanquam
750 2937 862 2975 impias

136 2981 159 2997 “
175 2988 322 3018 geramus
335 2989 367 3014 ct
380 2986 542 3018 scelerosas
556 2987 716 3018 mentes:’'
733 2993 765 3018 et
779 2988 862 3021 alibi.

181 3031 231 3063 Vo
238 3043 266 3064 1..
285 3034 312 3065 I.

899 769 1076 801 Lambinus
1096 768 1205 799 laudat
1231 767 1359 799 Terent.
1395 769 1479 800 Eun.
1498 768 1540 800 iv.
1556 771 1585 799 3.
1604 771 1633 800 1.

900 823 993 853 Varr.
1011 822 1049 852 de
1061 822 1138 862 ling.
1156 822 1226 852 Lat.
1241 821 1297 851 lib.
1313 831 1340 851 v.

901 876 1024 914 Peperit
1049 884 1129 910 vero,
1153 872 1452 912 intulit—patravit;
1476 879 1512 904 ut
1528 872 1634 912 lilaro,

902 927 977 956 AEn.
993 927 1032 956 vi.
1046 929 1117 958 455.

1284 987 1331 1018 qui
1340 987 1390 1012 sibi
1400 987 1477 1011 letum

963 1028 1083 1052 Insontes
1092 1031 1206 1059 peperere
1217 1034 1311 1052 manu.

943 1075 1017 1106 Ver.
1035 1080 1085 1107 85.
1114 1078 1252 1108 Trivia'i:
1281 1084 1321 1107 Π.
1353 1078 1487 1108 Triviae:
1513 1082 1544 1106 et
1565 1082 1636 1116 post

900 1126 982 1155 hanc
1004 1137 1123 1165 vocem,
1152 1134 1194 1157 Π.
1219 1133 1256 1158 Σ.
1276 1134 1320 1158 Ω.
1344 1127 1549 1166 interponunt
1571 1129 1632 1158 ad.-

901 1186 959 1207 nec
975 1188 1049 1207 sane
1064 1178 1103 1208 de
1118 1178 1218 1208 nihilo
1234 1178 1379 1208 videntur
1393 1179 1453 1208 hoc
1475 1178 1509 1207 in
1526 1188 1558 1207 se
1579 1178 1635 1208 ad-

897 1227 1018 1257 misisse
1039 1228 1161 1267 pulchri
1183 1229 1314 1260 codices.
1362 1228 1502 1259 Attende
1524 1228 1632 1267 modo,

898 1284 1016 1318 quanto
1031 1280 1190 1310 venustior
1207 1280 1317 1311 evadat
1339 1279 1436 1316 locus,
1453 1280 1480 1309 si
1496 1279 1537 1310 ad
1552 1280 1635 1310 hanc

899 1325 1084 1369 scripturam
1105 1331 1167 1361 levi
1189 1332 1393 1372 castigatione
1414 1331 1635 1362 accommode-

901 1385 963 1419 tur,
989 1388 1023 1411 ut
1050 1383 1262 1413 nominativus
1289 1383 1398 1413 efficax
1427 1384 1554 1424 Religio
1579 1383 1634 1414 do-

902 1432 1040 1462 minetur
1056 1439 1154 1463 totam
1169 1445 1225 1473 per
1240 1434 1422 1473 periodum:

932 1491 1028 1516 Aulide
1039 1499 1092 1523 quo
1104 1497 1195 1524 pacto,
1206 1493 1312 1517 Triviai
1323 1493 1357 1517 ad
1368 1494 1477 1526 virginis
1489 1501 1575 1525 aram,

931 1534 1094 1564 Iphianassai
1105 1535 1216 1566 turparit
1228 1536 1357 1567 sanguine
1368 1536 1431 1562 fede

930 1575 1062 1600 Ductores
1073 1577 1196 1600 Danaum
1209 1576 1321 1607 delectos,
1332 1578 1420 1609 prima
1431 1578 1562 1603 virorum.

901 1623 966 1654 Ubi
990 1625 1070 1654 nihil
1100 1626 1164 1655 vim
1186 1627 1305 1665 patitur
1331 1633 1442 1666 praeter
1464 1627 1635 1657 dictionem

897 1679 1023 1708 delectos
1031 1693 1041 1713 ;
1069 1689 1170 1718 quum
1184 1685 1304 1709 constet
1315 1681 1382 1709 haec
1399 1679 1578 1709 emendatio
1594 1692 1638 1720 τῳ

901 1735 1069 1768 turparunt
1082 1740 1147 1759 uno
1162 1730 1383 1760 tantummodo
1395 1730 1494 1760 ductu
1511 1730 1635 1762 calami.

905 1780 967 1809 Sed
982 1781 1020 1810 de
1036 1782 1094 1810 hoc
1110 1781 1284 1810 tentamine
1298 1781 1435 1811 viderint
1449 1781 1588 1818 lectores,
1605 1787 1637 1812 et

906 1831 940 1860 in
955 1832 1076 1870 primis,
1093 1832 1206 1872 quibus
1221 1832 1274 1862 alii
1289 1833 1411 1863 codices
1421 1843 1519 1863 manu
1530 1833 1637 1874 scripti

904 1888 1080 1920 suppetunt.

948 1935 1027 1965 Ibid.
1050 1935 1172 1966 Τνίυίαὶ·
1186 1937 1323 1975 virginis.
1360 1936 1411 1966 Ita
1423 1937 1635 1975 Mantuanus,

901 1987 977 2017 AEn.
994 1987 1031 2018 iv.
1048 1990 1120 2018 511.
1144 1988 1197 2028 qui
1220 1988 1308 2018 locus
1323 1999 1425 2029 neque
1439 1989 1635 2020 Lambinum

902 2038 1008 2068 latuIt:

901 2097 1149 2130 Tergeminamque
1156 2099 1286 2130 Hecaten,
1293 2100 1343 2125 tria
1351 2100 1464 2132 virginis
1472 2108 1517 2127 ora
1526 2101 1632 2126 Dianae.

947 2139 1018 2169 Ver.
1043 2143 1092 2170 86.
1126 2142 1347 2179 Iphianassai:
1374 2142 1415 2171 V.
1443 2141 1491 2172 ed.
1523 2144 1634 2182 Iphia-

902 2192 1041 2225 nassaz'03
1071 2197 1115 2221 Ω.
1141 2193 1351 2230 Ιῃήτάηαεεεο,
1378 2203 1450 2222 cum
1478 2197 1513 2223 Δ.
1537 2198 1568 2222 et
1591 2197 1630 2224 2:

904 2248 935 2272 et
949 2242 1088 2272 fortassis
1112 2253 1190 2274 vere.
1238 2243 1333 2275 Idem
1356 2244 1478 2274 volebat
1502 2250 1543 2275 Π.
1559 2253 1635 2274 cum

903 2305 960 2326 suo
976 2297 1168 2336 splzianasso.

948 2347 1028 2378 Ibid.
1050 2354 1219 2388 turparunt
1233 2350 1396 2389 sanguine.
1428 2349 1528 2379 Vetus
1543 2347 1634 2387 po'e'ta

902 2397 1048 2428 laudatus
1062 2399 1182 2438 Tullio,
1199 2399 1240 2430 ad
1249 2400 1287 2430 T.
1299 2411 1349 2441 qq.
1364 2400 1408 2432 iii.
1424 2404 1471 2432 19.
1487 2398 1634 2440 praeclaro

902 2450 1053 2481 carmine:

994 2512 1061 2535 Haec
1073 2510 1166 2535 omnia
1175 2511 1231 2535 vidi
1241 2510 1415 2540 inflammari,

994 2551 1098 2576 Priamo
1109 2552 1137 2575 vi
1147 2552 1232 2576 vitam
1243 2551 1348 2580 evitari,

995 2591 1067 2622 Jovis
1077 2599 1150 2616 aram
1163 2591 1285 2623 sanguine
1296 2589 1406 2622 turpari.

904 2640 1067 2681 Virgilius,
1084 2641 1161 2670 AEn.
1180 2650 1210 2670 x.
1229 2643 1299 2669 852.

918 2699 1045 2731 Sanguine
1056 2702 1211 2730 turpantem,
1224 2701 1348 2729 comptos
1358 2697 1392 2722 de
1401 2701 1487 2727 more,
1497 2697 1614 2729 capillos.

905 2741 1038 2772 Sistatur
1059 2740 1109 2769 his
1138 2740 1266 2778 insuper
1297 2738 1394 2770 Silius
1416 2738 1558 2778 Italicus,
1588 2738 1632 2770 xi.

907 2797 976 2825 159.

965 2861 1242 2870 -—-———
1253 2849 1341 2874 victor
1350 2852 1381 2873 ut
1393 2849 1465 2874 idem

965 2889 1050 2922 Lydia
1061 2891 1182 2913 Romano
1193 2888 1303 2921 turparit
1313 2892 1408 2921 stagna
1418 2894 1514 2913 cmm-e.

907 2940 958 2971 Sic
973 2939 1190 2979 reponendum
1205 2939 1290 2978 dico;
1313 2949 1389 2970 nam
1404 2938 1512 2968 omnia
1526 2945 1631 2968 exem-

906 2991 1005 3032 plaria
1018 2992 1134 3023 habent
1147 2992 1288 3023 turbarit.
1333 2989 1426 3022 Idem
1440 2989 1495 3020 xii.
1514 2990 1563 3020 17.

876 3043 904 3074 C
