1894 3253
554 200 789 249 LIBER

850 194 1266 247 SECUNDUS.
1553 204 1641 245 361

303 334 466 383 Quaerit
486 334 596 375 enim
616 333 817 375 rationem
839 331 1014 379 animus,
1038 343 1164 384 quom
1186 341 1345 369 summa
1362 325 1441 368 loci
1461 326 1512 368 sit

299 408 470 450 Infinita
490 409 603 459 foris,
625 408 715 449 haec
737 414 853 448 extra
871 404 1026 445 moenia
1046 403 1206 452 mundi,

162 487 268 523 1045
299 481 417 531 Quid
437 482 488 523 sit
507 482 586 523 ibei
607 496 748 536 porro,
771 493 853 534 quo
873 477 1107 532 prospicere
1126 490 1254 530 usque
1274 475 1380 517 valet
1398 488 1532 524 mens3

300 557 439 611 Atque
459 555 585 597 animi
598 555 733 609 jactus
752 551 854 593 liber
875 551 940 600 sit,
963 564 1046 605 quo
1067 548 1162 589 velit
1181 548 1279 603 ipse.

358 629 584 683 Principio,
607 626 726 668 nobis
747 626 790 666 in
811 633 979 666 cunctas
996 620 1178 677 undique
1193 622 1361 676 parteis,

186 785 300 816 Vimque
311 783 432 816 fatigata:
445 784 543 809 mentis
554 785 601 809 sub
613 788 723 816 pectore
733 789 816 816 parvo

184 824 311 854 Turbari,
319 823 473 854 validisque
482 823 607 849 hebetem
616 824 792 849 succumbere
799 821 879 848 curis?

152 887 275 928 Vulgo,
289 889 452 924 z'nvalirlz's;
467 893 574 917 contra
582 887 778 927 perspicuam
789 896 878 916 men-

152 946 218 970 tem
244 939 407 979 scriptoris.
452 939 575 979 Nempe
598 942 610 970 z'
639 939 809 969 adhaeserat
842 947 879 968 ex

152 990 303 1021 vocabulo
339 989 544 1030 praecedente,
583 992 715 1022 ivalt'dis.
774 989 878 1020 Finiat

153 1041 342 1081 Propertius,
358 1052 398 1072 ne
413 1041 446 1071 in
462 1041 550 1072 mera
570 1039 758 1082 conjectura,
775 1050 877 1081 neque

152 1092 190 1123 ea
206 1103 279 1123 sane
301 1093 481 1130 necessaria,
499 1093 683 1124 laboriosius
705 1091 875 1127 asserenda,

152 1149 277 1183 tempus
291 1144 490 1183 profundam,
504 1144 535 1174 ii.
554 1148 604 1174 12.
626 1147 673 1175 17.

183 1225 263 1256 Quod
273 1225 304 1254 si,
312 1225 460 1256 pertendens
471 1225 566 1254 animo,
578 1226 675 1250 vestita
686 1225 799 1254 cubaris,

214 1264 296 1289 Scissa
307 1268 381 1289 veste
393 1270 466 1288 meas
477 1264 616 1295 experiere
626 1270 730 1288 manus.

193 1345 268 1375 Ver.
287 1348 378 1376 1042.
389 1345 529 1386 falsum:
555 1346 592 1377 P.
610 1352 651 1377 Π.
663 1346 771 1387 falsa,·
795 1346 878 1387 quod

151 1406 335 1428 communes
369 1397 523 1427 editiones
558 1398 682 1433 habent,
721 1398 879 1428 varietatis

153 1447 267 1489 gratias
295 1447 368 1477 odio
398 1447 609 1477 infensissimo
639 1448 873 1486 proscribentes:

154 1505 190 1530 Δ.
206 1499 362 1539 E.falsu;
389 1498 411 1528 i.
436 1508 462 1528 e.
485 1497 570 1528 haud
585 1497 692 1536 dubie,
705 1498 807 1539 falsfi,
830 1499 879 1529 vel

142 1551 364 1591 falsum—n.
380 1560 444 1580 non
459 1549 598 1590 agnoscit
612 1556 664 1581 est.

196 1600 269 1632 Ver.
289 1605 378 1632 1045.
400 1603 568 1632 rationem:
596 1606 630 1632 Δ.
648 1607 689 1632 Π.
702 1606 737 1633 Σ.
748 1604 877 1639 ratione,

152 1662 189 1684 ut
203 1653 223 1684 i.
237 1657 309 1684 569.
332 1651 387 1682 sed
403 1652 490 1682 aliud
505 1652 556 1682 hic
579 1652 680 1682 arrisit
702 1659 824 1692 nostro;
847 1661 878 1685 et

151 1705 333 1736 melioribus
346 1704 432 1735 libris
446 1704 621 1744 praestiterit
635 1706 855 1745 obtemperare.

197 1759 270 1790 Ver.
295 1762 389 1789 1044.
413 1765 514 1790 extra:
551 1760 587 1790 P.
610 1766 710 1791 extera
718 1775 728 1795 ;
755 1760 819 1799 sed,
842 1762 876 1791 in

152 1815 306 1851 quantum
321 1809 412 1840 liceat
431 1820 468 1840 ex
483 1810 566 1840 notis
588 1810 743 1851 colligere,
767 1821 874 1850 opera-

153 1872 225 1892 rum
240 1862 327 1893 vitio:
353 1873 416 1903 quo
431 1863 526 1893 modo
539 1874 572 1894 se
587 1874 654 1894 rem
676 1865 790 1895 habere
811 1874 876 1894 non

153 1925 223 1945 raro
237 1914 310 1945 alibi
325 1914 358 1943 in
373 1913 431 1944 ista
447 1914 582 1945 editione
604 1915 875 1954 deprehendimus.

197 1965 272 1996 Ver.
293 1968 383 1996 1045.
405 1967 444 1996 sic
460 1967 534 1996 ihez‘:
561 1966 602 1996 V.
623 1966 670 1997 ed.
694 1967 729 1997 P.
752 1969 792 1997 sit
807 1968 875 2004 ube]

154 2025 189 2051 Σ.
212 2022 240 2051 si
254 2021 324 2056 tc'bi5
352 2020 390 2050 O.
408 2025 443 2050 Δ.
465 2021 522 2050 tibi
537 2022 574 2056 si,
598 2020 773 2051 inversione
795 2021 877 2052 facta

152 2073 553 2111 literarum—prospicere.-
593 2072 690 2103 Vind.
725 2084 876 2113 prospere,

154 2124 257 2164 elapsa
272 2123 403 2164 syllaba;
426 2124 470 2154 ita
493 2130 609 2160 tamen,
635 2130 671 2154 ut
684 2135 754 2165 quae
769 2136 876 2165 super-

155 2177 230 2214 sint,
244 2176 419 2216 legitimam
435 2176 605 2206 dictionem
619 2176 763 2212 efficiant,
778 2177 878 2218 quali-

153 2233 202 2257 ter
216 2237 296 2266 saepe
311 2232 356 2257 est
369 2227 475 2257 scribis
489 2233 664 2267 peccatum:
691 2227 761 2258 vide
775 2238 827 2258 me
838 2228 879 2259 ad

158 2277 233 2308 Silv.
251 2277 327 2308 Crit.
345 2282 415 2307 sect.
432 2277 483 2308 lxi.
528 2278 636 2309 Liceat
661 2289 699 2309 ex
715 2280 879 2310 Lactantio

155 2329 288 2369 hujusce
302 2328 527 2367 depravationis
542 2330 698 2370 singulare
724 2331 880 2370 specimen

157 2379 333 2420 protulisse,
349 2389 447 2419 quum
462 2380 501 2409 sit
516 2386 625 2410 auctor
641 2381 879 2412 candidissimus

157 2438 250 2472 atque
265 2431 494 2468 disertissimus,
510 2431 570 2461 div.
586 2432 670 2462 instt.
684 2433 703 2462 i.
719 2437 748 2462 4.
766 2436 787 2451 “
801 2435 879 2464 Pro-

157 2487 180 2501 “
193 2485 301 2523 plzetoe,
338 2481 393 2522 qui
421 2482 549 2512 fuerunt
577 2482 750 2514 admodum
778 2486 879 2523 multi,

158 2537 181 2553 “
197 2543 299 2564 unum
337 2533 444 2563 Deum
480 2533 659 2572 praedicant,
696 2545 798 2565 unum
834 2535 880 2566 lo-

159 2590 183 2605 “
200 2591 355 2626 quuntur3
378 2585 492 2625 quippe
521 2585 583 2626 qui,
612 2587 707 2616 unius
734 2587 797 2617 Dei
819 2587 880 2627 spi-

160 2641 183 2657 “
199 2638 260 2667 ritu
283 2636 379 2675 pleni,
402 2647 472 2677 quae
493 2637 599 2667 futura
620 2645 732 2677 essent,
762 2639 829 2678 pari
851 2645 882 2669 et

163 2692 185 2708 “
202 2687 338 2719 consona
367 2697 439 2717 voce
462 2688 679 2726 praedixerunt.
724 2690 770 2720 At
795 2690 882 2720 enim

161 2743 184 2758 “
201 2739 336 2769 veritatis
364 2745 503 2778 expertes
526 2748 589 2769 non
611 2745 722 2778 putant
743 2739 790 2769 his
816 2750 882 2770 esse

162 2790 398 2821 “credendum.
442 2793 520 2822 Illas
548 2791 635 2821 enim
664 2801 729 2821 non
751 2791 881 2830 divinas,

162 2845 184 2860 “
201 2842 254 2872 sed
267 2844 432 2881 humanas,
456 2853 544 2874 voces
555 2843 657 2883 fuisse
681 2843 777 2873 aiunt.
821 2843 879 2873 Vi-

165 2895 187 2910 “
204 2892 324 2933 delicet,
353 2895 426 2937 quia
447 2894 486 2926 dc
508 2904 573 2926 uno
597 2895 667 2927 Deo
689 2894 880 2935 praeconium

924 785 947 801 “
964 780 1094 817 saelum,
1123 784 1179 811 aut
1199 779 1317 815 insani,
1347 784 1402 810 aut
1423 778 1557 815 fallaces,
1581 779 1649 810 fue·

923 836 946 852 “
961 832 1065 864 runt.”
1102 831 1212 867 Vides,
1228 830 1348 870 opinor,
1365 840 1482 861 nomen
1497 829 1581 861 idem
1596 841 1650 870 per

923 893 1051 915 omnem
1066 883 1172 913 locum
1199 881 1363 917 dominari,
1382 884 1546 922 prophetas
1568 881 1650 912 scili-

922 945 978 970 cet.
1025 936 1111 974 Quid
1134 947 1209 978 ergo
1227 936 1324 966 facias
1345 945 1419 966 cum
1436 936 1525 967 illas?
1549 935 1646 976 Lege:

922 995 944 1010 “
959 992 1036 1022 Illos
1059 989 1146 1020 enim
1173 999 1238 1019 non
1263 988 1397 1026 divinas,
1410 987 1464 1018 sed
1478 989 1644 1024 humanas,

921 1046 943 1062 “
959 1041 1205 1083 vocesfudisse.”

965 1095 1046 1126 Ibid.
1061 1096 1148 1126 valet.
1193 1094 1268 1124 Hoc
1294 1099 1339 1124 est
1362 1104 1400 1124 ex
1425 1093 1504 1124 meis
1527 1094 1651 1125 divina-

922 1146 1071 1184 tionibus,
1098 1156 1155 1185 pro
1169 1145 1322 1176 librorum
1338 1145 1482 1175 omnium
1505 1145 1651 1183 lectione,

921 1201 1008 1230 velit:
1029 1197 1177 1228 audacior
1200 1197 1351 1236 profecto,
1373 1208 1469 1238 quam
1500 1208 1556 1236 pro
1578 1196 1651 1228 mea

921 1249 1147 1279 consuetudine
1163 1249 1196 1278 in
1210 1249 1412 1286 Lucretium
1429 1249 1483 1279 sed
1493 1249 1652 1289 sequentis

920 1300 1026 1330 versus
1040 1300 1224 1331 constitutio
1239 1299 1307 1338 tibi,
1324 1300 1358 1330 ni
1373 1299 1476 1339 fallor,
1492 1300 1565 1330 satis
1579 1310 1652 1339 pro—

921 1352 1007 1383 babit
1028 1353 1109 1382 hanc
1132 1351 1370 1392 castigationem
1391 1352 1522 1382 omnino
1543 1362 1650 1382 neces-

921 1403 1034 1433 sariam
1049 1402 1153 1438 fuisse,
1169 1402 1231 1431 nisi
1247 1412 1410 1432 summum
1425 1402 1548 1441 po'e'tam
1563 1403 1651 1433 inve-

922 1453 1140 1484 nustissimum
1167 1462 1233 1483 esse
1255 1453 1399 1483 omnium
1414 1454 1539 1493 po'e'tam
1560 1454 1651 1485 dlxe-

922 1506 975 1536 ris.

966 1556 1038 1587 Ver.
1058 1560 1150 1588 1046.
1183 1556 1258 1587 Non
1281 1563 1326 1587 est
1355 1555 1388 1587 in
1412 1563 1478 1588 toto
1501 1557 1649 1589 Lucretio

921 1618 1036 1646 versus,
1060 1608 1099 1638 de
1123 1608 1214 1649 cujus
1235 1609 1421 1639 lectionibus
1436 1610 1538 1650 magis
1552 1609 1649 1640 lubri-

920 1671 995 1690 cum
1009 1660 1058 1698 sit,
1074 1667 1166 1701 atque
1181 1661 1328 1699 arduum,
1345 1662 1562 1701 pronunciare.
1593 1662 1649 1691 Li-

920 1713 1049 1743 brorum
1084 1713 1248 1743 varietates
1278 1724 1437 1744 recensere
1465 1724 1649 1755 pergam.—

911 1764 1037 1803 jactus:
1066 1770 1106 1794 Π.
1130 1770 1161 1794 et
1176 1764 1220 1794 ita
1238 1764 1416 1794 Gronovius
1431 1765 1650 1795 emendaverat

919 1814 1059 1851 feliciter,
1083 1815 1116 1845 in
1141 1815 1211 1845 aliis
1226 1815 1366 1845 multum
1382 1815 1489 1853 falsus,
1513 1816 1650 1846 adducto

922 1866 1082 1896 Ciceronis
1110 1866 1187 1902 loco,
1217 1866 1307 1896 valde
1336 1872 1522 1906 opportuno,
1553 1876 1650 1906 quem

917 1916 985 1957 jam
1007 1917 1208 1953 contulimus,
1236 1917 1276 1946 ad
1298 1927 1358 1947 ver.
1384 1920 1455 1949 759.
1477 1919 1557 1948 bene
1578 1927 1649 1947 mo-

921 1978 999 1998 nens
1014 1968 1109 1998 etiam
1134 1972 1154 1987 “
1168 1969 1225 1998 hos
1239 1968 1339 1998 animi
1346 1969 1476 2009 jactns’'
1499 1969 1648 2008 Epicuro,

920 2019 954 2048 in
983 2019 1113 2058 epistola
1142 2019 1183 2049 ad
1215 2020 1417 2050 Herodotum
1446 2020 1530 2060 apud
1553 2021 1651 2062 Diog.

921 2069 1025 2101 La'e'rt.
1042 2081 1071 2100 x.
1087 2070 1216 2101 vocitari
1232 2078 1434 2110 φανταστικην
1450 2074 1594 2109 επιέολην,
1617 2078 1649 2103 et

922 2121 1102 2161 simpliciter
1133 2122 1290 2156 επιέολαςι
1320 2128 1357 2152 ut
1385 2122 1480 2152 etiam
1511 2124 1648 2158 επιξολας

922 2187 974 2207 της
997 2172 1128 2211 διαναιας,
1152 2178 1223 2203 sect.
1240 2176 1292 2204 51.
1339 2173 1452 2203 Facilis
1474 2177 1530 2211 est,
1554 2179 1648 2215 atque

922 2224 1095 2255 admodum
1131 2225 1310 2264 probabilis,
1350 2225 1416 2254 haec
1454 2225 1648 2265 conjectura3

921 2276 996 2316 quia
1010 2275 1120 2316 optimi
1143 2275 1226 2314 libri,
1251 2281 1282 2305 et
1297 2275 1514 2316 antiquissimi,
1543 2275 1648 2315 plures

922 2327 1018 2356 etiam
1032 2337 1177 2365 numero,
1193 2337 1307 2366 nempe
1320 2326 1414 2357 Vind.
1431 2327 1473 2358 V.
1489 2326 1536 2357 ed.
1554 2327 1591 2357 Β.
1606 2327 1646 2358 L.

924 2379 973 2408 M.
994 2378 1033 2409 0.
1050 2379 1088 2414 Q.
1113 2385 1153 2409 Π.
1171 2384 1205 2410 Σ.
1223 2385 1268 2409 Ω.
1291 2378 1367 2409 dant
1389 2385 1497 2415 tactus,
1523 2378 1649 2409 litei-ula

923 2429 988 2459 una
1003 2429 1243 2469 discrepantem:
1270 2430 1306 2460 P.
1321 2436 1455 2467 tractus;
1473 2429 1527 2470 qui
1542 2429 1575 2459 in
1590 2439 1648 2460 no-

923 2480 962 2510 tis
978 2481 1029 2516 ait,
1047 2480 1111 2521 legi
1128 2481 1269 2521 injectus,
1292 2481 1326 2510 in
1340 2480 1527 2522 quibusdam
1542 2489 1648 2511 exem-

924 2531 1077 2571 plaribus3
1100 2531 1296 2572 glossemate,
1319 2537 1356 2562 ut
1377 2531 1510 2570 videtur,
1534 2541 1572 2561 ex
1587 2541 1648 2562 ver.

926 2587 996 2616 739.
1020 2585 1302 2615 arcessito-liber:
1328 2584 1426 2614 Vind.
1450 2584 1491 2615 V.
1522 2583 1570 2614 ed.
1604 2583 1645 2620 Q.

927 2643 968 2667 H.
993 2642 1029 2669 Σ.
1050 2638 1234 2668 libera—sit
1264 2647 1321 2676 quo
1350 2637 1419 2667 velit
1449 2637 1520 2675 ipse.
1564 2635 1648 2666 Haee

925 2690 1005 2720 mihi
1031 2689 1095 2719 visa
1117 2695 1163 2719 est
1189 2688 1327 2719 maxime
1350 2688 1481 2727 simplex
1507 2694 1538 2719 et
1559 2688 1650 2719 obvia.

925 2740 1096 2780 castigatio,
1112 2740 1301 2770 diversitates
1314 2739 1472 2778 scripturae
1486 2739 1520 2769 in
1542 2750 1647 2770 exem-

925 2791 1071 2830 plaribus,
1098 2796 1129 2821 et
1157 2790 1217 2821 loci
1247 2800 1386 2829 scopum,
1415 2789 1647 2830 contemplanti.

926 2842 1040 2872 Postea
1069 2841 1221 2880 intellexi,
1252 2852 1317 2872 non
1339 2841 1427 2873 aliter
1452 2842 1492 2873 ad
1516 2843 1647 2872 verbum

925 2893 1016 2925 scribi
1031 2893 1064 2924 in
1081 2893 1131 2926 Pii
1146 2893 1383 2933 exemplaribus.
1427 2894 1464 2925 L.
1482 2893 1521 2924 Ο.
1537 2895 1576 2923 sit
1590 2901 1647 2931 quo

874 2954 974 2985 Aa2
