<?xml version="1.0" encoding="UTF-8"?>
<!DOCTYPE html PUBLIC "-//W3C//DTD XHTML 1.0 Transitional//EN"
    "http://www.w3.org/TR/xhtml1/DTD/xhtml1-transitional.dtd">
<html xmlns="http://www.w3.org/1999/xhtml" xml:lang="en" lang="en">
 <head>
  <title>
</title>
<meta http-equiv="Content-Type" content="text/html;charset=utf-8" />
  <meta name='ocr-system' content='tesseract 3.04.00' />
  <meta name='ocr-capabilities' content='ocr_page ocr_carea ocr_par ocr_line ocrx_word'/>
</head>
<body>
  <div class='ocr_page' id='page_1' title='image "./tlucretiicarider01lucruoft_0076.png"; bbox 0 0 1894 3253; ppageno 0'>
   <div class='ocr_carea' id='block_1_1' title="bbox 234 261 291 301">
    <p class='ocr_par' dir='ltr' id='par_1_1' title="bbox 234 261 291 301">
     <span class='ocr_line' id='line_1_1' title="bbox 234 261 291 301; baseline 0 0"><span class='ocrx_word' id='word_1_1' title='bbox 234 261 291 301; x_wconf 84' lang='lat'><strong>16</strong></span> 
     </span>
    </p>
   </div>
   <div class='ocr_carea' id='block_1_2' title="bbox 728 255 1223 304">
    <p class='ocr_par' dir='ltr' id='par_1_2' title="bbox 728 255 1223 304">
     <span class='ocr_line' id='line_1_2' title="bbox 728 255 1223 304; baseline 0.002 -1"><span class='ocrx_word' id='word_1_2' title='bbox 728 255 788 303; x_wconf 90' lang='grc' dir='ltr'><strong>Τ.</strong></span> <span class='ocrx_word' id='word_1_3' title='bbox 844 255 1223 304; x_wconf 90' lang='lat' dir='ltr'>LUCRETII</span> 
     </span>
    </p>
   </div>
   <div class='ocr_carea' id='block_1_3' title="bbox 368 386 1516 444">
    <p class='ocr_par' dir='ltr' id='par_1_3' title="bbox 368 386 1516 444">
     <span class='ocr_line' id='line_1_3' title="bbox 368 386 1516 444; baseline 0.002 -16"><span class='ocrx_word' id='word_1_4' title='bbox 368 386 529 437; x_wconf 85' lang='lat' dir='ltr'>Funde,</span> <span class='ocrx_word' id='word_1_5' title='bbox 551 393 692 441; x_wconf 88' lang='lat' dir='ltr'><strong>petens</strong></span> <span class='ocrx_word' id='word_1_6' title='bbox 710 386 915 441; x_wconf 84' lang='lat' dir='ltr'>placidam</span> <span class='ocrx_word' id='word_1_7' title='bbox 937 387 1153 439; x_wconf 87' lang='lat' dir='ltr'><strong>Romanis,</strong></span> <span class='ocrx_word' id='word_1_8' title='bbox 1174 388 1341 439; x_wconf 84' lang='lat' dir='ltr'><strong>incluta,</strong></span> <span class='ocrx_word' id='word_1_9' title='bbox 1362 402 1516 444; x_wconf 85' lang='lat' dir='ltr'><strong>pacem.</strong></span> 
     </span>
    </p>
   </div>
   <div class='ocr_carea' id='block_1_4' title="bbox 367 460 1508 518">
    <p class='ocr_par' dir='ltr' id='par_1_4' title="bbox 367 460 1508 518">
     <span class='ocr_line' id='line_1_4' title="bbox 367 460 1508 518; baseline 0 -15"><span class='ocrx_word' id='word_1_10' title='bbox 367 461 479 503; x_wconf 86' lang='lat' dir='ltr'><strong>Nam</strong></span> <span class='ocrx_word' id='word_1_11' title='bbox 502 475 635 515; x_wconf 89' lang='lat' dir='ltr'><strong>neque</strong></span> <span class='ocrx_word' id='word_1_12' title='bbox 655 474 731 501; x_wconf 89' lang='lat' dir='ltr'><strong>nos</strong></span> <span class='ocrx_word' id='word_1_13' title='bbox 752 476 874 517; x_wconf 85' lang='lat' dir='ltr'><strong>agere</strong></span> <span class='ocrx_word' id='word_1_14' title='bbox 893 460 974 502; x_wconf 84' lang='lat' dir='ltr'><strong>hoc</strong></span> <span class='ocrx_word' id='word_1_15' title='bbox 993 463 1145 517; x_wconf 70' lang='lat' dir='ltr'><strong>patriai</strong></span> <span class='ocrx_word' id='word_1_16' title='bbox 1161 470 1347 518; x_wconf 86' lang='lat' dir='ltr'><strong>tempore</strong></span> <span class='ocrx_word' id='word_1_17' title='bbox 1366 462 1508 518; x_wconf 87' lang='lat' dir='ltr'><strong>iniquo</strong></span> 
     </span>
    </p>
   </div>
   <div class='ocr_carea' id='block_1_5' title="bbox 368 535 1566 594">
    <p class='ocr_par' dir='ltr' id='par_1_5' title="bbox 368 535 1566 594">
     <span class='ocr_line' id='line_1_5' title="bbox 368 535 1566 594; baseline 0.001 -18"><span class='ocrx_word' id='word_1_18' title='bbox 368 535 590 576; x_wconf 83' lang='lat' dir='ltr'>Possumus</span> <span class='ocrx_word' id='word_1_19' title='bbox 610 549 730 590; x_wconf 83' lang='lat' dir='ltr'><strong>aequo</strong></span> <span class='ocrx_word' id='word_1_20' title='bbox 751 535 890 576; x_wconf 86' lang='lat' dir='ltr'><strong>animo</strong></span> <span class='ocrx_word' id='word_1_21' title='bbox 897 553 910 585; x_wconf 91' lang='lat'>;</span> <span class='ocrx_word' id='word_1_22' title='bbox 943 550 1019 577; x_wconf 91' lang='lat' dir='ltr'><strong>nec</strong></span> <span class='ocrx_word' id='word_1_23' title='bbox 1042 536 1233 577; x_wconf 84' lang='lat' dir='ltr'><strong>Memmii</strong></span> <span class='ocrx_word' id='word_1_24' title='bbox 1254 536 1362 578; x_wconf 79' lang='lat' dir='ltr'><strong>clara</strong></span> <span class='ocrx_word' id='word_1_25' title='bbox 1380 551 1566 594; x_wconf 87' lang='lat' dir='ltr'><strong>propago</strong></span> 
     </span>
    </p>
   </div>
   <div class='ocr_carea' id='block_1_6' title="bbox 367 608 1269 652">
    <p class='ocr_par' dir='ltr' id='par_1_6' title="bbox 367 608 1269 652">
     <span class='ocr_line' id='line_1_6' title="bbox 367 608 1269 652; baseline 0.002 -2"><span class='ocrx_word' id='word_1_26' title='bbox 367 608 537 650; x_wconf 80' lang='lat' dir='ltr'>Talibus</span> <span class='ocrx_word' id='word_1_27' title='bbox 558 609 601 649; x_wconf 89' lang='lat' dir='ltr'><strong>in</strong></span> <span class='ocrx_word' id='word_1_28' title='bbox 622 609 743 651; x_wconf 85' lang='lat' dir='ltr'><strong>rebus</strong></span> <span class='ocrx_word' id='word_1_29' title='bbox 765 611 961 651; x_wconf 90' lang='lat' dir='ltr'><strong>conmuni</strong></span> <span class='ocrx_word' id='word_1_30' title='bbox 982 610 1119 652; x_wconf 85' lang='lat' dir='ltr'>deesse</span> <span class='ocrx_word' id='word_1_31' title='bbox 1139 611 1269 652; x_wconf 85' lang='lat' dir='ltr'><strong>saluti.</strong></span> 
     </span>
    </p>
   </div>
   <div class='ocr_carea' id='block_1_7' title="bbox 280 688 333 725">
    <p class='ocr_par' dir='ltr' id='par_1_7' title="bbox 280 688 333 725">
     <span class='ocr_line' id='line_1_7' title="bbox 280 688 333 725; baseline -0.019 0"><span class='ocrx_word' id='word_1_32' title='bbox 280 688 333 725; x_wconf 71' lang='lat'><strong>45</strong></span> 
     </span>
    </p>
   </div>
   <div class='ocr_carea' id='block_1_8' title="bbox 423 683 1660 739">
    <p class='ocr_par' dir='ltr' id='par_1_8' title="bbox 423 683 1660 739">
     <span class='ocr_line' id='line_1_8' title="bbox 423 683 1660 739; baseline 0.001 -15"><span class='ocrx_word' id='word_1_33' title='bbox 423 683 551 732; x_wconf 84' lang='lat' dir='ltr'><strong>Quod</strong></span> <span class='ocrx_word' id='word_1_34' title='bbox 573 698 694 739; x_wconf 85' lang='lat' dir='ltr'><strong>super</strong></span> <span class='ocrx_word' id='word_1_35' title='bbox 714 693 789 735; x_wconf 90' lang='lat' dir='ltr'><strong>est,</strong></span> <span class='ocrx_word' id='word_1_36' title='bbox 811 700 958 726; x_wconf 81' lang='lat' dir='ltr'><strong>vacuas</strong></span> <span class='ocrx_word' id='word_1_37' title='bbox 979 686 1111 726; x_wconf 83' lang='lat' dir='ltr'><strong>aureis</strong></span> <span class='ocrx_word' id='word_1_38' title='bbox 1131 685 1248 737; x_wconf 74' lang='lat' dir='ltr'><strong>mihi,</strong></span> <span class='ocrx_word' id='word_1_39' title='bbox 1272 685 1513 736; x_wconf 87' lang='lat' dir='ltr'><strong>Memmius,</strong></span> <span class='ocrx_word' id='word_1_40' title='bbox 1545 692 1585 726; x_wconf 90' lang='lat' dir='ltr'><strong>et</strong></span> <span class='ocrx_word' id='word_1_41' title='bbox 1604 691 1660 735; x_wconf 90' lang='lat' dir='ltr'><strong>te,</strong></span> 
     </span>
    </p>
   </div>
   <div class='ocr_carea' id='block_1_9' title="bbox 363 758 1414 890">
    <p class='ocr_par' dir='ltr' id='par_1_9' title="bbox 363 758 1414 890">
     <span class='ocr_line' id='line_1_9' title="bbox 365 758 1414 810; baseline 0.003 -12"><span class='ocrx_word' id='word_1_42' title='bbox 365 758 579 799; x_wconf 79' lang='lat' dir='ltr'><strong>semotum</strong></span> <span class='ocrx_word' id='word_1_43' title='bbox 600 774 625 799; x_wconf 83' lang='lat' dir='ltr'><strong>a</strong></span> <span class='ocrx_word' id='word_1_44' title='bbox 645 759 766 810; x_wconf 87' lang='lat' dir='ltr'><strong>curis,</strong></span> <span class='ocrx_word' id='word_1_45' title='bbox 790 759 941 800; x_wconf 81' lang='lat' dir='ltr'><strong>adhibe</strong></span> <span class='ocrx_word' id='word_1_46' title='bbox 960 774 1098 800; x_wconf 81' lang='lat' dir='ltr'><strong>veram</strong></span> <span class='ocrx_word' id='word_1_47' title='bbox 1119 761 1172 801; x_wconf 81' lang='lat' dir='ltr'><strong>ad</strong></span> <span class='ocrx_word' id='word_1_48' title='bbox 1193 761 1414 801; x_wconf 82' lang='lat' dir='ltr'><strong>rationem:</strong></span> 
     </span>
     <span class='ocr_line' id='line_1_10' title="bbox 363 831 1297 890; baseline 0.002 -17"><span class='ocrx_word' id='word_1_49' title='bbox 363 831 430 873; x_wconf 87' lang='lat' dir='ltr'><strong>Ne</strong></span> <span class='ocrx_word' id='word_1_50' title='bbox 450 847 541 874; x_wconf 84' lang='lat' dir='ltr'><strong>mea</strong></span> <span class='ocrx_word' id='word_1_51' title='bbox 561 833 685 884; x_wconf 86' lang='lat' dir='ltr'><strong>dona,</strong></span> <span class='ocrx_word' id='word_1_52' title='bbox 718 834 793 875; x_wconf 86' lang='lat' dir='ltr'><strong>tibi</strong></span> <span class='ocrx_word' id='word_1_53' title='bbox 814 834 949 875; x_wconf 85' lang='lat' dir='ltr'><strong>studio</strong></span> <span class='ocrx_word' id='word_1_54' title='bbox 970 834 1152 890; x_wconf 84' lang='lat' dir='ltr'><strong>disposta</strong></span> <span class='ocrx_word' id='word_1_55' title='bbox 1172 835 1297 886; x_wconf 88' lang='lat' dir='ltr'><strong>fideli,</strong></span> 
     </span>
    </p>
   </div>
   <div class='ocr_carea' id='block_1_10' title="bbox 214 971 950 1369">
    <p class='ocr_par' dir='ltr' id='par_1_10' title="bbox 214 971 950 1308">
     <span class='ocr_line' id='line_1_11' title="bbox 249 971 888 1003; baseline 0.003 -8"><span class='ocrx_word' id='word_1_56' title='bbox 249 971 392 1003; x_wconf 77' lang='lat' dir='ltr'><strong>Inruimus,</strong></span> <span class='ocrx_word' id='word_1_57' title='bbox 403 973 488 998; x_wconf 89' lang='lat' dir='ltr'><strong>densis</strong></span> <span class='ocrx_word' id='word_1_58' title='bbox 499 976 527 998; x_wconf 83' lang='lat' dir='ltr'><strong>et</strong></span> <span class='ocrx_word' id='word_1_59' title='bbox 538 972 783 998; x_wconf 73' lang='lat' dir='ltr'><strong>circumfundimur</strong></span> <span class='ocrx_word' id='word_1_60' title='bbox 793 973 888 998; x_wconf 83' lang='lat' dir='ltr'><strong>armis:</strong></span> 
     </span>
     <span class='ocr_line' id='line_1_12' title="bbox 219 1015 945 1057; baseline 0.003 -13"><span class='ocrx_word' id='word_1_61' title='bbox 219 1018 241 1032; x_wconf 87' lang='lat'><strong>“</strong></span> <span class='ocrx_word' id='word_1_62' title='bbox 258 1016 463 1055; x_wconf 86' lang='lat' dir='ltr'><strong>nosmetipsos</strong></span> <span class='ocrx_word' id='word_1_63' title='bbox 491 1016 601 1057; x_wconf 83' lang='lat' dir='ltr'><strong>utique</strong></span> <span class='ocrx_word' id='word_1_64' title='bbox 628 1015 945 1046; x_wconf 77' lang='lat' dir='ltr'><strong>circumfundimus.”</strong></span> 
     </span>
     <span class='ocr_line' id='line_1_13' title="bbox 219 1066 947 1109; baseline 0.001 -13"><span class='ocrx_word' id='word_1_65' title='bbox 219 1066 366 1104; x_wconf 85' lang='lat' dir='ltr'><strong>Pulchre,</strong></span> <span class='ocrx_word' id='word_1_66' title='bbox 393 1074 487 1109; x_wconf 84' lang='lat' dir='ltr'><strong>atque</strong></span> <span class='ocrx_word' id='word_1_67' title='bbox 514 1067 663 1108; x_wconf 89' lang='lat' dir='ltr'><strong>apposite,</strong></span> <span class='ocrx_word' id='word_1_68' title='bbox 693 1068 832 1098; x_wconf 89' lang='lat' dir='ltr'><strong>Achilles</strong></span> <span class='ocrx_word' id='word_1_69' title='bbox 859 1068 947 1099; x_wconf 82' lang='lat' dir='ltr'><strong>Tati-</strong></span> 
     </span>
     <span class='ocr_line' id='line_1_14' title="bbox 217 1118 946 1160; baseline 0.007 -13"><span class='ocrx_word' id='word_1_70' title='bbox 217 1128 263 1154; x_wconf 82' lang='lat' dir='ltr'><strong>us,</strong></span> <span class='ocrx_word' id='word_1_71' title='bbox 294 1118 332 1148; x_wconf 81' lang='lat' dir='ltr'><strong>vi.</strong></span> <span class='ocrx_word' id='word_1_72' title='bbox 359 1119 426 1150; x_wconf 80' lang='lat' dir='ltr'><strong>init.</strong></span> <span class='ocrx_word' id='word_1_73' title='bbox 470 1126 563 1150; x_wconf 75' lang='grc' dir='ltr'><strong><em>Αλλιι</em></strong></span> <span class='ocrx_word' id='word_1_74' title='bbox 588 1134 647 1159; x_wconf 72' lang='grc' dir='ltr'><strong>μοι,</strong></span> <span class='ocrx_word' id='word_1_75' title='bbox 673 1127 811 1160; x_wconf 57' lang='lat' dir='ltr'><strong>&lt;pam-acre,</strong></span> <span class='ocrx_word' id='word_1_76' title='bbox 839 1122 946 1160; x_wconf 73' lang='grc' dir='ltr'><strong>σωζοισ,</strong></span> 
     </span>
     <span class='ocr_line' id='line_1_15' title="bbox 217 1175 950 1213; baseline 0.004 -13"><span class='ocrx_word' id='word_1_77' title='bbox 217 1184 268 1201; x_wconf 73' lang='grc' dir='ltr'><strong>και</strong></span> <span class='ocrx_word' id='word_1_78' title='bbox 284 1185 335 1203; x_wconf 65' lang='lat' dir='ltr'><strong>‘rm</strong></span> <span class='ocrx_word' id='word_1_79' title='bbox 351 1175 456 1205; x_wconf 57' lang='lat' dir='ltr'><strong>wana-oc</strong></span> <span class='ocrx_word' id='word_1_80' title='bbox 477 1186 588 1205; x_wconf 71' lang='grc' dir='ltr'><strong><em>ταυτην</em></strong></span> <span class='ocrx_word' id='word_1_81' title='bbox 601 1180 736 1213; x_wconf 74' lang='grc' dir='ltr'><strong>φυλαττε</strong></span> <span class='ocrx_word' id='word_1_82' title='bbox 751 1187 874 1212; x_wconf 70' lang='grc' dir='ltr'><em>μνημκν,</em></span> <span class='ocrx_word' id='word_1_83' title='bbox 891 1187 950 1213; x_wconf 49' lang='lat' dir='ltr'><strong>gam</strong></span> 
     </span>
     <span class='ocr_line' id='line_1_16' title="bbox 214 1221 949 1267; baseline 0.007 -15"><span class='ocrx_word' id='word_1_84' title='bbox 214 1221 244 1252; x_wconf 62' lang='lat' dir='ltr'><strong>Es</strong></span> <span class='ocrx_word' id='word_1_85' title='bbox 262 1237 312 1257; x_wconf 70' lang='grc' dir='ltr'><strong>την</strong></span> <span class='ocrx_word' id='word_1_86' title='bbox 328 1237 377 1257; x_wconf 74' lang='lat' dir='ltr'><strong>em</strong></span> <span class='ocrx_word' id='word_1_87' title='bbox 393 1233 560 1263; x_wconf 57' lang='lat' dir='ltr'><strong>aaz-amors,</strong></span> <span class='ocrx_word' id='word_1_88' title='bbox 583 1226 618 1260; x_wconf 69' lang='grc' dir='ltr'><strong>ὣς</strong></span> <span class='ocrx_word' id='word_1_89' title='bbox 643 1239 676 1256; x_wconf 81' lang='grc' dir='ltr'><strong>αν</strong></span> <span class='ocrx_word' id='word_1_90' title='bbox 698 1239 794 1267; x_wconf 76' lang='grc' dir='ltr'><em>εχοιμι</em></span> <span class='ocrx_word' id='word_1_91' title='bbox 810 1226 949 1266; x_wconf 67' lang='grc' dir='ltr'><em>ενδυομενη</em></span> 
     </span>
     <span class='ocr_line' id='line_1_17' title="bbox 219 1279 625 1308; baseline 0 -3"><span class='ocrx_word' id='word_1_92' title='bbox 219 1279 282 1306; x_wconf 76' lang='grc' dir='ltr'><strong>ΣΟ]</strong></span> <span class='ocrx_word' id='word_1_93' title='bbox 302 1282 625 1308; x_wconf 77' lang='grc' dir='ltr'><strong>ΠΕΡΙΚΕΧΎΣΘΑῙ.</strong></span> 
     </span>
    </p>

    <p class='ocr_par' dir='ltr' id='par_1_11' title="bbox 262 1326 795 1369">
     <span class='ocr_line' id='line_1_18' title="bbox 262 1326 795 1369; baseline 0.011 -14"><span class='ocrx_word' id='word_1_94' title='bbox 262 1326 345 1356; x_wconf 86' lang='lat' dir='ltr'><strong>Ibid.</strong></span> <span class='ocrx_word' id='word_1_95' title='bbox 373 1330 491 1359; x_wconf 74' lang='lat' dir='ltr'><strong>sztavcz&#39;s</strong></span> <span class='ocrx_word' id='word_1_96' title='bbox 514 1331 646 1369; x_wconf 79' lang='lat' dir='ltr'><strong>loquelas</strong></span> <span class='ocrx_word' id='word_1_97' title='bbox 676 1331 795 1361; x_wconf 83' lang='lat' dir='ltr'><strong>Funde.</strong></span> 
     </span>
    </p>
   </div>
   <div class='ocr_carea' id='block_1_11' title="bbox 219 1382 431 1413">
    <p class='ocr_par' dir='ltr' id='par_1_12' title="bbox 219 1382 431 1413">
     <span class='ocr_line' id='line_1_19' title="bbox 219 1382 431 1413; baseline 0.009 -2"><span class='ocrx_word' id='word_1_98' title='bbox 219 1382 294 1411; x_wconf 71' lang='grc' dir='ltr'><strong><em>ῘΕΠ.</em></strong></span> <span class='ocrx_word' id='word_1_99' title='bbox 310 1393 339 1411; x_wconf 82' lang='grc' dir='ltr'><strong>ν.</strong></span> <span class='ocrx_word' id='word_1_100' title='bbox 359 1387 431 1413; x_wconf 73' lang='lat'><strong>842.</strong></span> 
     </span>
    </p>
   </div>
   <div class='ocr_carea' id='block_1_12' title="bbox 841 1331 946 1369">
    <p class='ocr_par' dir='ltr' id='par_1_13' title="bbox 841 1331 946 1369">
     <span class='ocr_line' id='line_1_20' title="bbox 841 1331 946 1369; baseline -0.01 -8"><span class='ocrx_word' id='word_1_101' title='bbox 841 1331 946 1369; x_wconf 84' lang='lat' dir='ltr'><strong>Maro,</strong></span> 
     </span>
    </p>
   </div>
   <div class='ocr_carea' id='block_1_13' title="bbox 218 1434 948 1515">
    <p class='ocr_par' dir='ltr' id='par_1_14' title="bbox 218 1434 948 1515">
     <span class='ocr_line' id='line_1_21' title="bbox 528 1434 929 1468; baseline 0.007 -10"><span class='ocrx_word' id='word_1_102' title='bbox 528 1434 676 1465; x_wconf 83' lang='lat' dir='ltr'><strong>funditque</strong></span> <span class='ocrx_word' id='word_1_103' title='bbox 688 1435 734 1460; x_wconf 80' lang='lat' dir='ltr'><strong>has</strong></span> <span class='ocrx_word' id='word_1_104' title='bbox 746 1443 791 1461; x_wconf 89' lang='lat' dir='ltr'><strong>ore</strong></span> <span class='ocrx_word' id='word_1_105' title='bbox 802 1436 910 1468; x_wconf 80' lang='lat' dir='ltr'><strong>loquelas</strong></span> <span class='ocrx_word' id='word_1_106' title='bbox 920 1445 929 1461; x_wconf 80' lang='lat'><strong>.-</strong></span> 
     </span>
     <span class='ocr_line' id='line_1_22' title="bbox 218 1472 948 1515; baseline 0.008 -14"><span class='ocrx_word' id='word_1_107' title='bbox 218 1472 361 1502; x_wconf 81' lang='lat' dir='ltr'><strong>Pressius</strong></span> <span class='ocrx_word' id='word_1_108' title='bbox 375 1479 482 1503; x_wconf 83' lang='lat' dir='ltr'><strong>autem</strong></span> <span class='ocrx_word' id='word_1_109' title='bbox 506 1475 604 1505; x_wconf 82' lang='lat' dir='ltr'><strong>Focas</strong></span> <span class='ocrx_word' id='word_1_110' title='bbox 627 1478 851 1515; x_wconf 81' lang='lat' dir='ltr'><strong>grammaticus</strong></span> <span class='ocrx_word' id='word_1_111' title='bbox 876 1478 948 1507; x_wconf 86' lang='lat' dir='ltr'><strong>imi-</strong></span> 
     </span>
    </p>
   </div>
   <div class='ocr_carea' id='block_1_14' title="bbox 216 1525 947 1609">
    <p class='ocr_par' dir='ltr' id='par_1_15' title="bbox 216 1525 947 1609">
     <span class='ocr_line' id='line_1_23' title="bbox 216 1525 947 1569; baseline 0.01 -15"><span class='ocrx_word' id='word_1_112' title='bbox 216 1530 299 1555; x_wconf 85' lang='lat' dir='ltr'><strong>tatus</strong></span> <span class='ocrx_word' id='word_1_113' title='bbox 317 1531 374 1563; x_wconf 85' lang='lat' dir='ltr'><strong>est,</strong></span> <span class='ocrx_word' id='word_1_114' title='bbox 391 1525 522 1566; x_wconf 87' lang='lat' dir='ltr'><strong>loquens</strong></span> <span class='ocrx_word' id='word_1_115' title='bbox 538 1527 576 1557; x_wconf 90' lang='lat' dir='ltr'><strong>de</strong></span> <span class='ocrx_word' id='word_1_116' title='bbox 595 1528 744 1569; x_wconf 88' lang='lat' dir='ltr'><strong>Virgilio,</strong></span> <span class='ocrx_word' id='word_1_117' title='bbox 762 1530 796 1559; x_wconf 90' lang='lat' dir='ltr'><strong>in</strong></span> <span class='ocrx_word' id='word_1_118' title='bbox 813 1530 947 1563; x_wconf 88' lang='lat' dir='ltr'><strong>Anthol.</strong></span> 
     </span>
     <span class='ocr_line' id='line_1_24' title="bbox 217 1575 545 1609; baseline 0.012 -4"><span class='ocrx_word' id='word_1_119' title='bbox 217 1575 286 1606; x_wconf 84' lang='lat' dir='ltr'><strong>Lat.</strong></span> <span class='ocrx_word' id='word_1_120' title='bbox 305 1578 413 1606; x_wconf 89' lang='lat' dir='ltr'><strong>Burm.</strong></span> <span class='ocrx_word' id='word_1_121' title='bbox 425 1577 456 1607; x_wconf 91' lang='lat' dir='ltr'><strong>ii.</strong></span> <span class='ocrx_word' id='word_1_122' title='bbox 475 1581 545 1609; x_wconf 87' lang='grc'>186.</span> 
     </span>
    </p>
   </div>
   <div class='ocr_carea' id='block_1_15' title="bbox 246 1627 884 1704">
    <p class='ocr_par' dir='ltr' id='par_1_16' title="bbox 246 1627 884 1704">
     <span class='ocr_line' id='line_1_25' title="bbox 248 1627 884 1663; baseline 0.009 -13"><span class='ocrx_word' id='word_1_123' title='bbox 248 1627 315 1650; x_wconf 84' lang='lat' dir='ltr'><strong>Lata</strong></span> <span class='ocrx_word' id='word_1_124' title='bbox 327 1627 422 1651; x_wconf 81' lang='lat' dir='ltr'>cohors</span> <span class='ocrx_word' id='word_1_125' title='bbox 434 1627 525 1659; x_wconf 87' lang='lat' dir='ltr'><strong>apium</strong></span> <span class='ocrx_word' id='word_1_126' title='bbox 535 1629 624 1654; x_wconf 87' lang='lat' dir='ltr'><strong>subito</strong></span> <span class='ocrx_word' id='word_1_127' title='bbox 636 1638 683 1662; x_wconf 85' lang='lat' dir='ltr'><strong>per</strong></span> <span class='ocrx_word' id='word_1_128' title='bbox 693 1638 764 1661; x_wconf 83' lang='lat' dir='ltr'><strong>rura,</strong></span> <span class='ocrx_word' id='word_1_129' title='bbox 772 1632 884 1663; x_wconf 85' lang='lat' dir='ltr'><strong>jacentis</strong></span> 
     </span>
     <span class='ocr_line' id='line_1_26' title="bbox 246 1668 836 1704; baseline 0.01 -13"><span class='ocrx_word' id='word_1_130' title='bbox 246 1669 332 1692; x_wconf 84' lang='lat' dir='ltr'>Labra</span> <span class='ocrx_word' id='word_1_131' title='bbox 343 1668 409 1692; x_wconf 83' lang='lat' dir='ltr'><strong>favis</strong></span> <span class='ocrx_word' id='word_1_132' title='bbox 421 1670 503 1700; x_wconf 81' lang='lat' dir='ltr'><strong>texit,</strong></span> <span class='ocrx_word' id='word_1_133' title='bbox 515 1670 703 1703; x_wconf 78' lang='lat' dir='ltr'><strong>dnlcesfusura</strong></span> <span class='ocrx_word' id='word_1_134' title='bbox 717 1673 836 1704; x_wconf 73' lang='lat' dir='ltr'><strong>loquelas.</strong></span> 
     </span>
    </p>
   </div>
   <div class='ocr_carea' id='block_1_16' title="bbox 219 1708 946 1751">
    <p class='ocr_par' dir='ltr' id='par_1_17' title="bbox 219 1708 946 1751">
     <span class='ocr_line' id='line_1_27' title="bbox 219 1708 946 1751; baseline 0.01 -14"><span class='ocrx_word' id='word_1_135' title='bbox 219 1708 259 1738; x_wconf 83' lang='lat' dir='ltr'><strong>In</strong></span> <span class='ocrx_word' id='word_1_136' title='bbox 284 1709 393 1739; x_wconf 69' lang='lat' dir='ltr'><strong>eadem</strong></span> <span class='ocrx_word' id='word_1_137' title='bbox 422 1710 626 1751; x_wconf 70' lang='lat' dir='ltr'><strong>Anthologizi,</strong></span> <span class='ocrx_word' id='word_1_138' title='bbox 651 1723 678 1743; x_wconf 73' lang='lat' dir='ltr'><strong>V.</strong></span> <span class='ocrx_word' id='word_1_139' title='bbox 710 1717 780 1745; x_wconf 83' lang='lat'><strong>149.</strong></span> <span class='ocrx_word' id='word_1_140' title='bbox 806 1714 844 1744; x_wconf 86' lang='lat' dir='ltr'><strong>de</strong></span> <span class='ocrx_word' id='word_1_141' title='bbox 867 1714 946 1745; x_wconf 83' lang='lat' dir='ltr'><strong>Phi-</strong></span> 
     </span>
    </p>
   </div>
   <div class='ocr_carea' id='block_1_17' title="bbox 215 1764 947 2554">
    <p class='ocr_par' dir='ltr' id='par_1_18' title="bbox 218 1764 343 1795">
     <span class='ocr_line' id='line_1_28' title="bbox 218 1764 343 1795; baseline 0.008 -1"><span class='ocrx_word' id='word_1_142' title='bbox 218 1764 343 1795; x_wconf 69' lang='lat' dir='ltr'><strong>lomela:</strong></span> 
     </span>
    </p>

    <p class='ocr_par' dir='ltr' id='par_1_19' title="bbox 215 1815 947 2002">
     <span class='ocr_line' id='line_1_29' title="bbox 246 1815 825 1850; baseline 0.005 -11"><span class='ocrx_word' id='word_1_143' title='bbox 246 1817 279 1839; x_wconf 87' lang='lat' dir='ltr'><strong>Et</strong></span> <span class='ocrx_word' id='word_1_144' title='bbox 291 1815 365 1839; x_wconf 84' lang='lat' dir='ltr'><strong>suavi</strong></span> <span class='ocrx_word' id='word_1_145' title='bbox 376 1816 506 1846; x_wconf 83' lang='lat' dir='ltr'><strong>liquidum</strong></span> <span class='ocrx_word' id='word_1_146' title='bbox 518 1821 629 1849; x_wconf 78' lang='lat' dir='ltr'><strong>gutture</strong></span> <span class='ocrx_word' id='word_1_147' title='bbox 637 1818 721 1850; x_wconf 74' lang='lat' dir='ltr'><strong>pande</strong></span> <span class='ocrx_word' id='word_1_148' title='bbox 731 1819 825 1844; x_wconf 86' lang='lat' dir='ltr'><strong>melos.</strong></span> 
     </span>
     <span class='ocr_line' id='line_1_30' title="bbox 218 1858 946 1901; baseline 0.007 -13"><span class='ocrx_word' id='word_1_149' title='bbox 218 1858 397 1890; x_wconf 80' lang='lat' dir='ltr'><strong>certissime</strong></span> <span class='ocrx_word' id='word_1_150' title='bbox 421 1861 566 1898; x_wconf 81' lang='lat' dir='ltr'>rescribo,</span> <span class='ocrx_word' id='word_1_151' title='bbox 585 1861 707 1900; x_wconf 76' lang='lat' dir='ltr'><strong>funde:</strong></span> <span class='ocrx_word' id='word_1_152' title='bbox 733 1871 803 1901; x_wconf 85' lang='lat' dir='ltr'><strong>quae</strong></span> <span class='ocrx_word' id='word_1_153' title='bbox 834 1872 946 1893; x_wconf 78' lang='lat' dir='ltr'><strong>venus-</strong></span> 
     </span>
     <span class='ocr_line' id='line_1_31' title="bbox 217 1912 947 1952; baseline 0.008 -13"><span class='ocrx_word' id='word_1_154' title='bbox 217 1915 264 1939; x_wconf 80' lang='lat' dir='ltr'><strong>tas</strong></span> <span class='ocrx_word' id='word_1_155' title='bbox 279 1921 316 1940; x_wconf 78' lang='lat' dir='ltr'><strong>ex</strong></span> <span class='ocrx_word' id='word_1_156' title='bbox 345 1912 529 1942; x_wconf 83' lang='lat' dir='ltr'><strong>Graecarum</strong></span> <span class='ocrx_word' id='word_1_157' title='bbox 554 1912 781 1952; x_wconf 80' lang='lat' dir='ltr'><strong>elegantiarum</strong></span> <span class='ocrx_word' id='word_1_158' title='bbox 809 1913 947 1945; x_wconf 83' lang='lat' dir='ltr'><strong>fontibus</strong></span> 
     </span>
     <span class='ocr_line' id='line_1_32' title="bbox 215 1962 924 2002; baseline 0.006 -11"><span class='ocrx_word' id='word_1_159' title='bbox 215 1962 380 1992; x_wconf 80' lang='lat' dir='ltr'><strong>emanavit.</strong></span> <span class='ocrx_word' id='word_1_160' title='bbox 407 1963 455 1992; x_wconf 89' lang='lat' dir='ltr'><strong>Sic</strong></span> <span class='ocrx_word' id='word_1_161' title='bbox 473 1962 644 2000; x_wconf 36' lang='lat' dir='ltr'><strong>Hesiodum</strong></span> <span class='ocrx_word' id='word_1_162' title='bbox 661 1973 731 2002; x_wconf 87' lang='lat' dir='ltr'><strong>opp.</strong></span> <span class='ocrx_word' id='word_1_163' title='bbox 745 1969 775 1993; x_wconf 91' lang='lat' dir='ltr'><strong>et</strong></span> <span class='ocrx_word' id='word_1_164' title='bbox 790 1964 841 1994; x_wconf 93' lang='lat' dir='ltr'><strong>dd.</strong></span> <span class='ocrx_word' id='word_1_165' title='bbox 852 1968 924 1996; x_wconf 84' lang='lat'><strong>581.</strong></span> 
     </span>
    </p>

    <p class='ocr_par' dir='ltr' id='par_1_20' title="bbox 725 2022 908 2051">
     <span class='ocr_line' id='line_1_33' title="bbox 725 2022 908 2051; baseline 0.005 -8"><span class='ocrx_word' id='word_1_166' title='bbox 725 2027 808 2051; x_wconf 69' lang='grc' dir='ltr'><em>ῆχετικ</em></span> <span class='ocrx_word' id='word_1_167' title='bbox 819 2022 908 2051; x_wconf 67' lang='grc' dir='ltr'><strong>τέττιξ,</strong></span> 
     </span>
    </p>

    <p class='ocr_par' dir='ltr' id='par_1_21' title="bbox 215 2065 944 2191">
     <span class='ocr_line' id='line_1_34' title="bbox 257 2065 897 2100; baseline 0.003 -10"><span class='ocrx_word' id='word_1_168' title='bbox 257 2065 361 2100; x_wconf 72' lang='grc' dir='ltr'>Δενδξεῳ</span> <span class='ocrx_word' id='word_1_169' title='bbox 374 2065 516 2098; x_wconf 57' lang='grc' dir='ltr'><strong>ἑφεξομενος,</strong></span> <span class='ocrx_word' id='word_1_170' title='bbox 529 2069 626 2100; x_wconf 51' lang='lat' dir='ltr'><strong>&gt;mugra</strong></span> <span class='ocrx_word' id='word_1_171' title='bbox 638 2065 791 2099; x_wconf 59' lang='lat' dir='ltr'><strong>zwroexwfir’</strong></span> <span class='ocrx_word' id='word_1_172' title='bbox 805 2067 897 2095; x_wconf 69' lang='grc' dir='ltr'><em>αωδκν·</em></span> 
     </span>
     <span class='ocr_line' id='line_1_35' title="bbox 216 2107 944 2147; baseline 0.005 -11"><span class='ocrx_word' id='word_1_173' title='bbox 216 2112 247 2137; x_wconf 83' lang='lat' dir='ltr'><strong>et</strong></span> <span class='ocrx_word' id='word_1_174' title='bbox 273 2118 380 2137; x_wconf 79' lang='lat' dir='ltr'><strong>rursus</strong></span> <span class='ocrx_word' id='word_1_175' title='bbox 405 2107 444 2137; x_wconf 89' lang='lat' dir='ltr'><strong>de</strong></span> <span class='ocrx_word' id='word_1_176' title='bbox 469 2107 578 2137; x_wconf 72' lang='lat' dir='ltr'><strong>eadem</strong></span> <span class='ocrx_word' id='word_1_177' title='bbox 602 2107 718 2147; x_wconf 65' lang='lat' dir='ltr'><strong>cicada,</strong></span> <span class='ocrx_word' id='word_1_178' title='bbox 743 2115 822 2140; x_wconf 87' lang='lat' dir='ltr'><strong>scut.</strong></span> <span class='ocrx_word' id='word_1_179' title='bbox 849 2110 944 2141; x_wconf 85' lang='lat' dir='ltr'><strong>Herc.</strong></span> 
     </span>
     <span class='ocr_line' id='line_1_36' title="bbox 215 2161 287 2191; baseline 0.042 -3"><span class='ocrx_word' id='word_1_180' title='bbox 215 2161 287 2191; x_wconf 82' lang='lat'><strong>597.</strong></span> 
     </span>
    </p>

    <p class='ocr_par' dir='ltr' id='par_1_22' title="bbox 218 2215 944 2350">
     <span class='ocr_line' id='line_1_37' title="bbox 257 2215 905 2250; baseline 0.003 -11"><span class='ocrx_word' id='word_1_181' title='bbox 257 2217 307 2239; x_wconf 77' lang='grc' dir='ltr'><strong>Κοιι</strong></span> <span class='ocrx_word' id='word_1_182' title='bbox 317 2224 342 2240; x_wconf 76' lang='grc' dir='ltr'><strong>τε</strong></span> <span class='ocrx_word' id='word_1_183' title='bbox 353 2224 497 2250; x_wconf 64' lang='grc' dir='ltr'><strong>σοινημεςιος</strong></span> <span class='ocrx_word' id='word_1_184' title='bbox 509 2224 535 2240; x_wconf 76' lang='grc' dir='ltr'><strong>τε</strong></span> <span class='ocrx_word' id='word_1_185' title='bbox 546 2225 592 2240; x_wconf 70' lang='grc' dir='ltr'><strong>και</strong></span> <span class='ocrx_word' id='word_1_186' title='bbox 603 2225 661 2248; x_wconf 50' lang='lat' dir='ltr'><strong>&#39;aq-205</strong></span> <span class='ocrx_word' id='word_1_187' title='bbox 674 2217 757 2240; x_wconf 81' lang='lat' dir='ltr'>XEEI</span> <span class='ocrx_word' id='word_1_188' title='bbox 774 2215 905 2242; x_wconf 79' lang='grc' dir='ltr'><strong>ΑΥΔΗΝ.</strong></span> 
     </span>
     <span class='ocr_line' id='line_1_38' title="bbox 219 2259 944 2300; baseline 0.003 -11"><span class='ocrx_word' id='word_1_189' title='bbox 219 2259 308 2289; x_wconf 78' lang='grc' dir='ltr'><strong>Ηὶηε</strong></span> <span class='ocrx_word' id='word_1_190' title='bbox 334 2260 490 2290; x_wconf 86' lang='lat' dir='ltr'><strong>emacules</strong></span> <span class='ocrx_word' id='word_1_191' title='bbox 516 2261 673 2300; x_wconf 86' lang='lat' dir='ltr'><strong>hymnum</strong></span> <span class='ocrx_word' id='word_1_192' title='bbox 699 2261 731 2290; x_wconf 88' lang='lat' dir='ltr'><strong>in</strong></span> <span class='ocrx_word' id='word_1_193' title='bbox 749 2261 944 2300; x_wconf 87' lang='lat' dir='ltr'><strong>Apollinem,</strong></span> 
     </span>
     <span class='ocr_line' id='line_1_39' title="bbox 218 2311 717 2350; baseline 0.004 -9"><span class='ocrx_word' id='word_1_194' title='bbox 218 2311 355 2342; x_wconf 88' lang='lat' dir='ltr'><strong>Homeri</strong></span> <span class='ocrx_word' id='word_1_195' title='bbox 370 2311 503 2350; x_wconf 85' lang='lat' dir='ltr'><strong>dictum,</strong></span> <span class='ocrx_word' id='word_1_196' title='bbox 519 2312 559 2342; x_wconf 85' lang='lat' dir='ltr'><strong>ad</strong></span> <span class='ocrx_word' id='word_1_197' title='bbox 569 2323 629 2342; x_wconf 85' lang='lat' dir='ltr'><strong>ver.</strong></span> <span class='ocrx_word' id='word_1_198' title='bbox 648 2315 717 2344; x_wconf 85' lang='lat'><strong>185.</strong></span> 
     </span>
    </p>

    <p class='ocr_par' dir='ltr' id='par_1_23' title="bbox 697 2368 900 2403">
     <span class='ocr_line' id='line_1_40' title="bbox 697 2368 900 2403; baseline 0.005 -11"><span class='ocrx_word' id='word_1_199' title='bbox 697 2378 745 2393; x_wconf 64' lang='lat' dir='ltr'><strong>‘roto</strong></span> <span class='ocrx_word' id='word_1_200' title='bbox 758 2368 782 2393; x_wconf 77' lang='grc' dir='ltr'><strong>δε</strong></span> <span class='ocrx_word' id='word_1_201' title='bbox 793 2370 900 2403; x_wconf 51' lang='lat' dir='ltr'><strong>cognatas?</strong></span> 
     </span>
    </p>

    <p class='ocr_par' dir='ltr' id='par_1_24' title="bbox 217 2415 947 2554">
     <span class='ocr_line' id='line_1_41' title="bbox 256 2415 909 2451; baseline 0.003 -11"><span class='ocrx_word' id='word_1_202' title='bbox 256 2417 355 2450; x_wconf 68' lang='grc' dir='ltr'><em>Χςυσεε</em></span> <span class='ocrx_word' id='word_1_203' title='bbox 362 2415 406 2441; x_wconf 72' lang='grc' dir='ltr'><strong>ὑπο</strong></span> <span class='ocrx_word' id='word_1_204' title='bbox 414 2421 530 2451; x_wconf 49' lang='lat' dir='ltr'><strong>tramea-gs</strong></span> <span class='ocrx_word' id='word_1_205' title='bbox 539 2426 658 2449; x_wconf 62' lang='grc' dir='ltr'><em>καναχὴν</em></span> <span class='ocrx_word' id='word_1_206' title='bbox 666 2418 748 2441; x_wconf 83' lang='lat' dir='ltr'>XEEI</span> <span class='ocrx_word' id='word_1_207' title='bbox 758 2416 909 2451; x_wconf 63' lang='grc' dir='ltr'><em>ἱμεξοεσσ-αιν·</em></span> 
     </span>
     <span class='ocr_line' id='line_1_42' title="bbox 217 2459 947 2500; baseline 0.004 -12"><span class='ocrx_word' id='word_1_208' title='bbox 217 2459 323 2500; x_wconf 84' lang='lat' dir='ltr'><strong>vulgo,</strong></span> <span class='ocrx_word' id='word_1_209' title='bbox 355 2471 427 2500; x_wconf 74' lang='grc' dir='ltr'><em>εχει·</em></span> <span class='ocrx_word' id='word_1_210' title='bbox 456 2461 563 2491; x_wconf 80' lang='lat' dir='ltr'><strong>confer</strong></span> <span class='ocrx_word' id='word_1_211' title='bbox 585 2460 723 2500; x_wconf 87' lang='lat' dir='ltr'><strong>Lycoph.</strong></span> <span class='ocrx_word' id='word_1_212' title='bbox 747 2464 775 2492; x_wconf 87' lang='lat'><strong>5.</strong></span> <span class='ocrx_word' id='word_1_213' title='bbox 805 2468 947 2492; x_wconf 85' lang='lat' dir='ltr'><strong>nostrum</strong></span> 
     </span>
     <span class='ocr_line' id='line_1_43' title="bbox 217 2510 947 2554; baseline 0.007 -14"><span class='ocrx_word' id='word_1_214' title='bbox 217 2510 256 2541; x_wconf 79' lang='lat' dir='ltr'><strong>iv.</strong></span> <span class='ocrx_word' id='word_1_215' title='bbox 280 2515 355 2550; x_wconf 88' lang='lat'><strong>579,</strong></span> <span class='ocrx_word' id='word_1_216' title='bbox 383 2516 455 2544; x_wconf 79' lang='lat'><strong>585.</strong></span> <span class='ocrx_word' id='word_1_217' title='bbox 502 2513 543 2543; x_wconf 88' lang='lat' dir='ltr'><strong>In</strong></span> <span class='ocrx_word' id='word_1_218' title='bbox 566 2514 623 2543; x_wconf 85' lang='lat' dir='ltr'><strong>hac</strong></span> <span class='ocrx_word' id='word_1_219' title='bbox 648 2513 749 2554; x_wconf 62' lang='lat' dir='ltr'><strong>figura⁴</strong></span> <span class='ocrx_word' id='word_1_220' title='bbox 765 2521 869 2544; x_wconf 82' lang='lat' dir='ltr'><strong>noster</strong></span> <span class='ocrx_word' id='word_1_221' title='bbox 885 2516 947 2545; x_wconf 85' lang='lat' dir='ltr'><strong>Po-</strong></span> 
     </span>
    </p>
   </div>
   <div class='ocr_carea' id='block_1_18' title="bbox 218 2563 946 2698">
    <p class='ocr_par' dir='ltr' id='par_1_25' title="bbox 218 2563 946 2698">
     <span class='ocr_line' id='line_1_44' title="bbox 218 2563 735 2607; baseline 0.01 -15"><span class='ocrx_word' id='word_1_222' title='bbox 218 2563 289 2601; x_wconf 87' lang='lat' dir='ltr'><strong>pius</strong></span> <span class='ocrx_word' id='word_1_223' title='bbox 305 2575 400 2604; x_wconf 85' lang='lat' dir='ltr'><strong>quam</strong></span> <span class='ocrx_word' id='word_1_224' title='bbox 414 2565 545 2595; x_wconf 83' lang='lat' dir='ltr'><strong>feliciter</strong></span> <span class='ocrx_word' id='word_1_225' title='bbox 560 2573 735 2607; x_wconf 66' lang='grc' dir='ltr'><em>αποτολμᾳ·</em></span> 
     </span>
     <span class='ocr_line' id='line_1_45' title="bbox 249 2613 828 2650; baseline 0.01 -13"><span class='ocrx_word' id='word_1_226' title='bbox 249 2615 272 2637; x_wconf 86' lang='lat' dir='ltr'>Is</span> <span class='ocrx_word' id='word_1_227' title='bbox 283 2613 304 2638; x_wconf 88' lang='lat' dir='ltr'><strong>it</strong></span> <span class='ocrx_word' id='word_1_228' title='bbox 316 2614 357 2638; x_wconf 85' lang='lat' dir='ltr'><strong>for</strong></span> <span class='ocrx_word' id='word_1_229' title='bbox 368 2616 430 2641; x_wconf 88' lang='lat' dir='ltr'><strong>thee</strong></span> <span class='ocrx_word' id='word_1_230' title='bbox 441 2617 489 2642; x_wconf 88' lang='lat' dir='ltr'><strong>the</strong></span> <span class='ocrx_word' id='word_1_231' title='bbox 500 2617 585 2642; x_wconf 89' lang='lat' dir='ltr'><strong>linnet</strong></span> <span class='ocrx_word' id='word_1_232' title='bbox 593 2621 670 2650; x_wconf 81' lang='lat' dir='ltr'><strong>pours</strong></span> <span class='ocrx_word' id='word_1_233' title='bbox 680 2618 717 2642; x_wconf 78' lang='lat' dir='ltr'><strong>his</strong></span> <span class='ocrx_word' id='word_1_234' title='bbox 728 2618 828 2643; x_wconf 77' lang='lat' dir='ltr'><strong>throat?</strong></span> 
     </span>
     <span class='ocr_line' id='line_1_46' title="bbox 218 2654 946 2698; baseline 0.008 -14"><span class='ocrx_word' id='word_1_235' title='bbox 218 2654 308 2684; x_wconf 93' lang='lat' dir='ltr'><strong>Hinc</strong></span> <span class='ocrx_word' id='word_1_236' title='bbox 322 2656 564 2696; x_wconf 85' lang='lat' dir='ltr'><strong>elegantissime,</strong></span> <span class='ocrx_word' id='word_1_237' title='bbox 592 2665 628 2688; x_wconf 89' lang='lat' dir='ltr'><strong>ut</strong></span> <span class='ocrx_word' id='word_1_238' title='bbox 653 2659 742 2698; x_wconf 85' lang='lat' dir='ltr'><strong>solet,</strong></span> <span class='ocrx_word' id='word_1_239' title='bbox 772 2660 946 2696; x_wconf 88' lang='lat' dir='ltr'><strong>Arnobius‚</strong></span> 
     </span>
    </p>
   </div>
   <div class='ocr_carea' id='block_1_19' title="bbox 215 2705 946 3010">
    <p class='ocr_par' dir='ltr' id='par_1_26' title="bbox 215 2705 946 3010">
     <span class='ocr_line' id='line_1_47' title="bbox 216 2705 945 2751; baseline 0.01 -16"><span class='ocrx_word' id='word_1_240' title='bbox 216 2705 270 2736; x_wconf 88' lang='lat' dir='ltr'><strong>lib.</strong></span> <span class='ocrx_word' id='word_1_241' title='bbox 296 2717 322 2737; x_wconf 90' lang='lat' dir='ltr'><strong>v.</strong></span> <span class='ocrx_word' id='word_1_242' title='bbox 347 2718 378 2746; x_wconf 93' lang='lat' dir='ltr'><strong>p.</strong></span> <span class='ocrx_word' id='word_1_243' title='bbox 400 2712 468 2740; x_wconf 86' lang='lat'><strong>185.</strong></span> <span class='ocrx_word' id='word_1_244' title='bbox 515 2715 536 2729; x_wconf 77' lang='lat'><strong>‘¹</strong></span> <span class='ocrx_word' id='word_1_245' title='bbox 553 2711 670 2741; x_wconf 89' lang='lat' dir='ltr'><strong>Nonne</strong></span> <span class='ocrx_word' id='word_1_246' title='bbox 695 2711 809 2741; x_wconf 89' lang='lat' dir='ltr'><strong>millies</strong></span> <span class='ocrx_word' id='word_1_247' title='bbox 833 2712 945 2751; x_wconf 86' lang='lat' dir='ltr'><strong>optati-</strong></span> 
     </span>
     <span class='ocr_line' id='line_1_48' title="bbox 218 2758 940 2804; baseline 0.011 -17"><span class='ocrx_word' id='word_1_248' title='bbox 218 2760 240 2776; x_wconf 89' lang='lat'><strong>“</strong></span> <span class='ocrx_word' id='word_1_249' title='bbox 255 2769 295 2788; x_wconf 89' lang='lat' dir='ltr'><strong>us</strong></span> <span class='ocrx_word' id='word_1_250' title='bbox 317 2758 379 2789; x_wconf 85' lang='lat' dir='ltr'><strong>fuit</strong></span> <span class='ocrx_word' id='word_1_251' title='bbox 406 2760 567 2801; x_wconf 82' lang='lat' dir='ltr'><strong>elinguem</strong></span> <span class='ocrx_word' id='word_1_252' title='bbox 590 2763 657 2793; x_wconf 87' lang='lat' dir='ltr'><strong>fieri</strong></span> <span class='ocrx_word' id='word_1_253' title='bbox 680 2769 773 2804; x_wconf 86' lang='lat' dir='ltr'><strong>atque</strong></span> <span class='ocrx_word' id='word_1_254' title='bbox 802 2770 940 2802; x_wconf 86' lang='lat' dir='ltr'><strong>mutum,</strong></span> 
     </span>
     <span class='ocr_line' id='line_1_49' title="bbox 218 2813 946 2853; baseline 0.011 -13"><span class='ocrx_word' id='word_1_255' title='bbox 218 2813 239 2828; x_wconf 90' lang='lat'>“</span> <span class='ocrx_word' id='word_1_256' title='bbox 254 2816 348 2851; x_wconf 86' lang='lat' dir='ltr'><strong>atque</strong></span> <span class='ocrx_word' id='word_1_257' title='bbox 372 2816 592 2853; x_wconf 74' lang='lat' dir='ltr'><strong>scaturiginem</strong></span> <span class='ocrx_word' id='word_1_258' title='bbox 623 2816 715 2846; x_wconf 84' lang='lat' dir='ltr'><strong>istam</strong></span> <span class='ocrx_word' id='word_1_259' title='bbox 745 2819 824 2848; x_wconf 81' lang='lat' dir='ltr'><strong>vocis</strong></span> <span class='ocrx_word' id='word_1_260' title='bbox 854 2817 946 2847; x_wconf 89' lang='lat' dir='ltr'><strong>amit-</strong></span> 
     </span>
     <span class='ocr_line' id='line_1_50' title="bbox 217 2864 946 2909; baseline 0.014 -18"><span class='ocrx_word' id='word_1_261' title='bbox 217 2864 240 2879; x_wconf 90' lang='lat'>“</span> <span class='ocrx_word' id='word_1_262' title='bbox 257 2867 333 2901; x_wconf 82' lang='lat' dir='ltr'><strong>tere,</strong></span> <span class='ocrx_word' id='word_1_263' title='bbox 350 2874 446 2904; x_wconf 88' lang='lat' dir='ltr'><strong>quam</strong></span> <span class='ocrx_word' id='word_1_264' title='bbox 470 2865 614 2896; x_wconf 88' lang='lat' dir='ltr'><strong>Deorum</strong></span> <span class='ocrx_word' id='word_1_265' title='bbox 630 2869 814 2900; x_wconf 89' lang='lat' dir='ltr'><strong>nominibus</strong></span> <span class='ocrx_word' id='word_1_266' title='bbox 829 2880 878 2900; x_wconf 89' lang='lat' dir='ltr'><strong>res</strong></span> <span class='ocrx_word' id='word_1_267' title='bbox 892 2880 946 2909; x_wconf 85' lang='lat' dir='ltr'><strong>ap-</strong></span> 
     </span>
     <span class='ocr_line' id='line_1_51' title="bbox 217 2914 946 2956; baseline 0.015 -13"><span class='ocrx_word' id='word_1_268' title='bbox 217 2917 240 2933; x_wconf 85' lang='lat'>“</span> <span class='ocrx_word' id='word_1_269' title='bbox 256 2914 371 2954; x_wconf 85' lang='lat' dir='ltr'><strong>pellare</strong></span> <span class='ocrx_word' id='word_1_270' title='bbox 386 2916 622 2956; x_wconf 83' lang='lat' dir='ltr'><strong>turpissimas?’&#39;</strong></span> <span class='ocrx_word' id='word_1_271' title='bbox 651 2920 720 2950; x_wconf 81' lang='lat' dir='ltr'><strong>Nec</strong></span> <span class='ocrx_word' id='word_1_272' title='bbox 734 2921 842 2953; x_wconf 89' lang='lat' dir='ltr'><strong>minus</strong></span> <span class='ocrx_word' id='word_1_273' title='bbox 864 2922 946 2953; x_wconf 89' lang='lat' dir='ltr'><strong>Pru-</strong></span> 
     </span>
     <span class='ocr_line' id='line_1_52' title="bbox 215 2966 668 3010; baseline 0.015 -14"><span class='ocrx_word' id='word_1_274' title='bbox 215 2966 355 3008; x_wconf 70' lang='lat' dir='ltr'><strong>dentius,</strong></span> <span class='ocrx_word' id='word_1_275' title='bbox 371 2969 537 3010; x_wconf 86' lang='lat' dir='ltr'><strong>peristeph.</strong></span> <span class='ocrx_word' id='word_1_276' title='bbox 551 2981 582 3002; x_wconf 80' lang='lat' dir='ltr'><strong>x.</strong></span> <span class='ocrx_word' id='word_1_277' title='bbox 597 2974 668 3003; x_wconf 77' lang='lat'><strong>552.</strong></span> 
     </span>
    </p>
   </div>
   <div class='ocr_carea' id='block_1_20' title="bbox 1084 973 1565 1077">
    <p class='ocr_par' dir='ltr' id='par_1_27' title="bbox 1084 973 1565 1077">
     <span class='ocr_line' id='line_1_53' title="bbox 1084 973 1565 1005; baseline 0.002 -8"><span class='ocrx_word' id='word_1_278' title='bbox 1084 974 1255 998; x_wconf 87' lang='lat' dir='ltr'><strong>Verbositatis</strong></span> <span class='ocrx_word' id='word_1_279' title='bbox 1266 974 1321 1005; x_wconf 82' lang='lat' dir='ltr'><strong>ipse</strong></span> <span class='ocrx_word' id='word_1_280' title='bbox 1331 977 1473 1005; x_wconf 84' lang='lat' dir='ltr'><strong>rumpatur</strong></span> <span class='ocrx_word' id='word_1_281' title='bbox 1481 973 1565 1004; x_wconf 85' lang='lat' dir='ltr'><strong>locus,</strong></span> 
     </span>
     <span class='ocr_line' id='line_1_54' title="bbox 1085 1013 1548 1046; baseline 0.002 -9"><span class='ocrx_word' id='word_1_282' title='bbox 1085 1013 1251 1038; x_wconf 77' lang='lat' dir='ltr'><strong>Scalurientes</strong></span> <span class='ocrx_word' id='word_1_283' title='bbox 1263 1017 1293 1038; x_wconf 87' lang='lat' dir='ltr'><strong>ut</strong></span> <span class='ocrx_word' id='word_1_284' title='bbox 1306 1015 1400 1045; x_wconf 85' lang='lat' dir='ltr'><strong>perdat</strong></span> <span class='ocrx_word' id='word_1_285' title='bbox 1410 1014 1548 1046; x_wconf 79' lang='lat' dir='ltr'><strong>loquacitas</strong></span> 
     </span>
     <span class='ocr_line' id='line_1_55' title="bbox 1086 1055 1295 1077; baseline 0.005 -1"><span class='ocrx_word' id='word_1_286' title='bbox 1086 1055 1218 1077; x_wconf 88' lang='lat' dir='ltr'><strong>Sermonis</strong></span> <span class='ocrx_word' id='word_1_287' title='bbox 1229 1061 1295 1077; x_wconf 88' lang='lat' dir='ltr'><strong>oras.</strong></span> 
     </span>
    </p>
   </div>
   <div class='ocr_carea' id='block_1_21' title="bbox 991 1101 1721 1810">
    <p class='ocr_par' dir='ltr' id='par_1_28' title="bbox 991 1101 1721 1810">
     <span class='ocr_line' id='line_1_56' title="bbox 992 1101 1720 1142; baseline 0.001 -11"><span class='ocrx_word' id='word_1_288' title='bbox 992 1101 1043 1131; x_wconf 80' lang='lat' dir='ltr'><strong>Ita</strong></span> <span class='ocrx_word' id='word_1_289' title='bbox 1058 1102 1307 1139; x_wconf 86' lang='lat' dir='ltr'><strong>emendandum;</strong></span> <span class='ocrx_word' id='word_1_290' title='bbox 1324 1108 1359 1132; x_wconf 85' lang='lat' dir='ltr'><strong>ut</strong></span> <span class='ocrx_word' id='word_1_291' title='bbox 1378 1115 1439 1133; x_wconf 76' lang='lat' dir='ltr'><strong>orce</strong></span> <span class='ocrx_word' id='word_1_292' title='bbox 1454 1102 1606 1133; x_wconf 86' lang='lat' dir='ltr'><strong>vulneris:</strong></span> <span class='ocrx_word' id='word_1_293' title='bbox 1631 1112 1720 1142; x_wconf 84' lang='lat' dir='ltr'><strong>aper-</strong></span> 
     </span>
     <span class='ocr_line' id='line_1_57' title="bbox 992 1157 1718 1196; baseline 0.001 -9"><span class='ocrx_word' id='word_1_294' title='bbox 992 1165 1071 1188; x_wconf 83' lang='lat' dir='ltr'><strong>turae</strong></span> <span class='ocrx_word' id='word_1_295' title='bbox 1102 1158 1228 1196; x_wconf 88' lang='lat' dir='ltr'><strong>scilicet,</strong></span> <span class='ocrx_word' id='word_1_296' title='bbox 1272 1158 1355 1188; x_wconf 88' lang='lat' dir='ltr'><strong>unde</strong></span> <span class='ocrx_word' id='word_1_297' title='bbox 1394 1157 1562 1188; x_wconf 83' lang='lat' dir='ltr'><strong>ebulliebat</strong></span> <span class='ocrx_word' id='word_1_298' title='bbox 1605 1167 1718 1188; x_wconf 85' lang='lat' dir='ltr'><strong>sermO.</strong></span> 
     </span>
     <span class='ocr_line' id='line_1_58' title="bbox 993 1209 1720 1250; baseline -0.003 -10"><span class='ocrx_word' id='word_1_299' title='bbox 993 1210 1115 1250; x_wconf 83' lang='lat' dir='ltr'><strong>Vulgo,</strong></span> <span class='ocrx_word' id='word_1_300' title='bbox 1146 1221 1259 1240; x_wconf 79' lang='lat' dir='ltr'><strong>auras:</strong></span> <span class='ocrx_word' id='word_1_301' title='bbox 1300 1210 1354 1240; x_wconf 79' lang='lat' dir='ltr'><strong>sed</strong></span> <span class='ocrx_word' id='word_1_302' title='bbox 1383 1210 1499 1249; x_wconf 82' lang='lat' dir='ltr'><strong>passim</strong></span> <span class='ocrx_word' id='word_1_303' title='bbox 1528 1211 1655 1239; x_wconf 88' lang='lat' dir='ltr'><strong>turbant</strong></span> <span class='ocrx_word' id='word_1_304' title='bbox 1685 1209 1720 1238; x_wconf 90' lang='lat' dir='ltr'><strong>in</strong></span> 
     </span>
     <span class='ocr_line' id='line_1_59' title="bbox 993 1260 1719 1301; baseline 0.001 -12"><span class='ocrx_word' id='word_1_305' title='bbox 993 1260 1042 1290; x_wconf 91' lang='lat' dir='ltr'><strong>his</strong></span> <span class='ocrx_word' id='word_1_306' title='bbox 1057 1261 1246 1291; x_wconf 88' lang='lat' dir='ltr'><strong>dictionibus</strong></span> <span class='ocrx_word' id='word_1_307' title='bbox 1262 1261 1396 1291; x_wconf 87' lang='lat' dir='ltr'><strong>librarii:</strong></span> <span class='ocrx_word' id='word_1_308' title='bbox 1423 1268 1459 1291; x_wconf 88' lang='lat' dir='ltr'><strong>ut</strong></span> <span class='ocrx_word' id='word_1_309' title='bbox 1474 1272 1537 1291; x_wconf 88' lang='lat' dir='ltr'><strong>non</strong></span> <span class='ocrx_word' id='word_1_310' title='bbox 1553 1262 1647 1301; x_wconf 89' lang='lat' dir='ltr'><strong>probe</strong></span> <span class='ocrx_word' id='word_1_311' title='bbox 1662 1270 1719 1290; x_wconf 87' lang='lat' dir='ltr'><strong>no-</strong></span> 
     </span>
     <span class='ocr_line' id='line_1_60' title="bbox 994 1313 1721 1355; baseline -0.001 -11"><span class='ocrx_word' id='word_1_312' title='bbox 994 1320 1062 1344; x_wconf 87' lang='lat' dir='ltr'><strong>tum</strong></span> <span class='ocrx_word' id='word_1_313' title='bbox 1078 1320 1124 1344; x_wconf 85' lang='lat' dir='ltr'><strong>est</strong></span> <span class='ocrx_word' id='word_1_314' title='bbox 1138 1314 1270 1353; x_wconf 79' lang='lat' dir='ltr'><strong>nemini,</strong></span> <span class='ocrx_word' id='word_1_315' title='bbox 1296 1315 1350 1355; x_wconf 85' lang='lat' dir='ltr'><strong>qui</strong></span> <span class='ocrx_word' id='word_1_316' title='bbox 1365 1316 1421 1344; x_wconf 88' lang='lat' dir='ltr'><strong>has</strong></span> <span class='ocrx_word' id='word_1_317' title='bbox 1436 1314 1540 1344; x_wconf 86' lang='lat' dir='ltr'><strong>literas</strong></span> <span class='ocrx_word' id='word_1_318' title='bbox 1563 1314 1611 1344; x_wconf 90' lang='lat' dir='ltr'><strong>vel</strong></span> <span class='ocrx_word' id='word_1_319' title='bbox 1626 1313 1721 1344; x_wconf 83' lang='lat' dir='ltr'><strong>labris</strong></span> 
     </span>
     <span class='ocr_line' id='line_1_61' title="bbox 991 1366 1718 1408; baseline 0 -12"><span class='ocrx_word' id='word_1_320' title='bbox 991 1367 1178 1406; x_wconf 87' lang='lat' dir='ltr'><strong>primoribus</strong></span> <span class='ocrx_word' id='word_1_321' title='bbox 1193 1367 1339 1408; x_wconf 84' lang='lat' dir='ltr'><strong>attigerit.</strong></span> <span class='ocrx_word' id='word_1_322' title='bbox 1375 1367 1438 1397; x_wconf 85' lang='lat' dir='ltr'><strong>His</strong></span> <span class='ocrx_word' id='word_1_323' title='bbox 1454 1367 1645 1407; x_wconf 87' lang='lat' dir='ltr'><strong>adjungatur</strong></span> <span class='ocrx_word' id='word_1_324' title='bbox 1662 1366 1718 1396; x_wconf 84' lang='lat' dir='ltr'><strong>Se-</strong></span> 
     </span>
     <span class='ocr_line' id='line_1_62' title="bbox 991 1417 1390 1459; baseline 0.003 -12"><span class='ocrx_word' id='word_1_325' title='bbox 991 1417 1097 1448; x_wconf 88' lang='lat' dir='ltr'><strong>dulius</strong></span> <span class='ocrx_word' id='word_1_326' title='bbox 1112 1419 1260 1459; x_wconf 88' lang='lat' dir='ltr'><strong>denique,</strong></span> <span class='ocrx_word' id='word_1_327' title='bbox 1277 1419 1322 1449; x_wconf 85' lang='lat' dir='ltr'><strong>iii.</strong></span> <span class='ocrx_word' id='word_1_328' title='bbox 1339 1423 1390 1450; x_wconf 81' lang='lat'><strong>65.</strong></span> 
     </span>
     <span class='ocr_line' id='line_1_63' title="bbox 1054 1479 1614 1510; baseline 0.004 -8"><span class='ocrx_word' id='word_1_329' title='bbox 1054 1480 1085 1502; x_wconf 87' lang='lat' dir='ltr'><strong>Et</strong></span> <span class='ocrx_word' id='word_1_330' title='bbox 1097 1479 1157 1503; x_wconf 86' lang='lat' dir='ltr'><strong>voci</strong></span> <span class='ocrx_word' id='word_1_331' title='bbox 1167 1479 1295 1510; x_wconf 82' lang='lat' dir='ltr'><strong>patefecit</strong></span> <span class='ocrx_word' id='word_1_332' title='bbox 1306 1479 1366 1509; x_wconf 82' lang='lat' dir='ltr'><strong>iter,</strong></span> <span class='ocrx_word' id='word_1_333' title='bbox 1377 1486 1506 1510; x_wconf 84' lang='lat' dir='ltr'><strong>nexuque</strong></span> <span class='ocrx_word' id='word_1_334' title='bbox 1516 1479 1614 1508; x_wconf 76' lang='lat' dir='ltr'><strong>solute,</strong></span> 
     </span>
     <span class='ocr_line' id='line_1_64' title="bbox 1053 1519 1644 1551; baseline 0 -8"><span class='ocrx_word' id='word_1_335' title='bbox 1053 1520 1127 1543; x_wconf 86' lang='lat' dir='ltr'><strong>Muta</strong></span> <span class='ocrx_word' id='word_1_336' title='bbox 1139 1519 1194 1549; x_wconf 85' lang='lat' dir='ltr'><strong>diu,</strong></span> <span class='ocrx_word' id='word_1_337' title='bbox 1203 1519 1310 1551; x_wconf 78' lang='lat' dir='ltr'><strong>placitas</strong></span> <span class='ocrx_word' id='word_1_338' title='bbox 1322 1519 1412 1550; x_wconf 58' lang='lat' dir='ltr'><strong>effudit</strong></span> <span class='ocrx_word' id='word_1_339' title='bbox 1424 1519 1514 1551; x_wconf 83' lang='lat' dir='ltr'><strong>lingua</strong></span> <span class='ocrx_word' id='word_1_340' title='bbox 1526 1519 1644 1551; x_wconf 78' lang='lat' dir='ltr'><strong>loquelas.</strong></span> 
     </span>
     <span class='ocr_line' id='line_1_65' title="bbox 994 1567 1594 1609; baseline 0.007 -12"><span class='ocrx_word' id='word_1_341' title='bbox 994 1567 1044 1598; x_wconf 91' lang='lat' dir='ltr'><strong>Sic</strong></span> <span class='ocrx_word' id='word_1_342' title='bbox 1059 1568 1187 1598; x_wconf 82' lang='lat' dir='ltr'><strong>fortasse</strong></span> <span class='ocrx_word' id='word_1_343' title='bbox 1201 1568 1383 1609; x_wconf 84' lang='lat' dir='ltr'><strong>legendum,</strong></span> <span class='ocrx_word' id='word_1_344' title='bbox 1400 1579 1456 1608; x_wconf 85' lang='lat' dir='ltr'><strong>pro</strong></span> <span class='ocrx_word' id='word_1_345' title='bbox 1471 1572 1594 1601; x_wconf 81' lang='lat' dir='ltr'><strong>tacitas.</strong></span> 
     </span>
     <span class='ocr_line' id='line_1_66' title="bbox 1034 1622 1718 1664; baseline 0.007 -13"><span class='ocrx_word' id='word_1_346' title='bbox 1034 1622 1107 1652; x_wconf 86' lang='lat' dir='ltr'><strong>Ver.</strong></span> <span class='ocrx_word' id='word_1_347' title='bbox 1119 1626 1169 1653; x_wconf 78' lang='lat'><strong>41.</strong></span> <span class='ocrx_word' id='word_1_348' title='bbox 1186 1625 1299 1654; x_wconf 76' lang='lat' dir='ltr'><strong>Funde</strong></span> <span class='ocrx_word' id='word_1_349' title='bbox 1310 1630 1432 1663; x_wconf 80' lang='lat' dir='ltr'><strong>petens:</strong></span> <span class='ocrx_word' id='word_1_350' title='bbox 1454 1626 1718 1664; x_wconf 76' lang='lat' dir='ltr'><strong>1-1.Fondepoces.-</strong></span> 
     </span>
     <span class='ocr_line' id='line_1_67' title="bbox 991 1675 1620 1714; baseline 0.005 -11"><span class='ocrx_word' id='word_1_351' title='bbox 991 1680 1021 1704; x_wconf 88' lang='lat' dir='ltr'><strong>et</strong></span> <span class='ocrx_word' id='word_1_352' title='bbox 1036 1675 1205 1711; x_wconf 85' lang='lat' dir='ltr'><strong>verissime,</strong></span> <span class='ocrx_word' id='word_1_353' title='bbox 1223 1682 1258 1705; x_wconf 91' lang='lat' dir='ltr'><strong>ut</strong></span> <span class='ocrx_word' id='word_1_354' title='bbox 1273 1676 1393 1714; x_wconf 91' lang='lat' dir='ltr'><strong>opiner,</strong></span> <span class='ocrx_word' id='word_1_355' title='bbox 1410 1675 1489 1705; x_wconf 92' lang='lat' dir='ltr'><strong>illud</strong></span> <span class='ocrx_word' id='word_1_356' title='bbox 1505 1678 1538 1706; x_wconf 86' lang='lat' dir='ltr'><em>F</em></span> <span class='ocrx_word' id='word_1_357' title='bbox 1536 1678 1620 1706; x_wconf 80' lang='lat' dir='ltr'><strong>unde.</strong></span> 
     </span>
     <span class='ocr_line' id='line_1_68' title="bbox 1035 1726 1718 1768; baseline 0.004 -12"><span class='ocrx_word' id='word_1_358' title='bbox 1035 1726 1116 1757; x_wconf 91' lang='lat' dir='ltr'><strong>Ibid.</strong></span> <span class='ocrx_word' id='word_1_359' title='bbox 1135 1729 1292 1767; x_wconf 78' lang='lat' dir='ltr'><strong>placidam</strong></span> <span class='ocrx_word' id='word_1_360' title='bbox 1303 1738 1422 1767; x_wconf 80' lang='lat' dir='ltr'><strong>pacem.</strong></span> <span class='ocrx_word' id='word_1_361' title='bbox 1456 1727 1622 1768; x_wconf 86' lang='lat' dir='ltr'><strong>Virgilius,</strong></span> <span class='ocrx_word' id='word_1_362' title='bbox 1642 1730 1718 1759; x_wconf 85' lang='lat' dir='ltr'><strong>AEn.</strong></span> 
     </span>
     <span class='ocr_line' id='line_1_69' title="bbox 991 1778 1102 1810; baseline 0.027 -3"><span class='ocrx_word' id='word_1_363' title='bbox 991 1778 1012 1807; x_wconf 82' lang='lat' dir='ltr'><strong>i.</strong></span> <span class='ocrx_word' id='word_1_364' title='bbox 1031 1783 1102 1810; x_wconf 74' lang='lat'><strong>249.</strong></span> 
     </span>
    </p>
   </div>
   <div class='ocr_carea' id='block_1_22' title="bbox 1022 1844 1115 1853">
    <p class='ocr_par' dir='ltr' id='par_1_29' title="bbox 1022 1844 1115 1853">
     <span class='ocr_line' id='line_1_70' title="bbox 1022 1844 1115 1853; baseline 0 0"><span class='ocrx_word' id='word_1_365' title='bbox 1022 1844 1115 1853; x_wconf 95' lang='lat' dir='ltr'><strong> </strong></span> 
     </span>
    </p>
   </div>
   <div class='ocr_carea' id='block_1_23' title="bbox 1034 1831 1719 1914">
    <p class='ocr_par' dir='ltr' id='par_1_30' title="bbox 1034 1831 1719 1914">
     <span class='ocr_line' id='line_1_71' title="bbox 1126 1831 1693 1864; baseline 0.004 -9"><span class='ocrx_word' id='word_1_366' title='bbox 1126 1833 1212 1861; x_wconf 87' lang='lat' dir='ltr'><strong>Nunc,</strong></span> <span class='ocrx_word' id='word_1_367' title='bbox 1221 1831 1324 1864; x_wconf 74' lang='lat' dir='ltr'><strong>placida</strong></span> <span class='ocrx_word' id='word_1_368' title='bbox 1337 1835 1480 1863; x_wconf 79' lang='lat' dir='ltr'><strong>compostus</strong></span> <span class='ocrx_word' id='word_1_369' title='bbox 1488 1835 1559 1863; x_wconf 81' lang='lat' dir='ltr'><strong>pace,</strong></span> <span class='ocrx_word' id='word_1_370' title='bbox 1571 1832 1693 1863; x_wconf 87' lang='lat' dir='ltr'><strong>quiescit.</strong></span> 
     </span>
     <span class='ocr_line' id='line_1_72' title="bbox 1034 1873 1719 1914; baseline 0.003 -11"><span class='ocrx_word' id='word_1_371' title='bbox 1034 1873 1110 1903; x_wconf 82' lang='lat' dir='ltr'><strong>Ver.</strong></span> <span class='ocrx_word' id='word_1_372' title='bbox 1128 1877 1179 1904; x_wconf 79' lang='lat'><strong>45.</strong></span> <span class='ocrx_word' id='word_1_373' title='bbox 1205 1885 1277 1904; x_wconf 82' lang='lat' dir='ltr'><strong>nec:</strong></span> <span class='ocrx_word' id='word_1_374' title='bbox 1302 1874 1346 1904; x_wconf 88' lang='lat' dir='ltr'><strong>sic</strong></span> <span class='ocrx_word' id='word_1_375' title='bbox 1370 1874 1406 1904; x_wconf 88' lang='lat' dir='ltr'><strong>L.</strong></span> <span class='ocrx_word' id='word_1_376' title='bbox 1431 1874 1479 1904; x_wconf 89' lang='grc' dir='ltr'><strong>Μ.</strong></span> <span class='ocrx_word' id='word_1_377' title='bbox 1497 1881 1536 1904; x_wconf 89' lang='grc' dir='ltr'><strong>Π.</strong></span> <span class='ocrx_word' id='word_1_378' title='bbox 1556 1874 1650 1914; x_wconf 87' lang='lat' dir='ltr'><strong>vulgo</strong></span> <span class='ocrx_word' id='word_1_379' title='bbox 1665 1886 1719 1906; x_wconf 77' lang='lat' dir='ltr'><strong>ne-</strong></span> 
     </span>
    </p>
   </div>
   <div class='ocr_carea' id='block_1_24' title="bbox 991 1924 1718 1962">
    <p class='ocr_par' dir='ltr' id='par_1_31' title="bbox 991 1924 1718 1962">
     <span class='ocr_line' id='line_1_73' title="bbox 991 1924 1718 1962; baseline 0.003 -8"><span class='ocrx_word' id='word_1_380' title='bbox 991 1934 1063 1962; x_wconf 80' lang='lat' dir='ltr'><strong>que;</strong></span> <span class='ocrx_word' id='word_1_381' title='bbox 1091 1930 1122 1954; x_wconf 82' lang='lat' dir='ltr'><strong>et</strong></span> <span class='ocrx_word' id='word_1_382' title='bbox 1145 1924 1290 1955; x_wconf 87' lang='lat' dir='ltr'><strong>ordinem</strong></span> <span class='ocrx_word' id='word_1_383' title='bbox 1315 1925 1463 1955; x_wconf 82' lang='lat' dir='ltr'><strong>exhibent</strong></span> <span class='ocrx_word' id='word_1_384' title='bbox 1492 1927 1658 1955; x_wconf 87' lang='lat' dir='ltr'><strong>verborum</strong></span> <span class='ocrx_word' id='word_1_385' title='bbox 1683 1931 1718 1956; x_wconf 83' lang='lat' dir='ltr'><strong>A.</strong></span> 
     </span>
    </p>
   </div>
   <div class='ocr_carea' id='block_1_25' title="bbox 993 1979 1701 2019">
    <p class='ocr_par' dir='ltr' id='par_1_32' title="bbox 993 1979 1701 2019">
     <span class='ocr_line' id='line_1_74' title="bbox 993 1979 1701 2019; baseline 0.004 -12"><span class='ocrx_word' id='word_1_386' title='bbox 993 1984 1024 2007; x_wconf 86' lang='lat' dir='ltr'><strong>et</strong></span> <span class='ocrx_word' id='word_1_387' title='bbox 1042 1986 1080 2008; x_wconf 89' lang='grc' dir='ltr'><strong>Π.</strong></span> <span class='ocrx_word' id='word_1_388' title='bbox 1104 1980 1182 2009; x_wconf 87' lang='lat' dir='ltr'><strong>meis</strong></span> <span class='ocrx_word' id='word_1_389' title='bbox 1198 1980 1308 2010; x_wconf 88' lang='lat' dir='ltr'><strong>saltem</strong></span> <span class='ocrx_word' id='word_1_390' title='bbox 1324 1981 1453 2009; x_wconf 84' lang='lat' dir='ltr'><strong>auribus</strong></span> <span class='ocrx_word' id='word_1_391' title='bbox 1464 1979 1701 2019; x_wconf 86' lang='lat' dir='ltr'><strong>jucundiorem:</strong></span> 
     </span>
    </p>
   </div>
   <div class='ocr_carea' id='block_1_26' title="bbox 990 2032 1716 2152">
    <p class='ocr_par' dir='ltr' id='par_1_33' title="bbox 990 2032 1716 2152">
     <span class='ocr_line' id='line_1_75' title="bbox 1007 2032 1716 2064; baseline 0.001 -8"><span class='ocrx_word' id='word_1_392' title='bbox 1007 2034 1145 2056; x_wconf 82' lang='lat' dir='ltr'><strong>Possumus</strong></span> <span class='ocrx_word' id='word_1_393' title='bbox 1154 2039 1234 2064; x_wconf 84' lang='lat' dir='ltr'><strong>aequo</strong></span> <span class='ocrx_word' id='word_1_394' title='bbox 1243 2033 1333 2057; x_wconf 79' lang='lat' dir='ltr'><strong>animo</strong></span> <span class='ocrx_word' id='word_1_395' title='bbox 1342 2042 1349 2063; x_wconf 83' lang='lat'><em>3</em></span> <span class='ocrx_word' id='word_1_396' title='bbox 1364 2032 1477 2056; x_wconf 78' lang='lat' dir='ltr'><strong>Memmii</strong></span> <span class='ocrx_word' id='word_1_397' title='bbox 1488 2040 1566 2064; x_wconf 76' lang='lat' dir='ltr'><strong>neque</strong></span> <span class='ocrx_word' id='word_1_398' title='bbox 1577 2033 1647 2057; x_wconf 82' lang='lat' dir='ltr'><strong>clara</strong></span> <span class='ocrx_word' id='word_1_399' title='bbox 1656 2041 1716 2064; x_wconf 89' lang='lat' dir='ltr'><strong>pro-</strong></span> 
     </span>
     <span class='ocr_line' id='line_1_76' title="bbox 1099 2080 1177 2104; baseline 0.013 -8"><span class='ocrx_word' id='word_1_400' title='bbox 1099 2080 1177 2104; x_wconf 79' lang='lat' dir='ltr'><strong>pago.</strong></span> 
     </span>
     <span class='ocr_line' id='line_1_77' title="bbox 990 2113 1327 2152; baseline 0.003 -9"><span class='ocrx_word' id='word_1_401' title='bbox 990 2113 1055 2143; x_wconf 89' lang='lat' dir='ltr'><strong>Pro</strong></span> <span class='ocrx_word' id='word_1_402' title='bbox 1070 2125 1133 2152; x_wconf 82' lang='lat' dir='ltr'><strong>nos,</strong></span> <span class='ocrx_word' id='word_1_403' title='bbox 1153 2114 1191 2144; x_wconf 85' lang='lat' dir='ltr'><strong>V.</strong></span> <span class='ocrx_word' id='word_1_404' title='bbox 1208 2114 1255 2144; x_wconf 87' lang='lat' dir='ltr'><strong>ed.</strong></span> <span class='ocrx_word' id='word_1_405' title='bbox 1272 2125 1327 2144; x_wconf 81' lang='lat' dir='ltr'><strong>eos.</strong></span> 
     </span>
    </p>
   </div>
   <div class='ocr_carea' id='block_1_27' title="bbox 989 2164 1717 2307">
    <p class='ocr_par' dir='ltr' id='par_1_34' title="bbox 989 2164 1717 2307">
     <span class='ocr_line' id='line_1_78' title="bbox 1036 2164 1717 2205; baseline 0.003 -11"><span class='ocrx_word' id='word_1_406' title='bbox 1036 2164 1107 2195; x_wconf 85' lang='lat' dir='ltr'><strong>Ver.</strong></span> <span class='ocrx_word' id='word_1_407' title='bbox 1138 2169 1188 2196; x_wconf 75' lang='lat'><strong>44.</strong></span> <span class='ocrx_word' id='word_1_408' title='bbox 1227 2166 1392 2205; x_wconf 81' lang='lat' dir='ltr'><strong>Cogitabat</strong></span> <span class='ocrx_word' id='word_1_409' title='bbox 1425 2165 1553 2195; x_wconf 83' lang='lat' dir='ltr'><strong>fortasse</strong></span> <span class='ocrx_word' id='word_1_410' title='bbox 1590 2165 1628 2195; x_wconf 91' lang='lat' dir='ltr'><strong>de</strong></span> <span class='ocrx_word' id='word_1_411' title='bbox 1657 2167 1717 2196; x_wconf 89' lang='lat' dir='ltr'><strong>hoc</strong></span> 
     </span>
     <span class='ocr_line' id='line_1_79' title="bbox 990 2215 1716 2256; baseline 0.003 -10"><span class='ocrx_word' id='word_1_412' title='bbox 990 2215 1058 2246; x_wconf 91' lang='lat' dir='ltr'><strong>loco</strong></span> <span class='ocrx_word' id='word_1_413' title='bbox 1074 2216 1215 2254; x_wconf 86' lang='lat' dir='ltr'><strong>Flaccus,</strong></span> <span class='ocrx_word' id='word_1_414' title='bbox 1238 2217 1270 2246; x_wconf 90' lang='lat' dir='ltr'><strong>in</strong></span> <span class='ocrx_word' id='word_1_415' title='bbox 1287 2217 1413 2247; x_wconf 82' lang='lat' dir='ltr'><strong>exordio</strong></span> <span class='ocrx_word' id='word_1_416' title='bbox 1428 2217 1566 2256; x_wconf 85' lang='lat' dir='ltr'><strong>epistolae</strong></span> <span class='ocrx_word' id='word_1_417' title='bbox 1588 2217 1628 2248; x_wconf 85' lang='lat' dir='ltr'><strong>ad</strong></span> <span class='ocrx_word' id='word_1_418' title='bbox 1644 2219 1716 2248; x_wconf 90' lang='lat' dir='ltr'><strong>Au-</strong></span> 
     </span>
     <span class='ocr_line' id='line_1_80' title="bbox 989 2273 1135 2307; baseline 0 -11"><span class='ocrx_word' id='word_1_419' title='bbox 989 2273 1135 2307; x_wconf 81' lang='lat' dir='ltr'><strong>gustum:</strong></span> 
     </span>
    </p>
   </div>
   <div class='ocr_carea' id='block_1_28' title="bbox 1022 2326 1682 2400">
    <p class='ocr_par' dir='ltr' id='par_1_35' title="bbox 1022 2326 1682 2400">
     <span class='ocr_line' id='line_1_81' title="bbox 1246 2326 1679 2360; baseline 0.007 -10"><span class='ocrx_word' id='word_1_420' title='bbox 1246 2326 1271 2350; x_wconf 88' lang='lat' dir='ltr'><strong>in</strong></span> <span class='ocrx_word' id='word_1_421' title='bbox 1283 2327 1389 2358; x_wconf 87' lang='lat' dir='ltr'><strong>publica</strong></span> <span class='ocrx_word' id='word_1_422' title='bbox 1400 2328 1546 2352; x_wconf 79' lang='lat' dir='ltr'><strong>commoda</strong></span> <span class='ocrx_word' id='word_1_423' title='bbox 1556 2335 1679 2360; x_wconf 86' lang='lat' dir='ltr'><strong>peccem,</strong></span> 
     </span>
     <span class='ocr_line' id='line_1_82' title="bbox 1022 2366 1682 2400; baseline 0.006 -10"><span class='ocrx_word' id='word_1_424' title='bbox 1022 2366 1047 2390; x_wconf 82' lang='lat' dir='ltr'><strong>Si</strong></span> <span class='ocrx_word' id='word_1_425' title='bbox 1056 2366 1135 2398; x_wconf 87' lang='lat' dir='ltr'><strong>longo</strong></span> <span class='ocrx_word' id='word_1_426' title='bbox 1146 2374 1270 2392; x_wconf 83' lang='lat' dir='ltr'><strong>sermone</strong></span> <span class='ocrx_word' id='word_1_427' title='bbox 1279 2375 1368 2392; x_wconf 85' lang='lat' dir='ltr'><strong>morer</strong></span> <span class='ocrx_word' id='word_1_428' title='bbox 1379 2371 1426 2392; x_wconf 86' lang='lat' dir='ltr'><strong>tua</strong></span> <span class='ocrx_word' id='word_1_429' title='bbox 1437 2372 1570 2400; x_wconf 84' lang='lat' dir='ltr'><strong>tempora,</strong></span> <span class='ocrx_word' id='word_1_430' title='bbox 1582 2370 1682 2394; x_wconf 80' lang='lat' dir='ltr'><strong>Caesar.</strong></span> 
     </span>
    </p>
   </div>
   <div class='ocr_carea' id='block_1_29' title="bbox 989 2406 1717 3005">
    <p class='ocr_par' dir='ltr' id='par_1_36' title="bbox 989 2406 1717 2753">
     <span class='ocr_line' id='line_1_83' title="bbox 991 2406 1717 2444; baseline 0.007 -9"><span class='ocrx_word' id='word_1_431' title='bbox 991 2406 1035 2435; x_wconf 82' lang='lat' dir='ltr'><strong>Et</strong></span> <span class='ocrx_word' id='word_1_432' title='bbox 1063 2413 1132 2444; x_wconf 89' lang='lat' dir='ltr'><strong>post</strong></span> <span class='ocrx_word' id='word_1_433' title='bbox 1161 2408 1245 2437; x_wconf 85' lang='lat' dir='ltr'><strong>hunc</strong></span> <span class='ocrx_word' id='word_1_434' title='bbox 1267 2418 1391 2438; x_wconf 88' lang='lat' dir='ltr'><strong>versum</strong></span> <span class='ocrx_word' id='word_1_435' title='bbox 1422 2409 1554 2439; x_wconf 86' lang='lat' dir='ltr'><strong>veniunt</strong></span> <span class='ocrx_word' id='word_1_436' title='bbox 1574 2421 1636 2440; x_wconf 89' lang='lat' dir='ltr'><strong>ver.</strong></span> <span class='ocrx_word' id='word_1_437' title='bbox 1666 2413 1717 2442; x_wconf 90' lang='lat'><strong>57.</strong></span> 
     </span>
     <span class='ocr_line' id='line_1_84' title="bbox 991 2459 1716 2499; baseline 0.008 -13"><span class='ocrx_word' id='word_1_438' title='bbox 991 2463 1022 2486; x_wconf 90' lang='lat' dir='ltr'><strong>et</strong></span> <span class='ocrx_word' id='word_1_439' title='bbox 1036 2464 1198 2497; x_wconf 76' lang='lat' dir='ltr'><strong>sequentes</strong></span> <span class='ocrx_word' id='word_1_440' title='bbox 1212 2459 1362 2499; x_wconf 86' lang='lat' dir='ltr'><strong>quinque,</strong></span> <span class='ocrx_word' id='word_1_441' title='bbox 1390 2459 1422 2489; x_wconf 87' lang='lat' dir='ltr'><strong>in</strong></span> <span class='ocrx_word' id='word_1_442' title='bbox 1439 2460 1481 2490; x_wconf 90' lang='lat' dir='ltr'><strong>V.</strong></span> <span class='ocrx_word' id='word_1_443' title='bbox 1496 2460 1543 2491; x_wconf 93' lang='lat' dir='ltr'><strong>ed.</strong></span> <span class='ocrx_word' id='word_1_444' title='bbox 1566 2466 1600 2491; x_wconf 94' lang='grc' dir='ltr'><strong>Δ.</strong></span> <span class='ocrx_word' id='word_1_445' title='bbox 1619 2468 1660 2491; x_wconf 91' lang='grc' dir='ltr'><strong>Π.</strong></span> <span class='ocrx_word' id='word_1_446' title='bbox 1682 2465 1716 2492; x_wconf 82' lang='grc' dir='ltr'><strong>Σ.</strong></span> 
     </span>
     <span class='ocr_line' id='line_1_85' title="bbox 991 2510 1716 2550; baseline 0.004 -13"><span class='ocrx_word' id='word_1_447' title='bbox 991 2514 1021 2537; x_wconf 89' lang='lat' dir='ltr'><strong>et</strong></span> <span class='ocrx_word' id='word_1_448' title='bbox 1049 2515 1092 2539; x_wconf 80' lang='grc' dir='ltr'><strong>Ω.</strong></span> <span class='ocrx_word' id='word_1_449' title='bbox 1119 2520 1188 2550; x_wconf 87' lang='lat' dir='ltr'><strong>quae</strong></span> <span class='ocrx_word' id='word_1_450' title='bbox 1210 2510 1289 2539; x_wconf 88' lang='lat' dir='ltr'><strong>mihi</strong></span> <span class='ocrx_word' id='word_1_451' title='bbox 1312 2511 1522 2549; x_wconf 87' lang='lat' dir='ltr'><strong>suspicionem</strong></span> <span class='ocrx_word' id='word_1_452' title='bbox 1548 2517 1657 2550; x_wconf 83' lang='lat' dir='ltr'><strong>sponte</strong></span> <span class='ocrx_word' id='word_1_453' title='bbox 1682 2520 1716 2540; x_wconf 90' lang='lat' dir='ltr'><strong>o-</strong></span> 
     </span>
     <span class='ocr_line' id='line_1_86' title="bbox 990 2562 1717 2599; baseline 0 -8"><span class='ocrx_word' id='word_1_454' title='bbox 990 2563 1111 2591; x_wconf 83' lang='lat' dir='ltr'><strong>bortam</strong></span> <span class='ocrx_word' id='word_1_455' title='bbox 1136 2562 1273 2599; x_wconf 80' lang='lat' dir='ltr'><strong>firmant,</strong></span> <span class='ocrx_word' id='word_1_456' title='bbox 1298 2562 1380 2592; x_wconf 85' lang='lat' dir='ltr'><strong>male</strong></span> <span class='ocrx_word' id='word_1_457' title='bbox 1407 2563 1534 2593; x_wconf 86' lang='lat' dir='ltr'><strong>eosdem</strong></span> <span class='ocrx_word' id='word_1_458' title='bbox 1556 2572 1629 2592; x_wconf 87' lang='lat' dir='ltr'><strong>mox</strong></span> <span class='ocrx_word' id='word_1_459' title='bbox 1651 2572 1717 2591; x_wconf 86' lang='lat' dir='ltr'><strong>esse</strong></span> 
     </span>
     <span class='ocr_line' id='line_1_87' title="bbox 990 2612 1716 2654; baseline 0.001 -13"><span class='ocrx_word' id='word_1_460' title='bbox 990 2612 1202 2651; x_wconf 83' lang='lat' dir='ltr'><strong>interpolatos,</strong></span> <span class='ocrx_word' id='word_1_461' title='bbox 1237 2624 1337 2654; x_wconf 88' lang='lat' dir='ltr'><strong>quum</strong></span> <span class='ocrx_word' id='word_1_462' title='bbox 1366 2619 1493 2644; x_wconf 83' lang='lat' dir='ltr'><strong>teneant</strong></span> <span class='ocrx_word' id='word_1_463' title='bbox 1514 2614 1548 2643; x_wconf 89' lang='lat' dir='ltr'><strong>in</strong></span> <span class='ocrx_word' id='word_1_464' title='bbox 1578 2613 1716 2643; x_wconf 87' lang='lat' dir='ltr'><strong>secundo</strong></span> 
     </span>
     <span class='ocr_line' id='line_1_88' title="bbox 989 2663 1716 2705; baseline 0.001 -13"><span class='ocrx_word' id='word_1_465' title='bbox 989 2663 1068 2693; x_wconf 90' lang='lat' dir='ltr'><strong>libro</strong></span> <span class='ocrx_word' id='word_1_466' title='bbox 1091 2665 1256 2695; x_wconf 83' lang='lat' dir='ltr'><strong>stationem</strong></span> <span class='ocrx_word' id='word_1_467' title='bbox 1278 2665 1372 2705; x_wconf 87' lang='lat' dir='ltr'><strong>longe</strong></span> <span class='ocrx_word' id='word_1_468' title='bbox 1397 2663 1656 2702; x_wconf 89' lang='lat' dir='ltr'><strong>commodiorem,</strong></span> <span class='ocrx_word' id='word_1_469' title='bbox 1679 2674 1716 2693; x_wconf 86' lang='lat' dir='ltr'><strong>ac</strong></span> 
     </span>
     <span class='ocr_line' id='line_1_89' title="bbox 990 2714 1195 2753; baseline 0.015 -10"><span class='ocrx_word' id='word_1_470' title='bbox 990 2714 1081 2753; x_wconf 86' lang='lat' dir='ltr'><strong>plane</strong></span> <span class='ocrx_word' id='word_1_471' title='bbox 1097 2726 1195 2746; x_wconf 84' lang='lat' dir='ltr'><strong>suam.</strong></span> 
     </span>
    </p>

    <p class='ocr_par' dir='ltr' id='par_1_37' title="bbox 992 2766 1715 3005">
     <span class='ocr_line' id='line_1_90' title="bbox 1034 2766 1714 2799; baseline 0.001 -3"><span class='ocrx_word' id='word_1_472' title='bbox 1034 2767 1110 2798; x_wconf 84' lang='lat' dir='ltr'><strong>Ver.</strong></span> <span class='ocrx_word' id='word_1_473' title='bbox 1135 2771 1185 2799; x_wconf 85' lang='lat'><strong>45.</strong></span> <span class='ocrx_word' id='word_1_474' title='bbox 1223 2770 1394 2799; x_wconf 78' lang='lat' dir='ltr'><strong>Memmius.</strong></span> <span class='ocrx_word' id='word_1_475' title='bbox 1441 2767 1491 2797; x_wconf 84' lang='lat' dir='ltr'><strong>Ita</strong></span> <span class='ocrx_word' id='word_1_476' title='bbox 1521 2767 1559 2797; x_wconf 90' lang='lat' dir='ltr'><strong>P.</strong></span> <span class='ocrx_word' id='word_1_477' title='bbox 1592 2767 1632 2797; x_wconf 92' lang='lat' dir='ltr'><strong>V.</strong></span> <span class='ocrx_word' id='word_1_478' title='bbox 1666 2766 1714 2797; x_wconf 88' lang='lat' dir='ltr'><strong>ed.</strong></span> 
     </span>
     <span class='ocr_line' id='line_1_91' title="bbox 993 2818 1715 2856; baseline 0 -8"><span class='ocrx_word' id='word_1_479' title='bbox 993 2825 1035 2848; x_wconf 90' lang='grc' dir='ltr'><strong>Π.</strong></span> <span class='ocrx_word' id='word_1_480' title='bbox 1054 2824 1090 2850; x_wconf 85' lang='grc' dir='ltr'><strong>Σ.</strong></span> <span class='ocrx_word' id='word_1_481' title='bbox 1107 2826 1150 2850; x_wconf 86' lang='grc' dir='ltr'><strong>Ω.</strong></span> <span class='ocrx_word' id='word_1_482' title='bbox 1163 2825 1199 2849; x_wconf 85' lang='lat' dir='ltr'><strong>ut</strong></span> <span class='ocrx_word' id='word_1_483' title='bbox 1213 2826 1316 2849; x_wconf 86' lang='lat' dir='ltr'><strong>noster</strong></span> <span class='ocrx_word' id='word_1_484' title='bbox 1331 2818 1423 2856; x_wconf 87' lang='lat' dir='ltr'><strong>infra,</strong></span> <span class='ocrx_word' id='word_1_485' title='bbox 1438 2828 1517 2848; x_wconf 84' lang='lat' dir='ltr'><strong>verr.</strong></span> <span class='ocrx_word' id='word_1_486' title='bbox 1532 2822 1607 2856; x_wconf 79' lang='lat'><strong>412,</strong></span> <span class='ocrx_word' id='word_1_487' title='bbox 1624 2821 1715 2848; x_wconf 86' lang='lat'><strong>1051.</strong></span> 
     </span>
     <span class='ocr_line' id='line_1_92' title="bbox 993 2870 1715 2910; baseline -0.003 -10"><span class='ocrx_word' id='word_1_488' title='bbox 993 2870 1100 2910; x_wconf 85' lang='lat' dir='ltr'><strong>Vulgo</strong></span> <span class='ocrx_word' id='word_1_489' title='bbox 1134 2871 1259 2910; x_wconf 79' lang='lat' dir='ltr'><strong>legitur,</strong></span> <span class='ocrx_word' id='word_1_490' title='bbox 1290 2871 1489 2900; x_wconf 66' lang='lat' dir='ltr'><strong>Illemmz&#39;ada.</strong></span> <span class='ocrx_word' id='word_1_491' title='bbox 1533 2875 1572 2899; x_wconf 92' lang='grc' dir='ltr'><strong>Δ.</strong></span> <span class='ocrx_word' id='word_1_492' title='bbox 1607 2874 1715 2899; x_wconf 83' lang='lat' dir='ltr'><strong>autem</strong></span> 
     </span>
     <span class='ocr_line' id='line_1_93' title="bbox 992 2921 1715 2961; baseline 0 -10"><span class='ocrx_word' id='word_1_493' title='bbox 992 2922 1108 2952; x_wconf 82' lang='lat' dir='ltr'><strong>omittit</strong></span> <span class='ocrx_word' id='word_1_494' title='bbox 1122 2933 1211 2953; x_wconf 84' lang='lat' dir='ltr'><strong>voces</strong></span> <span class='ocrx_word' id='word_1_495' title='bbox 1226 2928 1254 2953; x_wconf 78' lang='lat' dir='ltr'><strong>et</strong></span> <span class='ocrx_word' id='word_1_496' title='bbox 1269 2928 1306 2958; x_wconf 80' lang='lat' dir='ltr'><strong>te,</strong></span> <span class='ocrx_word' id='word_1_497' title='bbox 1323 2922 1408 2952; x_wconf 90' lang='lat' dir='ltr'><strong>etsie</strong></span> <span class='ocrx_word' id='word_1_498' title='bbox 1423 2921 1545 2953; x_wconf 85' lang='lat' dir='ltr'><strong>ordinat</strong></span> <span class='ocrx_word' id='word_1_499' title='bbox 1554 2921 1715 2961; x_wconf 81' lang='lat' dir='ltr'><strong>integrum</strong></span> 
     </span>
     <span class='ocr_line' id='line_1_94' title="bbox 992 2984 1128 3005; baseline 0.007 -1"><span class='ocrx_word' id='word_1_500' title='bbox 992 2984 1128 3005; x_wconf 79' lang='lat' dir='ltr'><strong>versum:</strong></span> 
     </span>
    </p>
   </div>
   <div class='ocr_carea' id='block_1_30' title="bbox 1020 2339 1236 2346">
    <p class='ocr_par' dir='ltr' id='par_1_38' title="bbox 1020 2339 1236 2346">
     <span class='ocr_line' id='line_1_95' title="bbox 1020 2339 1236 2346; baseline 0 907"><span class='ocrx_word' id='word_1_501' title='bbox 1020 2339 1236 2346; x_wconf 95' lang='lat' dir='ltr'><strong> </strong></span> 
     </span>
    </p>
   </div>
  </div>
 </body>
</html>
