1894 3253
167 295 257 336 164

665 288 725 335 T.
780 286 1160 335 LUCRETII

306 420 487 463 Finitum
510 425 568 458 est
575 435 587 467 ;
620 432 799 474 namque
819 427 1052 460 extremum
1073 420 1249 462 debebat
1268 420 1434 464 habere:

305 495 550 535 Extremum
569 507 696 547 porro
716 493 864 534 nullius
885 509 1003 549 posse
1022 494 1184 535 videtur

191 574 273 610 960
306 568 420 617 Esse,
442 568 519 607 nisi
540 566 646 608 ultra
667 569 718 609 sit
738 568 849 624 quod
871 568 1007 619 finiat3
1041 578 1087 610 ut
1107 569 1309 620 videatur,

307 642 404 689 Quo
425 656 511 682 non
531 640 692 698 longius
712 642 803 683 haec
824 642 962 684 sensus
983 651 1131 684 natura
1151 653 1354 699 sequatur.

308 716 447 765 Nunc,
471 724 589 756 extra
608 732 809 757 summam
831 718 1028 772 quoniam
1048 718 1151 758 nihil
1168 734 1254 759 esse
1273 718 1502 768 fatendum,

304 790 405 830 Non
426 789 552 831 habet
572 799 825 840 extren1um3
860 801 971 832 caret
991 807 1090 848 ergo
1110 792 1209 842 fine,
1232 792 1453 848 modoque:

306 864 397 905 Nec
417 864 554 914 refert,
576 864 724 919 quibus
745 865 914 905 adsistas
934 866 1171 922 regionibus
1192 867 1290 921 ejus:

160 1037 182 1052 “
199 1033 319 1063 dictum
335 1034 366 1060 et
375 1029 442 1070 ejus
451 1028 636 1059 inanitate.”
677 1028 771 1069 Cogit
783 1036 890 1062 tamen

159 1086 301 1117 dubitare
320 1083 491 1121 Arnobius‚
506 1082 558 1113 lib.
573 1093 600 1112 ν.
626 1086 647 1100 “
660 1082 776 1113 Nonne
792 1083 889 1124 digna

159 1142 180 1156 ‘⁶
198 1148 245 1168 res
260 1141 348 1171 esset,
375 1141 500 1174 propter
515 1145 609 1175 quam
624 1135 723 1165 iratus
738 1142 768 1165 et
790 1137 888 1174 perci-

160 1193 182 1207 “
199 1195 341 1218 tus—res
356 1196 465 1216 omnes
477 1186 510 1215 in
523 1186 660 1226 antiquae
670 1186 805 1224 speciem
816 1197 889 1217 con-

160 1243 182 1258 “
199 1239 345 1269 funderet
360 1239 490 1268 unitatis
499 1237 537 1266 ?’'
564 1238 789 1267 BENTLmus.

161 1292 243 1322 Haec
257 1291 303 1319 vir
320 1299 463 1329 magnus.
511 1288 573 1318 Sed
588 1288 637 1318 vel
656 1289 789 1319 Ovidius
811 1289 890 1319 nihil

161 1354 227 1374 esse
242 1342 423 1372 novandum
439 1341 472 1370 in
490 1341 581 1370 Festo
596 1341 670 1371 satis
685 1341 866 1372 declarabit:

192 1431 262 1453 Unus
274 1430 330 1452 erat
342 1430 402 1450 toto
413 1429 518 1450 natura:
532 1426 625 1450 vultus
637 1426 663 1450 in
675 1427 749 1456 orbe,

191 1470 280 1500 Quem
292 1468 387 1492 dixere
398 1467 500 1497 Chaos3
519 1467 591 1491 rudis
601 1466 780 1498 indigestaque
792 1468 878 1492 moles.-

161 1532 193 1557 et
214 1527 247 1555 in
270 1524 379 1564 primis
404 1524 530 1560 Seneca,
555 1531 618 1554 nat.
644 1530 763 1564 quaestt.
780 1525 823 1555 iii.
838 1529 890 1555 50.

163 1582 185 1596 “
201 1578 278 1608 Jam
293 1581 399 1606 autem
415 1586 433 1604 a
448 1576 550 1614 primo
561 1575 612 1605 die
628 1576 751 1614 mundi,
769 1587 842 1606 cum
858 1577 891 1606 in

163 1633 184 1648 “
200 1630 286 1659 hunc
305 1627 448 1657 habitum
474 1637 511 1656 ex
539 1626 667 1667 informi
691 1629 810 1657 unitate
828 1627 892 1657 dis-

164 1685 186 1700 “
203 1680 336 1716 cederet,
368 1678 493 1718 quando
518 1685 734 1718 mergerentur
758 1684 892 1718 terrena,

161 1738 184 1753 “
201 1735 362 1764 decretum
377 1732 452 1762 est.”
499 1732 587 1762 Hinc
601 1733 623 1763 J
627 1732 750 1762 ustinus
762 1732 800 1762 de
812 1739 893 1762 statu

161 1797 267 1817 rerum
297 1785 436 1816 chaotico
466 1784 551 1825 loqui
581 1785 804 1825 intelligendus
834 1792 890 1823 est,

164 1840 204 1870 ad
226 1839 297 1868 hist.
313 1838 344 1868 ii.
362 1842 390 1868 1.
410 1840 457 1867 14.
483 1841 504 1855 ‘⁴
525 1837 695 1873 Caeterum,
723 1837 748 1866 si
770 1840 891 1875 mundi,

163 1896 185 1910 “
201 1902 271 1931 quae
286 1899 371 1919 nunc
385 1895 488 1928 partes
503 1894 586 1926 sunt,
603 1888 771 1929 aliquando
787 1891 891 1919 unitas

164 1948 186 1962 ‘⁵
203 1942 340 1972 fuit--.’‘
388 1942 477 1971 Hinc
500 1947 607 1971 autem
631 1941 785 1980 aperietur
802 1952 892 1972 mens

163 1993 351 2025 obscurioris
364 1992 422 2021 loci
440 1993 473 2021 in
486 1992 676 2027 Quintiliani
686 1992 815 2023 declam.
828 1993 891 2023 xiii.

165 2051 193 2077 2.
217 2050 248 2074 et
263 2045 329 2082 ipse
343 2043 431 2072 locus
445 2042 560 2072 menda
585 2043 776 2079 liberabitur,
801 2050 894 2083 atque

163 2096 235 2137 plus
249 2093 314 2125 una
337 2093 550 2133 quidemz-—“
566 2099 773 2131 respectantes
796 2094 890 2131 patri-

165 2152 187 2168 “
204 2158 261 2179 um
286 2145 416 2181 larem‚”
457 2144 613 2185 (conferas
636 2145 726 2184 Virg.
754 2155 822 2184 geo.
848 2145 891 2175 iii.

164 2204 236 2231 228.
260 2197 314 2229 ecl.
337 2197 378 2226 ix.
407 2196 451 2235 4.)
491 2199 513 2214 “
539 2195 751 2235 migraverunt
777 2201 893 2225 veteres

166 2255 189 2271 “
207 2249 326 2286 coloni;
358 2254 389 2278 et
417 2249 489 2278 latae
519 2246 696 2276 solitudinis
726 2249 891 2277 indiscreta

167 2307 189 2323 “
205 2303 310 2332 unitas
335 2299 417 2329 facta
443 2304 499 2335 est,
522 2300 611 2337 prius
634 2308 729 2338 quam
755 2298 795 2327 ad
821 2309 893 2337 apes

167 2359 191 2374 “
207 2363 295 2384 meas
310 2351 413 2382 divitis
428 2350 547 2380 fundus
562 2350 726 2380 accessit:’'
750 2350 769 2379 i.
786 2361 811 2380 e.
828 2351 892 2380 fac-

166 2415 236 2436 tum
251 2409 297 2434 est
312 2405 401 2434 chaos
417 2412 451 2431 ac
466 2403 604 2432 solitudo.
643 2401 705 2431 Edi
714 2401 791 2431 solet
801 2403 892 2439 laetce,

165 2463 283 2497 etpost.
328 2455 380 2484 De
406 2452 544 2483 confusis
568 2455 647 2482 latus
670 2454 821 2492 loetusque
836 2463 892 2482 no-

166 2508 318 2543 minibus,
334 2505 404 2535 vide
419 2503 505 2536 adii.
516 2506 588 2533 517.

210 2559 285 2588 Ver.
308 2559 381 2588 957.
403 2558 524 2595 regione
549 2557 684 2585 vim-um.-
714 2555 755 2585 O.
775 2562 815 2585 Π.
841 2568 893 2586 να-

167 2613 246 2641 tione
276 2611 396 2640 viarum
403 2622 414 2643 ,·
449 2607 503 2637 sed
523 2606 680 2637 mendose.
725 2607 892 2647 Virgilius,

169 2662 244 2692 AEn.
261 2660 292 2690 ii.
310 2662 380 2690 757.

424 2726 489 2750 nota
501 2726 606 2751 excedo
617 2725 714 2757 regione
726 2724 834 2750 viarum
842 2734 854 2754 ;

167 2789 199 2814 et
213 2782 287 2813 alibi
302 2781 372 2820 plus
386 2783 490 2813 semel.
537 2783 704 2820 Martialis,
719 2783 764 2813 iii.
780 2786 808 2813 4.
821 2787 850 2814 2.

198 2860 315 2885 Romam
326 2858 404 2887 vade,
414 2859 495 2888 liber;
514 2859 544 2889 si,
555 2860 658 2884 veneris
670 2860 751 2889 unde,
763 2859 892 2890 requiret3

232 2896 349 2922 AEmiliae
360 2897 431 2921 dices
442 2897 476 2921 de
486 2897 581 2928 regione
594 2898 659 2922 viae.

169 2964 274 2995 Voces
295 2968 402 2994 autem
424 2964 504 2993 ratio
531 2968 562 2993 et
582 2965 664 3002 regio
685 2963 898 3003 permiscuere

935 1034 1044 1065 itidem
1060 1035 1178 1066 librarii
1201 1036 1240 1066 ad
1262 1036 1345 1066 Livii
1371 1036 1465 1066 xxxii.
1493 1040 1541 1067 18.
1566 1040 1594 1067 2.
1619 1038 1659 1068 ob

935 1087 1117 1126 scripturam
1134 1090 1266 1118 brevem.

977 1140 1049 1170 Ver.
1068 1144 1140 1171 958.
1164 1151 1311 1180 namque:
1340 1140 1387 1170 M.
1404 1151 1475 1170 nam
1491 1142 1660 1181 qum—de-

933 1192 1032 1221 bebat:
1061 1198 1101 1222 Π.
1118 1193 1230 1222 debeat.

977 1243 1050 1272 Ver.
1078 1248 1151 1274 960.
1178 1245 1276 1274 ultra:
1314 1244 1350 1274 Β.
1376 1245 1583 1275 multa—sit:
1619 1250 1661 1274 Π.

922 1293 1155 1336 sicile—finiat.-
1182 1295 1218 1324 L.
1238 1296 1284 1325 M.
1298 1297 1508 1337 firzectt.—ul:
1536 1302 1570 1326 Δ.
1583 1303 1648 1327 aut.

977 1347 1052 1376 Ver.
1069 1350 1141 1377 961.
1170 1348 1251 1381 Quo:
1281 1347 1316 1376 P.
1335 1347 1376 1377 V.
1392 1347 1439 1377 ed.
1458 1348 1493 1377 B.
1513 1348 1551 1378 O.
1569 1353 1604 1378 Δ.
1619 1355 1660 1379 Π.

935 1404 969 1430 Σ.
989 1402 1085 1439 quod:
1112 1409 1169 1428 nec
1184 1398 1282 1436 male;
1299 1399 1317 1429 i.
1335 1410 1362 1429 e.
1383 1399 1557 1429 secundum
1571 1402 1662 1440 quod.

935 1451 1046 1489 Porro,
1069 1450 1141 1481 dedi
1157 1461 1295 1490 operam,
1319 1457 1355 1480 ut
1369 1462 1424 1490 per
1439 1451 1665 1483 accuratiorem

935 1503 1149 1543 distinguendi
1162 1504 1314 1532 rationem
1325 1503 1435 1532 clan'or
1445 1503 1553 1533 evadat
1563 1504 1663 1542 po'etae

935 1566 1036 1593 mens,
1059 1566 1115 1594 pro
1131 1554 1259 1586 materia
1274 1556 1406 1586 minime
1421 1556 1504 1586 facili
1519 1562 1663 1596 tractatu,

937 1618 1000 1638 non
1025 1607 1198 1637 admodum
1227 1609 1370 1638 obscura:
1399 1611 1421 1626 “
1440 1608 1561 1638 Rerum
1590 1609 1664 1638 uni-

938 1663 958 1677 “
976 1659 1102 1689 versitas
1118 1658 1206 1689 nulla
1232 1670 1269 1688 ex
1295 1665 1382 1698 parte
1405 1659 1519 1690 finibus
1534 1660 1663 1690 conclu-

938 1713 960 1728 “
977 1710 1075 1748 ditur;
1099 1710 1148 1739 sin
1163 1709 1263 1746 aliter,
1281 1710 1509 1740 extremitatem
1525 1711 1663 1752 aliquam

939 1767 959 1781 “
976 1764 1087 1793 habeat
1109 1773 1232 1792 necesse
1258 1767 1311 1792 est.
1359 1763 1399 1792 In
1422 1769 1576 1803 quantum
1591 1774 1665 1794 vero

937 1818 956 1832 “
973 1824 1034 1844 usu
1063 1820 1154 1854 atque
1179 1812 1370 1853 experientia
1395 1813 1556 1853 docemur,
1583 1815 1664 1845 nulli

937 1872 958 1887 “
972 1868 1075 1899 dicere
1090 1878 1255 1907 possumus
1277 1878 1342 1898 esse
1357 1867 1401 1897 rei
1424 1868 1664 1908 extremitatem,

937 1923 959 1938 “
976 1920 1035 1951 nisi
1050 1919 1170 1949 desinat
1184 1919 1238 1948 illa
1253 1929 1312 1957 res,
1336 1924 1367 1949 et
1390 1919 1507 1959 aliquid
1529 1920 1568 1950 sit
1583 1920 1666 1950 ultra

938 1974 958 1988 “
976 1981 1045 2000 eam
1068 1971 1188 2011 jacens,
1214 1970 1299 2011 quod
1325 1970 1407 2000 oculi
1430 1971 1552 2001 valeant
1573 1983 1665 2002 usur-

938 2026 960 2040 “
976 2032 1060 2060 pare,
1082 2028 1112 2051 et
1127 2022 1209 2052 ultra
1223 2022 1307 2062 quod
1323 2028 1484 2060 penetrare
1498 2030 1664 2063 nequeant.

938 2076 959 2090 “
978 2073 1065 2102 Hinc
1089 2079 1195 2102 autem
1221 2072 1341 2112 liquido
1370 2078 1465 2111 patet,
1492 2074 1664 2104 absurdum

937 2126 958 2140 ‘⁶
974 2133 1039 2152 esse
1058 2133 1161 2152 rerum
1178 2128 1297 2152 naturae
1316 2123 1411 2152 finem
1427 2129 1571 2162 statuere,
1592 2126 1662 2165 qui-

938 2177 959 2191 “
976 2175 1035 2202 bus
1050 2184 1185 2213 nequeas
1200 2180 1376 2204 extremum
1390 2175 1517 2216 aliquod
1531 2178 1580 2208 vel
1594 2179 1663 2208 ani-

938 2229 958 2243 “
976 2235 1028 2255 mo
1059 2225 1219 2265 effingere,
1251 2225 1300 2254 vel
1329 2228 1522 2266 argumentis
1551 2230 1663 2269 quibus

939 2282 957 2294 “
974 2276 1047 2306 libet
1063 2276 1230 2306 declarare:
1258 2286 1342 2312 nam,
1369 2277 1395 2307 si
1421 2279 1521 2319 fingas
1535 2281 1594 2310 hoc
1610 2292 1664 2311 ex-

939 2332 960 2346 “
976 2334 1123 2365 tremum,
1147 2334 1201 2358 tua
1223 2328 1355 2368 objectio
1371 2331 1475 2360 statim
1491 2332 1663 2372 subruitur,

939 2384 960 2398 ‘⁶
977 2391 1076 2421 quum
1093 2390 1215 2410 necesse
1231 2380 1281 2417 sit,
1291 2386 1327 2410 ut
1342 2383 1462 2412 externi
1476 2383 1596 2424 aliquid
1611 2395 1663 2415 ex-

939 2436 960 2450 “
978 2439 1024 2462 tra
1039 2434 1098 2462 hoc
1115 2433 1220 2471 ipsum
1236 2439 1412 2463 extremum
1426 2434 1576 2466 locetur.''

981 2484 1061 2514 Ibid.
1083 2484 1187 2515 sensz‘ts
1212 2491 1326 2515 natura
1352 2493 1514 2526 sequatwr:
1551 2499 1664 2530 nempe

937 2535 1026 2567 visas.
1072 2536 1236 2576 Virgilius,
1255 2536 1329 2566 [En.
1341 2537 1402 2567 viii.
1419 2541 1491 2568 592.

969 2612 1045 2634 Stant
1057 2610 1162 2641 pavidae
1173 2611 1200 2634 in
1211 2610 1294 2634 muris
1304 2614 1412 2641 matres,
1420 2611 1549 2643 oculisque
1555 2620 1662 2645 sequun-

1060 2653 1104 2673 tur

970 2689 1126 2714 pulveream
1137 2690 1249 2719 nubem,
1260 2693 1287 2713 et
1297 2688 1424 2721 fulgentis
1435 2696 1490 2715 aere
1500 2693 1628 2715 catervas.

940 2755 1029 2785 Hinc
1056 2755 1172 2786 codicis
1200 2755 1366 2796 cujusdam
1400 2755 1491 2784 lectio
1523 2755 1661 2787 multum

939 2808 1102 2848 elegantiae
1132 2807 1314 2838 accenderet
1336 2806 1437 2837 versui
1462 2806 1496 2835 in
1521 2807 1596 2838 AEn.
1621 2809 1659 2839 vi.

939 2863 1010 2891 200.

970 2927 1108 2949 Pascentes
1118 2924 1172 2948 illae
1181 2926 1289 2948 tantum
1301 2923 1407 2954 prodire
1418 2923 1544 2954 volando,

972 2965 1111 2995 Quantum
1123 2965 1180 2989 acie
1191 2966 1297 2996 possent
1308 2962 1371 2987 oculi
1382 2970 1486 2990 servare
1495 2964 1625 2996 sequendo.
1667 2970 1672 2979 ⁷
