1894 3253
560 224 797 274 LIBER
845 223 1261 273 SECUNDUS.

1581 226 1673 268 309

194 364 277 401 650
310 359 399 401 Nec
419 357 525 400 bene
544 358 779 413 promeritis
800 357 976 413 capitur,
1008 372 1143 413 neque
1161 356 1346 413 tangitur
1365 355 1436 397 irz'i.

311 433 447 476 Terra
466 432 634 489 quidem
654 447 752 474 vero
773 439 884 474 caret
904 431 1019 472 omni
1039 439 1227 486 tempore
1247 445 1388 480 sensu3

314 508 413 559 Sed,
443 508 540 564 quia
560 506 780 549 multarum
803 506 961 562 potitur
979 506 1208 561 primordia
1228 520 1383 556 rerum,

310 583 464 632 Multa,
497 581 632 627 modis
652 582 805 632 multis,
839 579 964 623 ecfert
983 581 1028 621 in
1048 580 1206 623 lumina
1225 580 1333 625 solis.

312 656 439 707 Heic‚
475 657 508 697 si
530 657 620 713 quis
641 671 755 698 mare
777 655 1037 712 Neptunum,
1070 655 1350 711 Cereremque
1368 669 1516 697 vocare

190 736 272 773 655
306 731 540 773 Constituet
559 730 714 789 fruges,
742 739 783 772 et
805 730 961 774 Bacchi
982 729 1155 773 munine
1177 729 1291 772 abuti

163 888 253 920 Hinc
268 887 397 918 fortasse
418 886 624 928 corrigendus
639 894 685 918 est
705 888 847 919 senarius
863 889 897 920 in

163 939 348 978 Plutarcho,
372 939 519 970 adversus
533 939 690 978 Colotem‚
714 950 743 980 p.
764 943 855 971 1124.

202 1004 308 1031 ἘΚΑΣ
322 1015 374 1039 γαρ
389 1003 473 1035 ἔστ-ως,
494 1003 506 1030 o‘
517 1006 579 1032 Θεος
591 1003 689 1036 try-2952
699 1006 790 1036 βλεπει.

163 1058 273 1100 Vulgo
297 1058 425 1099 legitur,
457 1064 571 1093 Πελας.
615 1057 763 1089 Lucretio
795 1058 898 1089 conci-

160 1116 244 1142 nunt
262 1110 316 1141 illa
331 1110 493 1149 Enniana,
516 1110 551 1140 in
565 1110 629 1141 Cic.
644 1110 683 1141 de
698 1110 759 1141 div.
774 1111 808 1142 ii.
826 1114 877 1142 50.

192 1185 250 1217 Ego
266 1184 351 1210 deum
369 1189 452 1216 genus
469 1190 524 1209 esse
539 1190 646 1216 semper
662 1183 732 1215 dixi,
753 1188 781 1209 et
798 1185 898 1215 dicam,

273 1227 418 1257 coelitum;

191 1267 242 1293 Sed
256 1274 301 1293 eos
311 1274 366 1292 non
377 1273 471 1293 curare
479 1267 584 1300 opinor,
596 1269 660 1299 quid
670 1271 733 1300 agat
745 1268 896 1293 humanum

275 1313 371 1339 genus.

206 1371 282 1401 Ver.
299 1374 371 1402 649.
394 1371 490 1401 nihil.-
519 1376 560 1401 Π.
577 1372 636 1407 m'l,·
661 1376 697 1401 ut
712 1370 813 1412 major
827 1381 900 1411 pars

159 1422 314 1453 librorum
345 1421 526 1460 Claudiani,
553 1423 640 1452 hunc
663 1422 770 1454 locum
796 1424 898 1463 expri-

163 1473 280 1504 mentis
307 1473 342 1503 in
372 1473 510 1504 Virtutis
540 1474 696 1512 encomio,
734 1474 774 1505 ad
808 1475 899 1506 Mau.

165 1524 288 1556 Theod.
304 1534 388 1555 cons.
404 1528 434 1555 4.

193 1598 235 1622 Nil
249 1597 306 1628 opis
318 1599 444 1622 externae
456 1597 577 1629 cupiens,
593 1597 632 1621 nil
642 1597 733 1630 indiga
743 1598 839 1630 laudis,

193 1637 300 1662 Divitiis
310 1636 432 1661 animosa
442 1636 504 1667 suu,
521 1636 692 1668 immotaque
703 1639 808 1664 cunctis

193 1678 314 1708 Casibus,
330 1683 368 1702 ex
379 1677 433 1701 alta
444 1677 569 1702 mortalia
579 1678 692 1709 despicit
705 1685 777 1704 arce:

161 1746 193 1772 et
218 1741 413 1779 Lactantius,
448 1740 487 1771 de
513 1740 560 1771 ira
584 1741 659 1780 Dei,
692 1752 759 1782 cap.
797 1746 825 1773 8.
849 1743 903 1784 qui

161 1792 270 1823 locum
284 1792 432 1831 protulit3
456 1792 598 1832 quamvis
613 1798 644 1823 et
659 1793 728 1833 ejus
743 1795 904 1826 membra-

167 1853 217 1874 nce
233 1844 364 1874 varient.

213 1895 296 1926 Ibid.
321 1897 400 1926 nihil
423 1898 530 1936 indiga
554 1899 667 1927 nostri:
693 1902 729 1927 ut
745 1898 901 1936 Brennus,

171 1948 339 1978 Gallorum
362 1948 484 1986 ductor,
508 1948 593 1988 apud
619 1949 796 1989 Justinum,
821 1952 902 1983 xxiv.

168 2002 196 2029 6.
234 2002 256 2017 “
282 2000 508 2031 Deos—nullis
534 2002 640 2040 opibus
668 2012 766 2041 egere,
789 2008 826 2032 ut
848 2003 902 2043 qui

167 2055 191 2070 “
209 2061 260 2082 eas
275 2051 382 2092 largiri
404 2051 585 2082 hominibus
609 2052 741 2092 soleant,
764 2053 900 2085 affirma-

172 2106 194 2122 “
210 2103 298 2134 bat.”

211 2154 286 2184 Ver.
303 2157 375 2185 650.
397 2165 510 2195 neque.-
537 2155 580 2186 sic
597 2156 637 2186 V.
654 2156 704 2187 ed.
723 2161 758 2187 Δ.
778 2164 823 2188 Ω.
839 2168 899 2188 nu-

172 2204 268 2235 meris
278 2204 490 2237 vividioribus:
518 2207 630 2243 caeteri,
655 2219 718 2239 nec.

214 2256 296 2286 Ibid.
321 2257 535 2297 Corrigendus
554 2264 601 2289 est
617 2259 789 2296 Alnobius,
814 2259 866 2291 lib.
882 2261 903 2290 i.

171 2316 201 2344 p.
220 2309 269 2336 12.
295 2310 316 2324 “
335 2307 504 2345 Caeterum,
527 2309 570 2339 dii
587 2312 689 2348 vestri,
714 2316 754 2346 et,
775 2311 903 2351 quilia-

173 2360 195 2375 “
211 2358 295 2395 bere,
319 2359 374 2398 qui
385 2358 476 2395 ferre,
499 2361 638 2391 nominis
652 2362 747 2402 hujus
770 2364 904 2394 auctori-

174 2411 197 2426 “
213 2413 310 2438 tatem
326 2409 475 2450 condigni
490 2417 579 2449 sunt3
598 2422 700 2452 neque
715 2414 903 2454 irascuntur,

175 2461 197 2477 “
215 2468 316 2499 neque
327 2459 566 2500 indignantur.’‘
589 2463 688 2503 Lege,
713 2467 722 2482 ‘

175 2509 404 2542 anumus.

727 2470 735 2482 ‘
750 2464 794 2495 dii
809 2467 903 2498 veri.”

176 2561 228 2591 Ita
243 2568 274 2592 et
288 2562 354 2601 ipse
370 2563 499 2594 seorsim
513 2565 764 2603 emmdaveram,
787 2573 820 2598 et
834 2574 906 2599 ante

175 2622 234 2642 nos
249 2613 326 2643 olim
342 2614 472 2644 Fulvius
488 2615 633 2646 Ursinus.
667 2617 792 2655 Statius,
803 2619 904 2651 Theb.

174 2665 218 2695 iii.
235 2669 307 2697 659.
331 2667 371 2696 ad
395 2667 585 2706 Epicuream
607 2670 795 2701 sententiam
820 2671 906 2702 locu-

178 2722 229 2748 tus
244 2724 304 2748 est:

342 2777 451 2802 miseret
462 2778 603 2809 superum,
619 2779 642 2803 si
650 2780 772 2805 carmina
783 2786 868 2812 curae,

211 2816 400 2848 Humanaeque
411 2825 513 2849 preceS.

182 2863 245 2894 Ubi
268 2872 357 2898 vetus
384 2875 544 2899 enarrator
571 2880 677 2900 versus
703 2870 910 2902 Lucretianos

182 2915 362 2954 pravissime
374 2919 543 2960 descriptos
555 2921 687 2953 exhibet.
711 2922 910 2962 Plutarchus,

940 890 974 921 in
990 890 1124 931 Pyrrho,
1146 895 1219 921 sect.
1248 893 1300 920 520.
1327 888 1367 920 de
1390 889 1554 929 Epicureis
1578 892 1672 922 verba

944 943 1158 974 faciensz—eo
1174 942 1202 974 δε
1224 945 1288 974 θεων
1304 954 1450 974 αιτωτατο
1465 956 1598 985 χαριτος,
1621 957 1672 974 και

944 1010 1040 1038 ορνγκς,
1064 1010 1115 1026 και
1142 1008 1180 1026 τε
1201 1002 1298 1034 peram
1322 996 1410 1031 thum,
1435 1008 1469 1030 εις
1493 1007 1673 1038 απραγμανω

943 1052 1002 1084 βων
1017 1062 1068 1079 και
1082 1060 1187 1088 μίσγον
1204 1049 1352 1079 suffecerim
1369 1048 1577 1087 αποικιζοντες.
1624 1046 1672 1077 Si-

943 1099 1059 1131 militer
1074 1099 1233 1139 Epicurus
1248 1099 1325 1139 ipse,
1351 1098 1435 1138 apud
1459 1098 1555 1139 Diog.
1570 1098 1673 1129 La'e'rt.

942 1164 971 1184 X.
999 1156 1049 1184 77.
1073 1165 1090 1184 ε
1113 1166 1170 1195 γαρ
1196 1160 1360 1192 συμφωνεσι
1385 1164 1600 1194 πραγματειαι,
1623 1165 1674 1182 και

943 1205 1091 1247 φραντιδες,
1115 1218 1166 1235 και
1192 1217 1283 1245 οργαι,
1308 1217 1359 1234 και
1381 1216 1512 1246 χωρ-τες,
1533 1215 1673 1245 μακαρισ·

944 1270 1012 1290 *rom
1036 1257 1115 1298 (μετ’
1132 1256 1325 1298 αφθαιρσιας).

986 1309 1059 1339 Ver.
1076 1311 1149 1340 651.
1177 1310 1273 1339 Terra
1289 1309 1411 1348 quidem
1427 1319 1505 1346 vero,
1529 1308 1545 1341 ἦ
1562 1321 1604 1347 ayn
1625 1319 1675 1346 μεν

942 1361 989 1396 Bm:
1016 1371 1092 1391 nam
1106 1360 1220 1391 erravit
1237 1359 1327 1397 Pius,
1351 1360 1406 1401 qui
1430 1371 1497 1391 vero
1524 1359 1564 1390 ad
1585 1370 1674 1391 sensu

942 1413 1092 1445 retulerit.
1138 1413 1255 1443 Noster
1268 1412 1346 1452 ipse,
1362 1412 1382 1443 i.
1402 1415 1493 1444 1000.

1006 1474 1096 1498 Omne
1106 1472 1208 1505 quidem
1219 1479 1285 1496 vero
1296 1471 1362 1496 nihil
1373 1475 1426 1496 est:

944 1533 1003 1553 nec
1019 1522 1155 1553 Plautus
1169 1520 1309 1551 multum
1334 1520 1501 1560 discrepat,
1525 1519 1616 1552 Asin.
1632 1519 1678 1550 iii.

944 1577 974 1605 5.
991 1576 1042 1606 55.

1006 1634 1063 1665 Ego
1074 1639 1151 1662 vero,
1167 1635 1194 1657 et
1204 1630 1305 1664 quidem
1316 1630 1412 1663 edepol
1422 1629 1525 1656 lubens.

991 1684 1064 1715 Ver.
1081 1687 1153 1715 652.
1176 1686 1251 1715 Sed:
1277 1683 1320 1714 sic
1343 1688 1378 1715 Σ.
1403 1690 1448 1714 Ω.
1473 1681 1585 1722 reliqui
1606 1691 1675 1712 om-

947 1747 1015 1775 neS‚
1032 1738 1093 1767 Et:
1118 1736 1203 1777 quod
1214 1735 1305 1765 facile
1314 1744 1333 1765 a
1344 1737 1402 1771 Set,
1419 1740 1455 1765 ut
1465 1734 1539 1764 alibi
1553 1733 1676 1773 saepius,

948 1789 1151 1820 deminutum
1165 1794 1225 1825 est;
1241 1787 1330 1817 aliter
1341 1789 1386 1818 At
1401 1792 1481 1817 esset
1494 1786 1527 1816 in
1540 1785 1677 1825 proclivi.

990 1840 1073 1872 Ibid.
1092 1842 1212 1880 potitur
1221 1841 1406 1879 primordia.
1452 1838 1504 1868 Ita
1519 1837 1595 1868 alias
1610 1838 1676 1868 Lu-

946 1893 1061 1925 cretius
1085 1892 1156 1932 plus
1178 1891 1275 1922 semel
1298 1901 1372 1921 cum
1395 1896 1507 1931 quarto
1530 1900 1605 1920 casu
1618 1890 1678 1920 hoc

946 1947 1079 1977 verbum
1095 1944 1221 1982 extulit3
1238 1950 1269 1974 et
1284 1943 1429 1982 Plautus,
1447 1942 1531 1973 Rud.
1548 1942 1569 1972 i.
1583 1945 1613 1973 5.
1630 1944 1659 1973 7.

977 2017 1045 2040 Nam
1063 2015 1117 2040 hoc
1136 2014 1204 2039 mihi
1221 2014 1294 2039 haud
1311 2013 1397 2038 labori
1413 2015 1453 2038 est
1473 2012 1583 2037 lahorem
1604 2011 1678 2037 hunc

1051 2054 1128 2087 potiri
1138 2063 1147 2079 .·

946 2123 1021 2144 cum
1036 2111 1198 2150 Terentio,
1224 2110 1359 2150 Adelph.
1374 2120 1401 2141 v.
1417 2113 1445 2140 4.
1464 2112 1512 2142 17.

962 2180 1047 2205 —ille
1058 2179 1126 2204 alter
1136 2179 1193 2204 sine
1204 2178 1295 2204 labore
1306 2178 1392 2210 patria
1401 2177 1499 2210 potitur
1509 2176 1636 2201 commoda
1647 2184 1656 2200 .·

948 2232 1004 2263 ubi
1013 2232 1119 2262 videas
1131 2232 1306 2262 Donatum.
1338 2230 1427 2260 Hinc
1441 2230 1611 2260 Maronem
1619 2227 1679 2257 du.-

947 2284 1022 2324 plici
1037 2284 1171 2314 ablativo
1186 2283 1254 2313 sine
1269 2282 1387 2323 gratiis,
1404 2288 1435 2312 et
1449 2287 1544 2311 tantae
1560 2279 1680 2320 ingenii

948 2336 1114 2376 elegantiae
1139 2335 1246 2364 minus
1270 2333 1517 2370 accommodato,
1540 2331 1680 2362 libentis-

949 2389 1029 2418 sime
1052 2387 1229 2422 liberarem,
1258 2386 1299 2416 ad
1325 2387 1404 2416 AEn.
1431 2385 1475 2415 iii.
1503 2388 1553 2416 55.
1576 2389 1618 2421 et,
1640 2393 1680 2413 ne

949 2439 1134 2470 Lucretium
1149 2438 1183 2468 in
1197 2439 1256 2468 hac
1276 2448 1321 2475 re,
1345 2444 1381 2467 ut
1395 2437 1429 2466 in
1445 2436 1565 2467 caeteris
1578 2434 1680 2465 omni-

948 2493 1019 2529 buS,
1043 2490 1159 2520 imitari
1178 2489 1314 2520 noluisse
1329 2489 1484 2518 videatur:

1176 2557 1339 2588 Polydorum
1351 2556 1507 2583 obtruncat,
1523 2556 1551 2577 et
1562 2558 1656 2576 aurum

981 2599 1014 2622 Vi
1020 2598 1119 2630 potitur
1127 2607 1135 2622 :

951 2654 972 2685 i.
990 2665 1017 2686 e.
1040 2666 1160 2692 aur-om,
1187 2658 1274 2690 aur65
1299 2653 1384 2683 unde
1398 2650 1587 2691 corruptela:
1613 2648 1682 2680 vide

952 2717 1055 2746 supra,
1072 2706 1112 2736 ad
1126 2716 1187 2736 ver.
1205 2709 1277 2737 596.
1296 2705 1440 2740 Ovidius,
1457 2704 1528 2734 fast.
1545 2703 1590 2733 iii.
1604 2706 1655 2732 21.

982 2774 1052 2796 Mars
1070 2772 1145 2797 videt
1165 2771 1247 2802 hanc,
1263 2771 1403 2803 visamque
1423 2770 1510 2803 cupit,
1531 2768 1680 2802 potiturque

1060 2815 1171 2843 cupttam
1181 2819 1190 2835 :

954 2870 994 2901 ad
1009 2881 1103 2911 quem
1121 2881 1244 2900 versum
1260 2869 1338 2900 mihi
1360 2869 1462 2900 otium
1475 2868 1598 2899 faciunt
1612 2875 1681 2896 eru-

955 2922 1028 2953 ditae
1053 2922 1336 2953 animadversiones
1364 2921 1558 2952 Heinsianae.
1602 2916 1683 2948 Inde
