1894 3253
691 291 1143 333 ARGUMENTA.
1534 298 1667 338 xxxiii

166 418 380 474 quadrata,
402 417 592 473 quaedam
613 416 746 466 laevia,
767 425 807 456 et
827 415 904 456 alia
924 431 1082 471 aspera,
1104 416 1284 467 hamata,
1306 418 1381 458 Sec.
1404 418 1574 475 fuseque
1595 436 1661 462 os-

164 493 309 542 tendit,
328 507 421 547 quae
442 491 588 548 figurae
604 505 758 540 amara,
776 505 870 545 quae
891 490 1040 540 dulcia,
1057 506 1150 547 quae
1171 491 1291 543 dura,
1307 507 1401 548 quae
1422 493 1559 534 mollia
1572 509 1664 535 cor-

161 582 279 622 pora,
306 574 576 622 componunt,
608 565 661 605 ad
692 579 773 604 ver.
796 567 891 604 476.
954 564 1037 605 IX.
1071 565 1199 606 Hanc
1229 566 1458 623 figurarum
1489 570 1663 610 varieta-

160 650 244 682 tem
277 656 363 682 non
384 655 468 681 esse
489 639 710 688 infinitam,
743 638 899 679 semina
929 646 1068 679 tamen
1089 639 1272 694 ejusdem
1302 642 1448 699 figurae
1477 642 1661 694 infinita3

159 729 307 771 nempe
328 714 508 756 rotunda
525 729 610 755 esse
630 712 807 763 infinita,
831 712 1048 769 quadrata,
1080 713 1158 755 διό.
1182 714 1236 755 ad
1257 730 1339 756 ver.
1363 723 1458 759 580.
1492 718 1549 760 X.
1572 718 1661 760 De-

157 804 272 831 mum
292 789 485 839 ostendit,
518 804 581 830 res
602 803 687 829 non
707 789 902 843 componi
933 803 956 829 e
976 788 1199 829 seminibus
1220 790 1400 844 ejusdem
1422 792 1567 849 figurae
1575 811 1587 843 3
1621 802 1661 835 et

154 865 275 906 variis
295 865 547 921 argumentis
567 864 732 919 probat,
755 870 948 904 concreta
978 864 1117 904 omnia
1137 865 1345 906 variarum
1377 867 1533 908 semina
1553 868 1661 924 figu-

153 954 293 981 rarum
314 940 540 989 continere,
563 938 616 979 ad
647 953 729 979 ver.
753 940 848 979 728.
911 937 995 979 XI.
1026 938 1194 980 Deinde
1224 939 1359 990 docet,
1382 942 1539 983 semina
1569 942 1660 983 nul-

152 1012 210 1054 las
230 1013 382 1054 habere
412 1013 641 1069 qualitates,
673 1027 773 1067 quas
805 1011 1011 1052 sensibiles
1041 1027 1255 1063 vocamus5
1289 1014 1469 1056 colorem
1500 1016 1658 1072 utique,

151 1102 356 1143 saporem,
377 1087 522 1144 frigam,
545 1087 738 1136 calorem,
771 1086 845 1127 &c.
870 1086 983 1136 item,
1018 1101 1138 1127 sensu
1159 1102 1244 1128 non
1267 1088 1436 1139 donari3
1470 1091 1658 1145 quamvis

149 1177 213 1203 res
234 1162 442 1212 coloratae,
460 1161 629 1217 sapidae,
652 1160 810 1209 calidae,
835 1159 1014 1216 frigidae,
1039 1169 1079 1201 ct
1095 1162 1316 1212 sensibiles,
1341 1177 1395 1203 ex
1416 1164 1464 1203 iis
1486 1179 1657 1219 compo-

148 1245 315 1286 nantur,
338 1236 390 1277 ad
411 1251 495 1276 ver.
526 1240 645 1275 1021.
698 1235 805 1276 ΧΙΙ.
839 1235 1039 1285 Demum,
1063 1236 1226 1277 infinita
1246 1237 1402 1277 semina
1421 1252 1495 1292 per
1516 1237 1656 1278 infini-

147 1319 236 1352 tum
256 1312 379 1351 inane
398 1309 612 1350 volitantia
640 1308 824 1349 infinitos
855 1309 1033 1350 mundos
1064 1312 1328 1362 constituere,
1361 1327 1512 1368 eosque
1532 1327 1654 1353 mun—

146 1385 221 1426 dos
242 1385 383 1442 augeri
404 1384 625 1440 aliquando
646 1400 671 1425 a
691 1384 914 1425 seminibus
944 1399 996 1425 ex
1019 1385 1182 1426 infinito
1204 1386 1376 1441 delapsis
1384 1405 1396 1436 ;
1430 1386 1655 1443 aliquando

145 1460 284 1510 etiam,
307 1458 561 1500 avolantibus
581 1459 625 1498 in
641 1457 851 1499 infinitum
873 1458 1112 1509 seminibus,
1131 1459 1318 1501 deminui
1339 1468 1379 1501 et
1392 1461 1572 1502 dissolvi:
1605 1470 1654 1503 ut

143 1533 296 1588 plantae
327 1542 367 1574 et
397 1533 590 1574 animalia
618 1542 860 1583 nascuntur,
893 1533 1146 1584 adolescunt,
1179 1544 1410 1586 senescunt,
1443 1544 1484 1578 et
1504 1536 1652 1578 ordine

145 1623 219 1650 suo
239 1607 407 1650 demum
428 1609 655 1657 intereunt3
690 1623 818 1664 usque
838 1608 891 1649 ad
911 1607 1038 1649 finem
1057 1608 1163 1650 libri.

406 1830 500 1881 IN
552 1827 902 1882 LIBRUM
954 1829 1367 1883 TERTIUM.

197 2049 554 2101 HACTENUS,
586 2050 747 2091 duobus
768 2065 918 2105 nempe
934 2050 1213 2106 superioribus
1234 2051 1362 2102 libris,
1386 2061 1578 2095 naturam
1599 2065 1640 2098 et

135 2124 384 2175 affectiones,
407 2140 508 2181 quas
528 2125 717 2176 dicimus,
740 2133 990 2176 atomorum,
1013 2126 1091 2167 rite
1110 2125 1333 2182 explicasse
1352 2128 1428 2169 sibi
1450 2130 1558 2170 visus
1579 2139 1640 2172 est

132 2201 267 2255 poe'ta.
315 2199 439 2241 Nunc
460 2208 637 2256 quatuor
658 2200 822 2256 reliquis
838 2200 951 2241 libris
971 2216 1033 2250 ea,
1056 2215 1151 2256 quae
1172 2216 1224 2241 ex
1239 2202 1386 2242 atomis
1406 2203 1491 2243 istis
1512 2203 1634 2254 fiunt,

133 2275 328 2315 attentius
348 2275 594 2330 speculatur:
627 2284 765 2331 atque,
789 2276 849 2317 uti
870 2291 946 2331 par
965 2276 1056 2326 fuit,
1078 2276 1234 2331 primas
1255 2276 1404 2317 detulit
1423 2287 1561 2332 partes
1591 2294 1635 2319 a-

130 2349 255 2389 nimae
275 2357 316 2390 et
335 2351 490 2401 animo,
519 2351 571 2392 de
592 2352 739 2406 quibus
769 2351 849 2392 hoc
878 2359 966 2392 toto
996 2351 1102 2392 libro
1124 2352 1214 2406 jam
1243 2351 1437 2406 disputat.
1500 2352 1633 2395 Hunc

130 2431 268 2464 autem
297 2426 530 2479 auspicatur
549 2426 700 2467 librum
721 2427 773 2467 ab
796 2426 967 2481 Epicuri
987 2426 1191 2476 laudibus,
1223 2441 1346 2482 quem
1367 2442 1392 2467 a
1412 2441 1493 2467 ver.
1522 2431 1555 2466 1.
1578 2427 1632 2468 ad

129 2511 213 2538 ver.
244 2502 311 2538 94.
332 2499 532 2553 praedicat
560 2501 742 2555 primum
773 2500 974 2550 docuisse,
1006 2514 1092 2541 non
1114 2516 1138 2541 a
1157 2500 1252 2550 deo,
1285 2500 1356 2540 sed
1386 2515 1439 2540 ex
1457 2500 1630 2543 fortuito

127 2580 361 2613 atomorum
382 2587 599 2624 concursu,
622 2574 825 2616 mundum
841 2574 968 2625 hunc,
990 2583 1031 2616 et
1052 2575 1193 2615 omnia
1211 2574 1333 2615 fuisse
1346 2573 1471 2624 facta3
1505 2583 1628 2631 atque

126 2645 223 2687 inde
242 2645 460 2688 hominum
490 2656 646 2690 mentes
667 2665 691 2689 a
711 2649 899 2700 deorum,
922 2650 1081 2699 mortis,
1104 2657 1143 2690 et
1163 2662 1381 2703 poenarum
1400 2657 1494 2704 post
1514 2664 1626 2691 mor-

124 2726 224 2770 tem,
246 2730 359 2762 metu
388 2722 592 2763 liberasse:
624 2721 704 2763 hoc
725 2732 862 2765 autem
892 2738 998 2764 unus
1021 2722 1226 2777 Epicurus
1250 2722 1419 2763 feliciter
1437 2723 1622 2778 perfecit,

125 2794 237 2850 quod
256 2795 323 2836 alii
343 2795 578 2851 philosophi
606 2796 757 2838 flustra
786 2798 922 2838 conati
944 2805 1050 2838 sunt.
1114 2796 1254 2837 Pauca
1283 2796 1374 2838 haec
1394 2797 1446 2838 de
1468 2797 1622 2852 Epicu-

124 2881 172 2909 ro
200 2869 410 2924 praefamS,
432 2869 553 2913 docet
573 2886 598 2912 a
621 2886 703 2912 ver.
734 2877 804 2913 94.
829 2872 883 2913 ad
910 2886 992 2912 ver.
1028 2872 1118 2912 137.
1156 2871 1342 2913 animum
1371 2878 1412 2913 et
1439 2872 1620 2914 animam

237 2942 345 2985 vot.
378 2943 412 2985 Ι.
847 2960 870 2986 c
