1894 3253
617 248 850 299 LIBER
897 245 1206 296 PRIMUS.

1604 251 1665 292 89

364 383 495 426 Hunc
516 383 642 441 igitur
662 392 862 424 terrorem
884 379 1013 422 animi
1033 378 1302 434 tenebrasque
1323 391 1486 419 necesse
1507 384 1566 418 est

277 458 376 500 Non
396 458 523 500 radici
545 458 637 500 solis
658 472 791 513 neque
811 455 946 497 lucida
967 454 1046 496 tela
1066 454 1149 495 diei

188 599 249 630 Jam
260 597 338 622 simul
350 601 380 622 ut
391 603 487 628 supero
496 603 524 620 se
534 599 612 620 totum
625 594 728 619 lumine
739 595 843 619 Cancer

191 638 307 667 Extulit,
319 637 460 668 extemplo
471 635 543 661 cedit
555 635 660 667 delapsa
672 641 781 664 corona,

189 679 222 702 Et
233 678 291 703 loca
302 677 414 702 corn-isit
424 676 509 702 cauda
520 680 598 701 tenus
607 675 692 700 infera
703 675 807 706 puppis.

158 734 267 775 Vulgo
282 733 397 774 legitur
411 739 481 771 toto,
494 731 681 763 intolerabili
694 732 786 772 plane
799 745 890 763 naxo-

158 794 255 828 φωνιᾳ.
299 787 343 816 Et
358 785 469 816 erroris
485 784 635 815 facillima
650 791 697 815 est
712 784 890 815 declarandi

155 839 243 869 ratio.
290 838 477 878 Antiquitus
500 837 691 868 scribebatur
719 837 828 878 utique
843 844 887 868 to-

152 897 223 927 tom,
240 896 271 921 et
286 890 507 930 compendiose
521 893 599 921 toto:
626 889 723 928 unde,
747 889 891 930 neglecta

152 942 309 973 incuriose
324 941 459 984 virgula,
477 947 532 972 aut
547 941 643 972 etiam
659 940 822 972 obliterata
837 952 888 972 ve-

153 995 278 1025 tustatis
293 995 366 1033 situ,
379 995 532 1024 librorum
545 993 687 1033 provenit
698 993 887 1033 depravatiO.

155 1048 207 1078 De
222 1049 282 1078 hoc
297 1047 409 1078 erroris
424 1046 582 1077 uberrimo
598 1046 697 1084 fonte,
720 1046 790 1077 w'de
807 1047 889 1077 Bur-

156 1110 264 1131 mann.
283 1099 324 1130 ad
340 1099 472 1130 Anthol.
489 1100 558 1130 Lat.
570 1099 588 1129 i.
598 1110 628 1138 p.
645 1103 674 1130 6.
690 1109 748 1129 nec
761 1099 890 1129 fortasse

153 1152 238 1183 male
252 1152 376 1183 fecisset
391 1152 502 1190 editor,
525 1152 579 1192 qui
602 1153 684 1182 hanc
704 1151 889 1190 scripturam

154 1215 211 1243 per
227 1210 330 1235 totum
345 1204 531 1234 Lucretium
547 1203 739 1233 restituisset.

199 1256 274 1287 Ver.
294 1259 362 1286 148.
385 1257 445 1286 teca
462 1256 542 1284 diei:
569 1254 638 1283 vide
654 1263 711 1283 nos
724 1253 764 1283 ad
779 1253 890 1292 Eurip.

157 1307 253 1338 Herc.
268 1307 329 1337 fur.
348 1309 439 1337 1095.
478 1304 595 1345 Figura
611 1316 687 1334 usus
703 1310 748 1335 est
765 1304 889 1334 Marius

156 1358 279 1396 Victor,
296 1367 411 1388 comm.
434 1356 468 1386 in
487 1367 559 1396 gen.
575 1356 594 1386 i.
622 1359 692 1386 101.
717 1355 807 1396 cnjus
821 1366 889 1385 ver-

151 1410 252 1448 siculi,
269 1409 509 1451 exquisitissima
525 1419 599 1439 sane
612 1408 743 1447 respersi
759 1407 885 1448 elegan-

150 1461 206 1501 tia,
221 1462 321 1492 vitiati
336 1462 487 1503 leguntur
501 1460 586 1500 apud
605 1459 781 1498 Maittaire‚
801 1470 885 1498 corp.

153 1514 248 1553 po'ett.
267 1513 321 1544 sed
335 1514 465 1544 fortasse
481 1522 647 1552 operarum
661 1511 887 1542 tantummodo

154 1564 289 1603 incuria,
313 1575 388 1595 nam
403 1564 465 1595 alia
480 1563 575 1594 editio
590 1574 655 1594 non
671 1563 760 1593 nobis
773 1573 888 1603 suppe-

152 1618 206 1648 tit:

185 1677 304 1702 Floribus
315 1676 432 1701 aetheriis
444 1676 530 1700 varios
543 1675 650 1700 vibrare
663 1675 775 1704 colores,

182 1717 214 1740 Et
226 1716 311 1747 magis
323 1716 422 1740 ornatis
433 1722 460 1740 se
471 1715 640 1746 resplendere
653 1714 780 1743 tenebris,

182 1755 290 1780 Caerula
301 1758 359 1780 Nox
369 1754 487 1786 stupuit3
500 1754 585 1778 rutilis
595 1754 661 1777 dum
673 1753 768 1785 spicula
771 1751 886 1783 flammis

184 1795 252 1819 Fusa
263 1795 377 1819 micant.

155 1843 236 1878 Quis
264 1849 371 1872 antem
398 1842 431 1871 in
461 1843 520 1871 1130
545 1840 648 1880 figurzi
674 1839 885 1870 Prudentium

151 1892 325 1932 superauit?
351 1892 391 1922 ad
407 1892 590 1932 Hamartig.
611 1895 660 1921 86.

181 1961 246 1989 Aut,
258 1960 279 1983 si
290 1959 363 1984 fusca
376 1959 468 1990 poium
480 1959 591 1983 suffudit
604 1958 672 1990 palla
685 1965 821 1987 serenum,

183 2000 325 2032 Oppositus
338 2000 442 2029 quoties
453 1999 583 2023 radiorum
595 1998 690 2030 spicula
705 1998 812 2021 nimbus

182 2041 248 2071 Igne
260 2045 412 2070 repercusso
424 2038 553 2062 mentitos
565 2038 665 2069 spargit
678 2038 704 2061 in
717 2038 793 2062 orbes
805 2045 810 2061 :

151 2098 172 2128 i.
187 2107 212 2127 e.
229 2096 273 2126 ita
287 2096 416 2136 spargit,
433 2097 609 2138 utflclitz'os
625 2095 792 2125 efforment
803 2097 886 2126 soles.

154 2148 311 2186 Interpres
328 2157 393 2177 non
407 2147 575 2177 intellexit:
602 2147 656 2187 qui
672 2147 809 2177 laudavit
827 2147 887 2177 Ca-

150 2201 247 2230 them.
263 2199 293 2228 ii.
310 2202 338 2230 5.
362 2198 448 2229 haud
458 2199 565 2228 minus
576 2198 755 2238 elegantem
771 2198 886 2228 locum.

152 2250 359 2289 —Expressit
395 2256 538 2280 nostrum
574 2250 750 2280 imitatione
781 2249 888 2279 minus

153 2301 303 2342 ambigua
320 2303 495 2339 Ausonius,
514 2301 639 2332 Mosen.
657 2305 730 2333 269.

215 2359 359 2383 Exsultant
371 2360 433 2383 udae
445 2367 524 2391 super
535 2360 607 2384 arida
619 2367 684 2384 saxa
696 2360 808 2392 rapinae,

218 2397 381 2428 luciferique
393 2403 493 2430 pavent
504 2399 593 2423 letalia
604 2399 651 2423 tela
664 2399 723 2423 diei.

157 2449 263 2483 Quem
278 2447 385 2477 locum
401 2454 432 2477 et
448 2449 607 2478 Lambino
629 2448 796 2478 laudatum
819 2457 887 2477 esse

156 2500 256 2530 scrius
272 2499 421 2529 intellexi.

201 2551 282 2582 Ibid.
316 2553 454 2582 tenebras
478 2553 661 2582 Discutiunt
683 2553 788 2582 lucida
815 2552 887 2581 tela.

156 2605 257 2634 Hunc
268 2603 374 2633 locum
391 2603 423 2632 in
440 2603 538 2633 oculis
553 2604 674 2641 habuit,
690 2603 811 2642 opinor,
830 2602 886 2632 Se-

155 2667 233 2686 neca
262 2657 319 2686 sub
342 2655 439 2685 finem
465 2656 553 2694 epist.
582 2655 630 2685 cii.
662 2659 683 2673 “
703 2654 888 2695 Aliquando

155 2711 177 2726 “
195 2710 331 2739 Natura:
347 2708 402 2737 tibi
418 2718 530 2737 arcana
539 2711 729 2747 retegentur,
742 2709 886 2738 discutie-

155 2762 178 2778 “
193 2766 246 2790 tur
260 2760 319 2790 ista
333 2761 444 2799 caligo,
464 2765 495 2789 et
509 2761 561 2789 lua:
571 2758 710 2798 undique
721 2757 805 2788 clara
815 2770 888 2798 per-

157 2814 179 2828 “
195 2813 297 2842 cutiet.
344 2811 525 2852 Imaginare
541 2817 658 2848 tecum,
683 2815 820 2850 quantus
835 2811 888 2842 ille

156 2865 179 2880 “
196 2862 236 2891 sit
249 2862 366 2903 fulgor,
393 2869 439 2893 tot
455 2863 605 2894 sideribus
621 2863 702 2892 inter
725 2873 757 2892 se
778 2862 888 2893 lumen

158 2915 180 2930 “
196 2912 429 2946 miscentibus?

245 2963 333 2994 V01..
358 2965 386 2996 I.

475 2915 520 2946 Et
545 2927 734 2955 αποσπασμα
739 2927 794 2946 των
816 2925 888 2955 pro·

934 593 1058 624 ductius
1085 591 1159 622 dare
1188 591 1285 629 volui,
1309 597 1345 621 ut
1366 590 1441 622 inde
1463 590 1665 621 confirmetur

934 652 1057 685 recepta
1070 645 1162 675 lectio
1177 644 1216 674 ad
1233 644 1263 674 ii.
1281 648 1351 674 804.
1368 643 1422 674 ubi
1435 654 1492 674 nos
1506 643 1665 674 uberiores

933 696 1139 734 effundimur,
1166 701 1275 725 contra
1303 695 1438 725 Bentleii
1470 695 1663 726 emendatio-

934 759 1017 779 nem.
1064 748 1118 779 Ad
1132 748 1239 778 locum
1255 753 1286 777 te
1298 747 1435 786 recipias.
1481 748 1557 777 Huc
1569 747 1664 777 etiam

933 802 1131 832 convertebat
1147 800 1257 830 oculos
1273 799 1439 839 Virgilius,
1457 809 1525 839 geo.
1538 799 1580 829 iii.
1590 802 1664 831 557.

946 863 1022 886 Tum
1031 861 1067 886 sol
1077 860 1198 893 pallentis
1210 859 1281 884 haud
1294 866 1425 891 umquam
1438 858 1538 883 discutft
1551 858 1662 884 umbras.

934 911 974 940 In
990 909 1147 941 immensa
1163 914 1269 938 autem
1286 908 1416 939 materie
1432 908 1574 939 locorum
1584 910 1666 940 hanc

933 961 1122 1001 elegantiam
1137 960 1324 1000 attingente,
1348 960 1420 990 satis
1442 960 1481 990 sit
1496 970 1598 990 unum
1614 961 1664 991 in-

933 1022 1026 1051 super
1060 1011 1197 1042 Homeri
1222 1011 1410 1042 versiculum
1440 1018 1666 1052 pervenustum

935 1065 1112 1102 adduxisse,
1131 1064 1194 1095 Od.
1212 1070 1244 1094 E.
1261 1068 1336 1096 479.

973 1129 1035 1154 Ουδε
1048 1127 1101 1154 τοτ’
1115 1133 1190 1157 *amoq
1201 1128 1290 1161 φκεθων
1311 1129 1463 1154 ΑΚΤΙΣῙΝ
1484 1129 1654 1155 ΕΒΑΛΛΕΝ.

935 1183 1009 1212 Hac
1037 1188 1145 1211 tamen
1174 1182 1336 1211 occasione
1365 1191 1472 1210 versus
1500 1181 1665 1221 quosdam,

934 1234 1060 1274 egregia
1081 1233 1213 1273 hujusce
1235 1232 1345 1272 figurae
1372 1231 1517 1270 exempla
1545 1231 1667 1271 dantes,

934 1285 1099 1326 insigniter
1129 1284 1324 1323 depravatos,
1355 1289 1438 1314 recte
1461 1284 1664 1324 constituam,

932 1343 963 1367 et
978 1336 1247 1367 emendatissimos
1263 1335 1425 1366 exhibebo.
1464 1335 1578 1366 Avieni
1594 1346 1667 1367 vero

932 1395 1006 1419 sunt
1020 1388 1054 1418 in
1067 1387 1159 1419 Arati
1174 1387 1392 1428 prognosticiS,
1408 1397 1472 1417 ver.
1494 1389 1584 1418 1566.

962 1455 1012 1480 Sed
1024 1461 1088 1484 non,
1100 1461 1145 1478 ora
1157 1461 1225 1479 cavo
1235 1453 1336 1483 similis,
1348 1453 1494 1484 medioque
1505 1454 1632 1478 recedens

962 1495 1032 1519 Orbe
1044 1494 1128 1525 quasi,
1140 1494 1182 1518 vel
1194 1494 1215 1517 si
1226 1493 1313 1517 radios
1321 1493 1480 1525 discingitur
1489 1493 1572 1523 ultro,

964 1535 1033 1567 Figat
1044 1539 1074 1559 ut
1086 1534 1229 1559 australem
1243 1538 1368 1566 porrecto
1380 1534 1459 1558 sidere
1471 1537 1588 1566 partem,

964 1576 1019 1599 Aut
1030 1574 1120 1598 boreae
1133 1574 1210 1605 rigidi
1213 1573 1346 1605 jaculetur
1357 1573 1451 1597 lumine
1462 1573 1545 1606 signa,

964 1616 997 1638 Et
1007 1617 1090 1638 vento
1103 1617 1131 1638 et
1140 1613 1236 1645 pluviis
1248 1613 1370 1645 reparata
1382 1613 1409 1637 in
1421 1613 1480 1638 luce
1489 1613 1601 1638 carebit.

931 1671 1058 1712 ango3
1086 1672 1170 1706 Orbe,
1198 1671 1290 1710 quasi
1303 1671 1364 1704 veh
1391 1674 1422 1699 et
1437 1671 1566 1699 lunu'm‘s
1581 1672 1663 1708 igne.

930 1724 1049 1752 Veram
1076 1722 1110 1751 in
1132 1722 1234 1760 priore
1257 1721 1326 1750 loco
1341 1720 1574 1750 distinctionem
1589 1719 1668 1750 vidit

930 1774 1025 1803 etiam
1044 1772 1186 1809 Grotius,
1213 1771 1268 1800 sed
1284 1770 1497 1800 infelicissime
1513 1770 1664 1800 emenda-

930 1827 981 1855 bat
997 1836 1046 1855 ονε
1061 1825 1168 1864 quasi:
1195 1823 1246 1853 adi
1262 1823 1352 1863 Virg.
1369 1833 1439 1862 geo.
1456 1822 1474 1853 i.
1491 1826 1566 1852 442.

974 1876 1048 1906 Ver.
1069 1879 1137 1906 149.
1187 1876 1325 1904 iVaturae
1339 1875 1460 1913 species.
1505 1873 1664 1903 Naturam

930 1927 1046 1957 scilicet
1069 1925 1238 1966 magnifice
1268 1937 1486 1967 πςαςωτοπωει,
1509 1931 1546 1954 ut
1570 1936 1664 1964 supra

932 1978 1143 2018 Religionem,
1166 1986 1228 2006 ver.
1245 1980 1295 2007 64.
1319 1978 1437 2016 Species
1463 1986 1539 2016 ergo
1551 1976 1662 2017 forma

930 2037 986 2068 est,
1004 2029 1052 2060 vel
1065 2031 1176 2070 imago,
1189 2035 1224 2059 ut
1234 2038 1346 2068 nuper,
1363 2039 1428 2059 ver.
1446 2032 1516 2058 126.
1534 2029 1666 2059 Ilomeri

931 2085 1068 2122 speciem.

933 2135 1104 2172 Caeternm,
1126 2133 1160 2163 in
1177 2133 1228 2163 Pii
1243 2132 1380 2163 editione
1396 2132 1435 2162 ad
1450 2133 1533 2162 hanc
1549 2143 1663 2163 nume-

931 2197 1038 2216 rorum
1054 2186 1165 2216 seriem
1177 2185 1386 2225 disponuntur
1395 2195 1513 2214 versus:
1534 2195 1581 2214 vv,
1595 2188 1664 2216 149.

935 2240 1004 2269 152.
1031 2241 1100 2269 153.
1128 2240 1197 2268 154.
1218 2239 1287 2268 155.
1315 2239 1387 2268 159.
1407 2239 1477 2267 150.
1504 2238 1573 2266 151.
1594 2237 1664 2266 156.

936 2293 1005 2321 157.
1024 2293 1092 2320 158.
1113 2293 1184 2320 160.

975 2342 1051 2371 Ver.
1071 2344 1140 2372 150.
1164 2341 1346 2370 Verborum
1362 2340 1397 2369 in
1412 2340 1472 2369 hoc
1487 2349 1578 2369 versu
1593 2338 1666 2370 talis

931 2393 1094 2423 exhibetur
1108 2391 1186 2422 ordo
1200 2392 1381 2432 vulgaribus
1396 2390 1602 2421 editionibus:

961 2451 1121 2483 Principium
1133 2451 1195 2475 hinc
1208 2450 1282 2481 cujus
1294 2449 1368 2473 nobis
1379 2448 1491 2474 exordia
1502 2450 1607 2472 sumet:

932 2511 995 2541 quo
1010 2499 1085 2540 quid
1107 2499 1273 2536 turbatius,
1300 2505 1394 2538 atque
1415 2496 1517 2536 magis
1539 2496 1662 2525 incom-

931 2551 1079 2590 positum,
1095 2550 1210 2590 sperari
1225 2547 1343 2588 possit?
1371 2546 1531 2582 Rationes,
1550 2546 1665 2586 quibus

931 2602 997 2631 nixi
1012 2613 1133 2640 sumus,
1150 2602 1184 2630 in
1200 2600 1300 2630 verbis
1312 2598 1401 2628 aliter
1411 2596 1598 2637 digerendis,
1614 2596 1666 2627 vel

930 2653 1094 2683 validiores
1114 2653 1262 2682 videntur
1286 2660 1362 2687 esse,
1389 2659 1486 2689 quam
1508 2659 1578 2689 quae
1607 2648 1664 2679 tali

931 2705 1087 2735 sufficiant
1102 2701 1342 2734 inconcinnitati
1357 2700 1553 2730 amoliendae.
1578 2700 1663 2730 Nos-

931 2763 1011 2786 tram
1027 2755 1263 2794 dispositionem
1274 2753 1449 2784 luculenter
1460 2753 1586 2783 exhibet
1597 2752 1663 2783 edi-

932 2809 975 2838 tio
988 2807 1212 2844 Bononiensis;
1229 2811 1260 2836 et
1271 2816 1361 2835 voces
1372 2807 1444 2836 1ιίηο
1461 2805 1549 2845 cujus
1561 2810 1662 2834 trans-

932 2861 1041 2900 positae
1063 2859 1261 2898 reperiuntur
1282 2859 1316 2889 in
1333 2858 1428 2889 Vind.
1444 2859 1486 2888 V.
1502 2857 1549 2888 ed.
1575 2864 1615 2887 Π.
1631 2862 1665 2886 et

934 2918 968 2945 Σ.
991 2918 1095 2954 atque,
1111 2911 1159 2943 uti
1173 2912 1321 2953 suspicor,
1348 2911 1383 2942 in
1407 2910 1475 2941 aliis
1490 2909 1663 2947 codicibus,

896 2965 930 2995 D
