1894 3253
199 258 293 300 :336
706 252 766 299 T.
819 250 1198 298 LUCRETII

349 385 417 428 Sic
438 394 483 426 ut
505 383 726 425 amaracini
746 382 944 423 blandum
966 390 1186 439 stactaeque
1205 382 1420 438 liquorem,

346 459 402 501 Et
421 458 541 500 nardi
560 458 721 507 florem,
753 465 894 498 nectar
914 458 985 513 qui
1005 458 1173 499 naribus
1193 457 1319 508 halat,

344 534 487 582 Quom
506 531 638 574 facere
658 531 844 574 instituas
851 549 864 582 ;
897 547 991 573 cum
1011 532 1154 587 primis
1175 547 1359 588 quaerere
1378 546 1454 587 par
1473 538 1548 581 est,

241 689 322 721 Ibid.
346 690 496 721 Dilucide
516 691 654 730 profecto
670 702 706 722 ac
727 692 924 733 perelegante

194 743 437 782 comparatione,
460 743 500 774 ad
522 751 745 784 argumentum
770 756 864 775 suum
884 746 922 775 il-

195 795 405 833 lustrandum,
436 795 686 826 commodissime
715 802 818 826 noster
847 808 922 827 usus

194 852 256 876 est:
285 857 379 886 quam
395 852 501 877 tamen
522 847 652 877 Platoni
672 847 792 885 debuit,
815 848 849 877 in
865 848 921 877 Ti-

194 909 288 935 maeo,
315 909 343 937 p.
367 901 438 929 535.
464 900 503 929 A.
525 899 570 929 uti
598 900 773 930 Lambinus
796 900 916 930 docuit:

193 952 237 980 ΔΙ.
255 951 266 979 ὁ
282 964 331 981 xoel
348 963 463 982 παντων
486 965 567 986 Εχτθς
592 952 663 982 ξλδων
687 965 750 982 Slva!
773 966 863 995 χρξων
887 966 919 983 70

194 1015 234 1033 τοι
251 1015 351 1033 ταντα
367 1003 528 1043 ενῖεξαμενον
545 1017 569 1034 εν
585 1018 665 1044 marey
682 1017 759 1043 γενη·
777 1007 853 1034 καθα
870 1017 920 1046 περ

193 1065 253 1096 περι
276 1068 317 1084 τα,
339 1062 527 1094 “hapham-a,
551 1057 643 1086 ὁποι-α,
667 1055 761 1091 ευωὲη,
785 1069 825 1086 τοι
848 1055 920 1093 δεξα-

191 1120 263 1145 μένα
279 1107 352 1148 ὑγρὰ,
368 1120 423 1140 τας
447 1120 547 1146 οσμας.
593 1107 692 1142 Quasi
713 1108 832 1137 dixerat
855 1108 921 1137 Lu-

192 1158 320 1188 cretius:
349 1162 370 1176 “
390 1158 430 1188 In
453 1159 634 1199 unguentis,
658 1159 741 1189 varie
767 1159 919 1198 composi-

191 1213 213 1228 “
229 1210 268 1239 tis
283 1215 314 1239 et
329 1211 423 1240 odore
439 1222 495 1241 suo
511 1211 775 1252 fragrantissimis,
792 1212 918 1241 concin-

189 1264 212 1280 “
228 1262 349 1301 nandis,
373 1263 453 1292 nihil
478 1263 596 1302 majore
619 1262 782 1302 diligentia
807 1262 920 1291 debent

190 1314 214 1330 “
230 1322 368 1353 quaerere
383 1313 586 1350 confectores,
601 1323 696 1353 quam
708 1312 838 1351 simplex
856 1312 918 1341 ole-

190 1366 213 1382 “
230 1374 296 1400 um,
312 1364 449 1394 maxime
462 1364 646 1401 inodoru1n;
669 1370 704 1394 ut
719 1365 758 1393 sit
774 1374 918 1404 unguen-

189 1418 214 1433 “
230 1415 254 1445 ti
273 1415 481 1445 constituendi
497 1415 590 1445 basis:
611 1421 652 1452 et,
670 1426 732 1456 quo
748 1416 919 1454 simplicius

189 1470 212 1486 “
229 1472 275 1497 est
298 1467 331 1496 id
351 1466 468 1496 olivum
492 1472 522 1496 et
545 1467 649 1497 odoris
674 1468 778 1497 omnis
800 1478 917 1506 expers,

189 1525 212 1540 ‘¹
229 1532 266 1551 eo
281 1521 386 1560 purior
409 1521 556 1551 odoribus
578 1522 698 1560 evadet,
722 1533 759 1551 eo
781 1522 917 1562 exquisi-

188 1577 211 1592 “
227 1574 298 1611 tior,
321 1579 387 1603 tota
402 1573 595 1612 compositio.
643 1573 694 1603 Ita
708 1584 739 1603 se
756 1584 803 1603 res
825 1575 918 1604 habet

187 1627 209 1643 “
228 1625 260 1654 in
277 1625 422 1655 omnibus
444 1625 589 1654 omnium
605 1635 712 1655 rerum
734 1625 911 1655 elementis:

186 1680 209 1695 “
227 1683 386 1717 utcunque
401 1687 449 1707 res
464 1677 538 1716 ipsae
554 1676 602 1706 vel
618 1676 775 1713 odoribus,
800 1677 846 1707 vel
863 1688 914 1708 co-

184 1732 207 1747 “
223 1729 351 1766 loribus,
375 1730 423 1760 vel
452 1730 654 1770 qualitatibus
683 1730 814 1760 demum
844 1731 912 1771 qui-

184 1785 208 1800 “
225 1782 367 1819 buslibet,
402 1782 539 1822 praeditae
568 1782 770 1821 reperiantur,
801 1783 914 1812 harum

188 1836 211 1851 “
227 1832 371 1863 omnium
387 1833 575 1874 qualitatum
592 1833 762 1873 primordia
778 1834 853 1872 ipsa,
879 1844 915 1864 ex

187 1891 210 1906 “
226 1888 339 1928 quibus
354 1899 402 1918 res
418 1894 561 1919 constant
576 1888 692 1928 utique,
717 1899 840 1927 prorsus
863 1888 916 1918 de-

188 1943 210 1958 “
226 1941 433 1972 stituuntur.’'
480 1942 532 1971 De
556 1941 604 1971 his
627 1947 732 1971 autem
749 1944 916 1972 commistis

184 1992 324 2022 odoribus
339 1998 432 2033 atque
446 1995 622 2032 unguentis,
639 1992 663 2022 si
680 1999 815 2022 nostram
836 1992 910 2022 Silv.

187 2042 266 2073 Crit.
283 2049 367 2072 sectt.
382 2044 444 2073 lvii.
461 2044 546 2074 ccvii.
573 2044 739 2084 diligenter
761 2045 912 2085 perlegas,

185 2092 260 2122 inde
276 2093 412 2122 fortassis
427 2093 512 2123 haud
528 2094 682 2123 indoctior
697 2095 804 2125 abibis.

229 2143 309 2173 Ibid.
319 2146 504 2175 amaracini.
519 2144 667 2181 Isidorus,
678 2145 716 2175 iv.
730 2149 778 2175 12.
796 2150 817 2163 “
833 2147 913 2176 Sunt

185 2199 208 2214 “
224 2201 255 2225 et
280 2196 424 2236 quaedam
453 2203 609 2236 unguenta
644 2198 682 2227 ab
713 2197 912 2228 inventorum

185 2250 207 2266 ‘⁴
225 2246 363 2282 nomine,
379 2252 415 2277 ut
425 2250 647 2279 amaracinum.
679 2248 765 2278 Nam
781 2249 910 2290 quidam

184 2302 208 2316 “
224 2298 361 2334 tradunt,
401 2298 522 2339 regium
564 2299 723 2339 quendam
763 2311 910 2340 puerum,

184 2353 207 2368 “
225 2352 413 2381 Amaracum
445 2351 584 2389 nomine,
615 2362 710 2392 quam
732 2352 821 2392 plura
850 2364 910 2383 un-

184 2405 207 2420 “
222 2408 415 2442 guentorum
429 2413 544 2443 genera
559 2404 724 2442 ferentem,
752 2416 824 2435 casu
839 2416 909 2444 pro-

185 2454 345 2493 “lapsum
372 2464 447 2492 esse,
472 2460 502 2484 et
526 2455 677 2495 majorem
700 2467 738 2486 ex
758 2459 910 2487 commix-

182 2509 207 2523 “
224 2506 309 2536 tione
324 2505 451 2536 odorem
467 2517 594 2537 creasse.
642 2508 736 2538 Unde
752 2519 836 2540 nunc
851 2520 905 2549 op-

184 2560 206 2575 “
223 2557 301 2588 tima
330 2564 500 2598 unguenta,
528 2561 709 2590 amaracina
745 2560 905 2591 dicuntur:

184 2610 208 2625 “
225 2615 297 2638 sunt
313 2614 417 2640 autem
433 2619 471 2639 ex
486 2620 600 2650 genere
615 2609 757 2641 florum.”
788 2612 911 2643 Eadem

184 2660 278 2690 habet
303 2661 436 2697 Servius,
466 2663 574 2701 paucis
599 2663 707 2693 leviter
732 2664 909 2702 demutatis,

186 2711 226 2741 ad
241 2712 331 2752 Virg.
350 2713 425 2742 AEn.
441 2714 460 2743 i.
477 2717 548 2745 695.

229 2763 312 2793 Ibid.
329 2766 472 2797 blandam
482 2768 639 2807 liquorem.
664 2768 855 2809 Propertius,
872 2770 909 2800 iv.

186 2818 215 2845 6.
232 2816 259 2845 5.

187 2889 300 2913 costum
310 2888 391 2914 molle
401 2890 474 2920 date,
491 2895 518 2916 et
529 2892 615 2918 blandi
627 2895 693 2919 mihi
703 2896 767 2920 turis
779 2896 907 2922 honores:

187 2950 241 2981 ubi
258 2950 485 2989 Broukhusius,
513 2963 563 2983 me
574 2954 692 2993 judice,
715 2957 907 2995 praestantio-

967 703 1035 722 rem
1058 692 1194 723 Heinsio
1219 691 1421 730 interpretem
1446 700 1479 720 se
1501 688 1597 720 dedit.
1642 687 1694 719 Ita

968 743 1122 784 Virgilius
1137 742 1336 782 accipiendus
1350 748 1406 777 est,
1429 741 1485 771 ecl.
1501 741 1541 771 iv.
1556 744 1607 771 25.

998 805 1055 835 Ipsa
1066 804 1115 828 tibi
1126 803 1229 828 blandos
1240 803 1355 828 fundent
1368 801 1500 827 cunabula
1512 801 1603 825 flores:

964 853 983 883 i.
1001 864 1025 884 e.
1043 854 1265 889 suaveolentes,
1289 859 1320 883 et
1333 853 1440 893 quales
1452 851 1547 882 odore
1563 861 1619 880 suo
1636 861 1693 890 pu-

963 904 1008 933 eri
1023 905 1150 935 naribus
1164 905 1253 944 quasi
1268 906 1478 934 blandiantur.
1524 903 1626 933 Aliter
1646 910 1692 933 ta-

962 965 1037 984 men
1053 956 1160 985 statuit
1175 955 1208 984 in
1224 955 1458 985 commentariis
1476 954 1607 984 Servius.

1008 1006 1082 1036 Ver.
1100 1009 1174 1037 847.
1198 1008 1301 1036 halal:
1328 1006 1371 1035 sic
1399 1006 1435 1035 P.
1464 1005 1560 1035 Vind.
1588 1005 1625 1035 B.
1654 1005 1694 1036 Ο.

966 1059 1004 1094 Q.
1023 1064 1057 1088 Δ.
1075 1065 1120 1089 Ω.
1143 1065 1173 1088 et
1195 1069 1227 1087 re
1249 1057 1321 1087 verit
1336 1058 1376 1087 V.
1394 1057 1443 1087 ed.
1476 1063 1517 1086 Π.
1539 1056 1592 1096 qui
1619 1056 1697 1086 dant

964 1117 1058 1141 tenue
1074 1113 1157 1141 alat:
1184 1111 1305 1151 reliqui,
1329 1110 1353 1140 si
1370 1110 1531 1140 collatores
1546 1108 1695 1139 credendi

964 1163 1036 1199 sint,
1060 1165 1179 1200 halant,
1204 1168 1240 1192 ut
1250 1162 1392 1202 vulgares
1405 1161 1490 1194 editi.
1535 1159 1695 1200 Denique,

964 1224 1019 1252 pro
1036 1216 1161 1244 naribus
1177 1216 1272 1250 halat,
1298 1214 1408 1243 Festus
1423 1214 1457 1242 in
1472 1222 1546 1242 voce
1562 1212 1694 1248 Nectar,

964 1265 1352 1306 mendosissime,floribus
1368 1266 1465 1294 lzahet.

1009 1315 1089 1344 Ibid.
1111 1318 1206 1345 nardi
1220 1318 1351 1356 florem:
1378 1321 1413 1344 ut
1436 1325 1561 1353 nempe,
1584 1313 1631 1343 vel
1654 1313 1694 1343 de

961 1369 1102 1405 granzine
1126 1368 1188 1397 vivo
1213 1367 1417 1406 intelligatur,
1441 1367 1482 1396 ad
1503 1366 1625 1396 Lucani
1645 1365 1691 1395 lo-

963 1429 1048 1456 cum,
1066 1419 1172 1448 Phars.
1190 1429 1216 1448 Χ.
1236 1422 1304 1449 164.

1023 1486 1179 1516 Adcipiunt,
1195 1489 1279 1510 sertas
1291 1486 1495 1515 nardoflursnle,
1511 1492 1633 1515 corona,

1024 1527 1056 1549 Et
1068 1532 1218 1555 numquam
1230 1525 1351 1556 fugiente
1362 1526 1420 1550 rasti
1430 1533 1439 1548 :

963 1574 1012 1604 vel
1024 1574 1062 1604 de
1080 1575 1235 1615 unguenti
1249 1577 1336 1605 odore
1344 1589 1354 1609 ;
1381 1581 1417 1604 ut
1432 1575 1587 1611 Valerius
1613 1575 1691 1614 Arg.

962 1626 1000 1656 vi.
1017 1631 1088 1658 709.

991 1689 1024 1711 Et
1035 1687 1154 1719 gravidae
1170 1687 1299 1712 maduere
1310 1692 1413 1716 comae,
1431 1693 1495 1717 quas
1497 1686 1562 1717 flore
1574 1686 1659 1711 Sabaeo

991 1727 1201 1752 Nutrierat—:

960 1786 1032 1806 cum
1050 1776 1175 1813 Plauto,
1201 1776 1293 1806 Cure.
1314 1775 1333 1805 i.
1351 1779 1380 1805 2.
1399 1779 1424 1805 l.

994 1839 1044 1863 Flos
1057 1839 1153 1864 veteris
1163 1838 1225 1863 vini
1237 1838 1303 1863 meis
1317 1838 1422 1862 naribus
1434 1838 1553 1868 objectus
1564 1840 1618 1862 est:

961 1894 1056 1929 atque
1072 1891 1168 1919 etiam
1195 1890 1295 1919 Carus
1316 1889 1393 1928 ipse,
1417 1888 1459 1918 iii.
1487 1892 1559 1918 222.
1603 1888 1692 1918 Huic

964 1947 1071 1971 autem
1086 1941 1146 1972 loci
1163 1941 1322 1980 praesentis
1338 1940 1597 1980 interpretationi,
1621 1951 1692 1981 quae

957 1999 1143 2034 sequuntur,
1166 2003 1356 2034 magnopere
1372 1993 1517 2023 videntur
1538 2003 1571 2023 se
1593 2003 1689 2032 oppo-

957 2055 1042 2075 nere:

1242 2113 1336 2135 nectar
1347 2110 1393 2140 qui
1405 2109 1510 2133 naribus
1522 2109 1610 2133 halat:

956 2168 1031 2187 nam
1049 2161 1112 2199 flos
1136 2158 1226 2188 nardi
1248 2158 1275 2188 is
1291 2164 1347 2195 est,
1370 2158 1424 2197 qui
1440 2159 1565 2187 halatur
1572 2172 1582 2192 ‚·
1609 2157 1686 2188 odor

956 2209 1075 2248 utique:
1110 2209 1271 2238 undenam
1292 2209 1390 2248 igitur
1418 2210 1524 2239 halare
1552 2208 1684 2247 poterit?

957 2259 1006 2289 Sic
1022 2261 1117 2290 etiam
1134 2263 1210 2294 ανθος
1230 2261 1428 2290 Graecorum:
1462 2266 1492 2290 et
1507 2262 1565 2290 hoc
1580 2260 1690 2290 multis

955 2317 1095 2341 veterum
1119 2311 1194 2341 locis
1227 2312 1355 2342 uberius
1381 2311 1470 2341 nullo
1496 2311 1632 2351 negotio,
1663 2311 1689 2341 si

955 2368 1080 2401 tempus
1092 2368 1240 2402 posceret,
1257 2363 1418 2393 ostendere
1431 2363 1598 2403 quiremus.
1623 2362 1690 2392 Re-

956 2420 1015 2444 stat
1031 2415 1138 2454 igitur,
1161 2420 1196 2445 ut
1211 2414 1404 2445 affirmemus
1425 2414 1610 2445 Lucretium
1632 2415 1686 2446 de-

955 2465 1047 2496 disse:

1020 2528 1051 2550 Et
1064 2527 1140 2552 nardi
1150 2535 1242 2559 rorem,
1260 2532 1354 2554 nectar
1365 2529 1411 2560 qui
1425 2528 1531 2553 naribus
1542 2528 1624 2553 halat.

955 2576 1006 2606 De
1032 2586 1167 2617 quorum
1197 2577 1366 2607 nominum
1387 2578 1583 2616 confusione,
1614 2576 1684 2606 vide

953 2629 995 2658 sis
1013 2629 1229 2659 animadversa
1243 2630 1277 2659 in
1292 2640 1353 2660 ver.
1369 2633 1442 2662 519.
1458 2630 1588 2670 hujusce
1601 2627 1680 2659 libri.

956 2681 1099 2718 Ovidius,
1123 2682 1209 2721 epist.
1224 2692 1272 2712 XV.
1291 2685 1340 2713 76.

1047 2750 1106 2773 Non
1118 2749 1201 2773 Arabo
1213 2752 1303 2775 noster
1314 2757 1369 2774 rore
1379 2749 1488 2782 capillus
1498 2749 1567 2774 olet:

952 2803 993 2832 ad
1007 2814 1101 2844 quem
1115 2804 1304 2834 versiculum
1327 2804 1405 2834 mihi
1420 2802 1557 2833 multum
1579 2801 1680 2833 otium

953 2854 1140 2885 doctissima>
1168 2855 1348 2885 collationes
1374 2853 1500 2884 Heinsii
1525 2853 1678 2890 fecerunt,

952 2916 1024 2936 cum
1043 2906 1232 2946 Spanhemio
1246 2905 1287 2936 ad
1303 2904 1425 2940 Callim,
1449 2905 1554 2944 hymn.
1572 2905 1682 2944 Apoll.

951 2961 1002 2988 58.
1025 2968 1120 2999 quem
1137 2956 1243 2989 laudat
1253 2956 1465 2989 Burmannus.
1509 2956 1531 2988 J
1534 2965 1586 2987 am
1596 2966 1678 2993 vero,
