1894 3253
659 284 894 334 LIBER
943 282 1260 333 PRIMUS.
1681 296 1712 335 5

355 421 650 476 Placatumque
678 418 782 460 nitet
810 417 958 460 diffuso
987 416 1141 459 lumine
1171 416 1331 458 coelum.

267 501 317 536 10
352 496 477 545 Nam,
511 493 630 536 simul
661 507 709 534 ac
740 493 891 547 species
920 491 1123 547 patefacta
1151 499 1211 532 est
1241 505 1367 533 verna
1395 490 1492 542 diei,

203 636 307 674 lectio,
324 636 378 666 sed
391 633 630 676 germanissima
652 633 813 663 vetustatis
827 632 930 662 incor-

201 695 301 729 ruptae
316 687 453 726 scriptio,
469 696 525 726 pro
544 688 776 726 Adventumque
792 692 874 716 tuom
891 685 932 716 ad

201 740 324 771 solitam
341 739 536 774 brevitatem,
561 740 752 777 adventuque
767 741 829 776 ειιδ,
846 737 930 768 data.

201 790 301 822 Nobis
316 790 350 820 in
366 789 466 829 operis
489 789 621 819 decursu
637 788 750 828 saepius
773 788 932 819 illucescet

200 844 334 874 tenebris
349 854 518 884 erumpens
532 843 663 884 hujusce
685 842 855 873 scintillula
877 853 928 873 ve-

198 897 308 928 ritatis.

241 949 323 980 Ibid.
339 951 461 981 ‹Ioedala
479 951 585 980 tellus:
611 950 629 979 i.
647 959 674 979 c.
694 948 783 979 omni
800 948 930 979 artificio

198 1002 324 1042 florum,
348 1004 493 1044 frugum,
517 1010 548 1033 et
563 1005 724 1040 arborum,
748 1013 780 1032 se
796 1004 928 1043 pingens

197 1063 228 1086 et
242 1066 571 1087 exornansz——rerum
594 1056 837 1096 omnigenarum
854 1068 928 1087 cum

197 1109 345 1139 varietate
358 1108 540 1139 suavissima
555 1109 691 1148 speciosa
703 1109 824 1144 artiseX,
841 1120 928 1139 crea-

197 1162 329 1204 trixque.
374 1162 470 1193 Adsit
494 1172 565 1192 vero
592 1162 793 1201 Calpurnius,
817 1162 872 1193 ccl.
896 1163 927 1193 ii.

198 1217 249 1246 20.

360 1276 409 1300 illis
418 1275 499 1301 etiam
512 1275 677 1301 certantibus
688 1282 750 1299 ausa
761 1279 801 1300 est

226 1315 335 1339 Daedala
347 1320 484 1340 nectareos
495 1315 551 1347 apis
562 1315 743 1340 intermittere
755 1315 847 1341 flores:

194 1363 338 1393 imitatus
353 1374 468 1403 nempe
483 1374 608 1394 versum
624 1364 825 1395 notissimum
852 1367 926 1396 Ma-

190 1414 285 1450 ronis,
302 1425 370 1455 gen.
386 1415 424 1445 iv·
445 1419 516 1447 179.
564 1416 629 1452 Qui
655 1427 729 1446 vero
744 1419 850 1448 telluri
864 1419 923 1448 hoc

193 1465 370 1504 epithetum
393 1466 538 1503 affixerlt,
561 1468 589 1497 si
613 1475 757 1498 nostrum
773 1469 923 1508 excipias,

192 1517 337 1547 nondum
348 1518 469 1557 reperio
474 1531 483 1556 ;
500 1519 578 1548 dum
588 1525 695 1549 tamen
711 1530 770 1549 vox
782 1520 849 1559 ipsa
859 1526 925 1551 tam

195 1570 313 1600 Graecis
336 1571 546 1610 scriptoribus,
576 1582 673 1612 quam
687 1572 821 1610 Latinis,
849 1583 920 1612 pas-

193 1624 254 1653 sim
269 1624 498 1664 frequentatur.

192 1676 214 1707 J
217 1686 269 1705 am
284 1686 368 1714 vero,
385 1688 486 1717 quum
501 1677 540 1708 de
543 1680 680 1719 floribus
703 1681 926 1711 tantummodo

190 1734 311 1768 agatur,
333 1731 456 1759 doeclala
474 1730 514 1759 sit
528 1729 711 1769 simpliciter
721 1733 809 1770 picla
819 1747 829 1767 ,·
849 1742 924 1762 nam

188 1782 342 1811 ‹laedalam
369 1783 478 1812 Circen
502 1782 632 1821 Virgilii
654 1783 700 1812 sic
722 1790 926 1821 repraesentat

192 1830 350 1868 Valerius,
370 1832 446 1871 Arg.
463 1832 515 1862 vii.
533 1836 605 1863 211.

223 1890 274 1918 Sic,
286 1893 317 1913 ut
330 1894 398 1919 erat,
409 1894 515 1915 mutata
526 1891 603 1915 deam
615 1900 622 1919 ;
640 1893 810 1924 mentitaque
820 1894 893 1926 pictis

223 1928 333 1952 Vestibus
345 1933 372 1954 ct
383 1929 487 1961 magica
500 1930 583 1954 circen
596 1931 724 1955 Titanida
737 1932 820 1963 virga.

190 1978 365 2017 Hesiodus,
387 1979 507 2020 Theog.
525 1984 598 2011 878.
624 1995 712 2021 γαιαν
727 1985 921 2021 ανθεμαεσσαν.

234 2030 308 2060 Ver.
327 2035 355 2061 8.
367 2033 635 2073 Submz'tlz'cflores.
682 2034 819 2064 Homeri
833 2035 920 2065 locus

188 2082 407 2112 obversabatur
434 2089 552 2121 nostro,
576 2083 616 2113 ad
635 2084 672 2114 Il.
701 2092 739 2116 Ξ.
763 2089 839 2117 547.
865 2086 919 2116 ubi

186 2144 288 2164 unum
304 2145 341 2164 ex
359 2135 493 2165 Veneris
515 2135 712 2166 Lucretianae
730 2138 840 2168 officiis
862 2140 918 2168 ha-

185 2189 252 2225 bes,
268 2197 332 2217 non
351 2187 498 2218 infimum
515 2188 604 2226 illud,
622 2201 724 2231 neque
746 2191 919 2232 instrenue,

186 2239 379 2271 mehercule!
408 2250 510 2281 neque
536 2251 643 2271 rursus
658 2242 847 2283 injucunde,
866 2255 919 2274 ex-

185 2293 365 2323 ercitatum:

265 2350 341 2374 Tam
353 2348 374 2374 δ’
384 2349 429 2375 beo
440 2349 504 2383 χθων
517 2350 562 2376 δια
572 2358 612 2383 φοί
623 2351 733 2380 νεοθηλέα
744 2363 819 2383 «τοίην,

265 2397 348 2422 Ama-0⁹
360 2396 380 2422 θ’
389 2396 513 2432 ignarae,
526 2399 560 2425 [ΞΕ
570 2410 667 2435 κςσκω,
680 2400 718 2429 ηό’
730 2401 851 2433 ὖιικινθον,

266 2445 361 2469 Humor
373 2455 418 2470 και
432 2451 566 2479 μαλακον,

187 2489 232 2519 Et
253 2488 442 2520 imbecillius
464 2491 502 2521 ad
525 2502 592 2522 rem
618 2503 683 2523 non
707 2494 793 2533 facit,
820 2495 914 2525 etiam

186 2549 349 2572 venustate
364 2554 475 2581 parum
490 2546 612 2582 cedens.
639 2548 811 2587 Hesiodus,
837 2549 913 2580 dum

187 2593 319 2624 Veneris
334 2595 451 2624 natales
467 2596 560 2632 canit,
577 2598 617 2627 ad
632 2598 752 2639 Theog.
772 2603 840 2631 194.

262 2653 302 2676 Εκ
315 2650 336 2676 δ’
346 2649 388 2680 εἷ’-η
398 2651 478 2681 αιδωη
488 2657 560 2682 καλὴ
569 2653 626 2682 θεος”
646 2662 712 2688 αιμςει
725 2656 750 2682 δε
760 2666 815 2686 eram

263 2699 357 2725 Han-tv
368 2699 412 2726 ὑπο
422 2700 549 2735 &mamm-av
561 2703 650 2733 οεεξετο.

169 2742 322 2781 'Interea‚
355 2743 438 2774 circa
462 2745 603 2776 Lucretii
627 2746 740 2777 locum
764 2748 912 2780 volitabat

184 2804 274 2824 mens
290 2795 454 2834 Propertii,
471 2796 491 2827 i.
505 2801 533 2827 52.
551 2800 597 2828 10.

214 2853 338 2885 Adspice,
351 2858 417 2885 quot
430 2855 562 2880 submittat
573 2857 664 2881 humus
674 2856 794 2883 formosa
804 2859 893 2884 colores
901 2868 910 2886 .·

184 2909 215 2933 et
232 2903 410 2943 Calpurnii,
426 2906 481 2936 ecl.
498 2906 560 2937 viii.
576 2911 626 2938 52.

214 2964 261 2988 Hic
272 2969 381 2991 cantare
392 2966 471 2992 libet:
490 2968 585 2993 virides
602 2976 665 2993 nam
677 2969 776 3002 subjicit
788 2970 881 2997 herbas

210 3006 300 3032 Mollis
311 3014 384 3040 ager,
396 3008 502 3042 lateque
513 3014 587 3037 tacet
599 3018 695 3037 nemus
707 3018 804 3037 omne:

975 631 1022 661 uti
1037 641 1110 661 vere
1125 636 1156 661 et
1174 631 1336 672 eleganter
1357 632 1521 674 castigavit
1542 633 1707 666 Barthius.

976 684 1088 724 Porro,
1104 686 1172 715 haec
1184 685 1326 715 imitatur
1339 687 1434 717 etiam
1445 687 1601 718 Manilius
1616 698 1707 730 mag-

975 747 1017 767 no
1037 747 1112 767 cum
1135 747 1281 767 successu
1305 738 1345 768 ad
1360 738 1403 768 iii.
1422 741 1496 770 652.
1512 739 1587 771 edit.
1605 740 1706 770 Bent-

973 788 1039 825 leii,
1055 788 1109 829 qui
1124 788 1232 819 minus
1254 789 1387 820 feliciter
1409 791 1450 822 ad
1465 791 1572 823 locum
1592 802 1709 824 novare

975 843 1090 875 voluit:

988 905 1069 928 Tunc
1081 903 1199 935 primum
1212 903 1273 929 miti
1283 904 1391 936 pelagus
1403 906 1585 932 consternitur
1594 907 1680 938 unda,

990 947 1023 971 Et
1033 946 1120 971 varios
1130 947 1213 971 audet
1225 946 1303 972 flores
1313 948 1440 973 emittere
1450 949 1537 973 tellus.

989 988 1069 1011 Tunc
1081 987 1217 1018 pecudum
1230 987 1428 1020 volucrumque
1443 996 1527 1021 genus
1543 996 1592 1021 per
1608 990 1706 1022 pabula

1065 1027 1131 1051 latta

987 1068 1017 1090 In
1028 1068 1161 1092 Venerem
1173 1070 1337 1099 partumque
1348 1067 1414 1099 ruit;
1433 1071 1580 1100 totumque
1591 1070 1693 1096 canor}

987 1109 1059 1132 Voce
1079 1114 1174 1132 nemus
1193 1108 1324 1138 loquitur,
1341 1108 1524 1141 frondemque
1545 1110 1654 1136 virescit
1675 1111 1705 1135 in

1069 1153 1192 1171 omnem.

972 1197 1016 1228 Et
1031 1198 1151 1228 mirum
1166 1199 1276 1229 fuisset
1291 1210 1374 1236 sane,
1388 1200 1413 1230 si
1422 1210 1548 1239 prorsus
1563 1201 1706 1232 inobser-

971 1258 1057 1282 vatos
1071 1254 1269 1292 praeteriisset
1290 1260 1378 1285 tanto
1394 1255 1496 1294 cultu,
1521 1262 1566 1286 tot
1582 1258 1703 1297 gratiis,

971 1306 1137 1336 versiculos
1163 1307 1304 1347 magistri
1334 1307 1494 1348 Virgilius
1553 1309 1613 1339 Sed
1642 1322 1706 1341 non

970 1358 1129 1396 praeteriit,
1160 1359 1313 1389 horumce
1349 1359 1428 1390 citra
1458 1362 1707 1392 controversiam

970 1419 1105 1446 memor,
1121 1409 1161 1440 ad
1177 1410 1234 1440 ecl.
1254 1410 1292 1441 iv.
1311 1414 1362 1441 523.

1032 1471 1091 1501 Ipsa
1101 1469 1151 1494 tibi
1161 1470 1272 1496 blandos
1275 1471 1393 1502 fundent
1404 1472 1537 1497 cunabula
1539 1472 1617 1503 stores
1627 1481 1637 1499 .-

969 1523 999 1547 et
1014 1518 1048 1548 in
1064 1520 1229 1558 prioribus,
1246 1531 1322 1551 verr.
1342 1525 1482 1552 18—21.

969 1572 1126 1602 Submittit
1154 1572 1253 1612 igitur
1276 1572 1369 1611 valet,
1400 1574 1601 1615 exquisitiore
1630 1586 1702 1606 sen-

968 1632 1016 1660 su,
1042 1626 1064 1640 ‘⁶
1088 1633 1105 1652 e
1119 1624 1240 1662 gremio
1263 1625 1440 1655 mittit—de
1463 1627 1516 1656 sub
1539 1626 1606 1656 solo
1628 1627 1703 1657 facit

972 1677 993 1692 “
1022 1675 1400 1714 pullulare—extrudit3'’
1438 1684 1475 1707 ut
1504 1678 1538 1708 in
1568 1679 1702 1710 Anthol.

971 1726 1041 1755 Lat.
1058 1727 1168 1757 Burm.
1192 1728 1244 1758 lib.
1261 1729 1304 1758 iii.
1321 1729 1403 1769 epig·
1429 1732 1502 1760 255.
1518 1730 1557 1760 de
1571 1731 1652 1762 Jove
1667 1731 1702 1762 in

970 1778 1082 1806 bovem
1097 1789 1198 1809 verso:

1033 1837 1109 1861 Nunc
1120 1842 1176 1862 erat
1188 1845 1202 1861 a
1214 1838 1293 1863 torva
1303 1839 1447 1864 submittere
1458 1847 1559 1865 cornua
1568 1841 1669 1868 fronte.

973 1886 1119 1916 Occurrit
1144 1888 1237 1917 etiam
1254 1889 1288 1918 in
1304 1890 1363 1919 hoc
1379 1900 1474 1920 sensu
1495 1893 1633 1931 subdere,
1661 1893 1710 1924 ad·

970 1937 1111 1976 ejusdem
1128 1939 1258 1970 Anthol.
1276 1939 1328 1970 lib.
1344 1941 1384 1971 iv,
1400 1951 1449 1980 ep.
1471 1945 1539 1973 106.
1555 1944 1640 1983 quod
1656 1944 1701 1975 sic

966 1989 1113 2020 fateberis
1134 1993 1229 2030 probe
1252 1991 1370 2022 lectum
1392 2003 1470 2032 esse,
1486 2000 1580 2035 atque
1601 1996 1699 2027 inter-

964 2048 1132 2080 punctum:

996 2101 1021 2125 Si
1022 2101 1130 2132 fructus
1142 2103 1249 2134 proprio
1259 2104 1352 2129 subdat
1363 2106 1396 2130 de
1408 2106 1531 2137 germine
1540 2107 1625 2139 tellus,

1026 2141 1051 2165 Si
1062 2142 1154 2173 restra!
1167 2143 1259 2175 sparsis
1272 2144 1363 2169 debita
1373 2146 1517 2170 seminibus
1524 2155 1532 2176 ς

997 2183 1145 2206 Nascentur
1153 2184 1262 2208 tumulo
1273 2184 1372 2209 formae
1383 2193 1453 2210 nova
1462 2187 1563 2217 messis,
1572 2187 1701 2220 honores⁷

1027 2224 1058 2246 Et
1071 2222 1155 2254 lepor,
1167 2227 1193 2247 et
1205 2224 1292 2248 suavis
1300 2232 1402 2256 germen
1414 2226 1544 2251 amicitae.

965 2282 1086 2322 Vulgo,
1109 2284 1223 2321 subdit,
1247 2290 1278 2314 et
1299 2293 1442 2325 repara&
1470 2286 1562 2317 nullo
1584 2298 1693 2320 sensu:

965 2344 1002 2364 ac
1016 2335 1144 2375 jbrmce,
1163 2346 1239 2365 nova
1264 2340 1381 2373 messis;
1410 2343 1446 2367 ut
1460 2337 1577 2378 formae
1599 2339 1639 2369 sit
1660 2340 1696 2370 in

962 2387 1066 2425 primo
1091 2396 1164 2416 casu
1188 2385 1314 2425 plurali,
1344 2388 1470 2420 inscite:
1496 2395 1527 2419 et
1546 2393 1694 2428 gramina

961 2441 1121 2478 nequitice,
1145 2439 1230 2479 quod
1245 2445 1310 2470 toto
1326 2441 1476 2480 epitaphii
1499 2450 1593 2478 scopo
1608 2444 1693 2474 refu-

959 2496 1051 2527 tatur,
1078 2490 1253 2529 bellissimi,
1280 2492 1421 2531 Jupiter!
1451 2499 1481 2523 et
1506 2496 1692 2535 gravissimi.

959 2543 1125 2573 Alcimum
1141 2544 1237 2574 etiam
1257 2544 1403 2583 Avitum,
1425 2545 1465 2576 iv.
1484 2550 1555 2579 299.
1571 2554 1692 2580 transe-

958 2601 1051 2625 untes
1066 2595 1317 2626 emendabimus:

989 2654 1088 2678 Nudati
1099 2654 1189 2684 colles,
1198 2654 1320 2686 spoliatae
1329 2656 1426 2680 robore
1435 2656 1520 2687 sylvae
1527 2666 1572 2688 3—

987 2693 1076 2718 Pelion
1088 2694 1231 2718 immensas
1242 2694 1379 2719 summittit
1390 2695 1493 2722 vertice
1506 2704 1630 2728 quercus,

956 2743 1066 2783 Vulgo
1079 2743 1287 2775 insulsissime
1302 2744 1426 2785 legitur,
1443 2758 1512 2778 cum
1528 2750 1642 2781 mittat.

999 2794 1082 2826 Ibid.
1097 2797 1155 2825 tibi
1164 2798 1267 2827 rident
1281 2809 1404 2838 oequora
1415 2803 1508 2839 ,vionti
1516 2814 1527 2831 .·
1548 2805 1570 2820 “
1586 2803 1685 2833 emol-

958 2849 978 2864 “
1001 2845 1064 2876 litis
1086 2857 1201 2886 nempe
1216 2847 1362 2879 fiuctibus
1383 2850 1424 2881 ad
1439 2851 1684 2890 placidissimam

957 2901 980 2916 “
1003 2909 1103 2939 usque
1130 2905 1161 2929 et
1182 2899 1402 2932 hilarissimam
1429 2904 1682 2944 crispitudinem;

957 2953 979 2968 ‘⁴
1001 2949 1045 2979 ita
1059 2950 1256 2990 complanata
1270 2953 1432 2992 superficie
1454 2960 1485 2984 et
1499 2955 1681 3000 διαχεομενῃ,

957 3005 980 3020 “
1001 3008 1037 3033 ut
1058 3005 1155 3034 niteat
1176 3010 1302 3045 pontus,
1329 3005 1407 3036 lucis
1429 3006 1594 3047 splendore
1615 3019 1681 3039 non
