1894 3253
663 277 757 319 AD
804 274 1202 318 LECTOREM.
1612 278 1682 316 xxi

171 400 482 442 luxuriosissimi
516 400 694 442 Nasonis
730 399 894 440 ubertas
929 406 969 440 et
1000 396 1245 452 amplitudo)
1279 396 1430 453 magna
1467 412 1518 438 ex
1550 406 1681 452 parte,

170 484 348 532 quantus
381 484 454 525 cst,
485 475 681 524 effecerit;
719 474 899 514 venustis
926 472 1164 513 hominibus
1184 486 1251 512 me
1276 486 1362 512 rem
1394 471 1510 512 valde
1533 472 1684 527 jucun-

169 549 268 591 dam
289 550 493 591 facturum
514 564 599 589 esse
619 546 791 596 credidi,
825 546 856 586 si
881 545 1088 587 hlinciani
1109 546 1210 585 vatis
1230 545 1480 586 imitationes
1500 546 1685 602 undique

171 624 473 680 conquirerem,
496 630 539 665 et
557 636 652 664 cum
672 619 977 674 exemplaribus
1004 618 1085 660 suis
1106 619 1293 673 apposite
1324 620 1561 661 commissos
1592 636 1683 676 spe-

169 699 322 740 cialiter
343 697 594 739 exhiberem.
641 694 770 737 Hanc
791 709 876 736 esse
893 694 975 735 mei
996 692 1147 734 laboris
1163 701 1324 747 partem
1345 695 1457 736 nullo
1471 695 1597 736 modo
1618 695 1681 736 in-

164 772 546 822 fructuosissimam,
569 772 621 813 ab
643 771 917 812 ostentatione
936 769 1031 809 licet
1050 768 1291 825 longissime
1311 778 1530 820 remotam,
1553 769 1682 826 depu-

165 856 254 889 tare
274 847 384 888 soleo
391 865 403 897 ς
428 856 468 888 et
488 846 807 888 amoenissimam
836 844 1019 886 futuram
1040 842 1138 884 hinc
1157 843 1388 884 institutam
1409 845 1684 900 comparatio-

165 938 262 964 nem
282 922 520 963 hominibus
541 920 801 978 elegantioris
822 919 978 976 ingenii
998 918 1173 959 libenter
1189 933 1384 975 auguror.
1447 918 1499 960 In
1520 919 1600 960 hoc
1622 918 1684 960 of-

165 996 261 1038 ficio
281 997 410 1038 multa
430 1005 540 1047 sunt,
563 1011 657 1052 quae
685 995 942 1052 diligentiam
972 993 1166 1035 eluserint
1196 993 1431 1044 doctorum,
1466 994 1536 1049 qui
1568 1010 1609 1035 se
1630 993 1683 1036 ad

165 1071 274 1114 hanc
294 1087 383 1113 rem
414 1087 466 1112 ex
488 1071 672 1127 professo
703 1070 986 1119 contulissent3
1021 1077 1062 1110 et
1089 1083 1216 1126 aegre,
1250 1069 1327 1109 nisi
1359 1083 1413 1110 ex
1445 1070 1682 1124 compertis,

164 1147 278 1188 credi
299 1154 476 1201 poterat,
498 1146 642 1200 po'e'sin
675 1143 948 1200 Virgilianam
980 1157 1105 1197 quam
1134 1143 1299 1196 penitus
1326 1142 1535 1192 imbuerit,
1559 1158 1685 1198 quam

165 1221 398 1262 medullitus
418 1220 639 1269 incoxerit,
667 1219 803 1260 oratio
825 1217 1089 1258 Lucretiana.
1153 1216 1287 1257 Hunc
1307 1224 1446 1257 autem
1480 1231 1533 1257 ex
1553 1217 1686 1258 abun-

163 1295 279 1337 danti
295 1295 476 1336 fructum
491 1293 570 1334 hac
587 1292 805 1334 collatione
824 1291 1060 1346 provenisse
1081 1290 1183 1331 mihi
1202 1290 1467 1332 vehementer
1480 1291 1681 1347 gratulor,

162 1369 275 1425 quod
295 1369 394 1410 hinc
415 1367 700 1424 complusculis
721 1366 924 1408 ulceribus
946 1365 1126 1422 Virgilii,
1160 1365 1344 1406 sanitatis
1365 1366 1544 1420 speciem
1564 1380 1682 1406 men-

162 1444 372 1494 tientibus,
395 1443 571 1499 ideoque
592 1441 745 1482 difficili
767 1448 806 1481 et
826 1439 1053 1495 periculosa
1085 1440 1347 1490 tractatione,
1370 1439 1575 1481 medelam
1596 1440 1680 1481 effi«

162 1519 415 1561 cacissimam
431 1518 651 1558 admovere
664 1515 879 1572 quiverim:
913 1515 1024 1556 unde
1045 1514 1157 1569 apud
1173 1514 1369 1570 quicquid
1390 1522 1450 1556 est
1462 1514 1680 1556 hominum

163 1594 445 1636 venustiorum
465 1608 532 1634 me
551 1592 703 1649 gratias
724 1591 911 1649 ingentes
932 1590 1135 1632 initurum
1157 1605 1294 1645 spero,
1317 1589 1581 1645 confidoque.

219 1743 315 1784 Jam
335 1758 448 1793 vero,
473 1757 559 1783 non
580 1741 680 1782 alius
702 1749 761 1782 est
780 1742 919 1795 poeta,
942 1740 986 1779 in
1007 1754 1130 1794 quem
1151 1739 1315 1779 licentia
1336 1738 1591 1786 criticorum,
1613 1737 1676 1777 in-

160 1818 293 1874 geniis
306 1818 388 1858 suis
403 1826 557 1856 temere
572 1815 891 1871 indulgentium,
915 1814 1061 1854 saevius
1081 1821 1265 1870 grassata
1286 1820 1361 1861 est,
1385 1811 1566 1867 atquejn
1588 1810 1676 1852 Lu-

164 1891 358 1939 cretium;
382 1898 453 1930 aut
473 1905 596 1945 quem
617 1890 919 1943 corruptiorem
942 1888 1054 1929 docti
1076 1896 1216 1928 terunt
1237 1886 1462 1928 arbitrariis
1483 1885 1677 1926 emenda-

163 1972 301 2005 torum
322 1964 718 2018 interpolationibus.
781 1963 885 2011 Nos,
908 1962 1143 2003 auctoritati
1173 1962 1376 2002 librorum
1408 1960 1672 2014 scriptorum,

161 2038 241 2093 qua
263 2038 487 2093 potuimus,
511 2046 551 2077 et
572 2037 713 2077 Latini
735 2037 933 2077 sermonis
954 2037 1125 2076 sincerae
1145 2035 1254 2092 leges
1276 2035 1471 2084 sinerent,
1499 2033 1674 2074 fideliter

161 2112 359 2161 obsecuti,
383 2120 423 2152 et
444 2111 617 2153 subinde
636 2127 711 2167 per
731 2111 901 2164 leviores
922 2125 976 2151 ex
997 2109 1165 2166 ingenio
1186 2108 1451 2158 mutationes,
1474 2108 1526 2148 de
1546 2108 1672 2148 ratio-

159 2187 281 2227 nibus
302 2186 356 2227 ad
377 2185 569 2227 codicum
599 2185 771 2242 vestigia
803 2184 1105 2241 religiosissime
1137 2183 1364 2232 subductis,
1397 2181 1672 2224 timidiuscule

159 2261 380 2317 progressi,
418 2260 733 2315 depravationes
766 2259 1006 2299 innumeras
1047 2258 1306 2314 profligasse,
1348 2272 1395 2297 ac
1436 2264 1668 2297 venustates

160 2336 358 2376 sermonis
379 2350 503 2390 quam
523 2335 735 2389 plurimas,
767 2333 1005 2374 demortuas
1025 2332 1146 2388 plane
1176 2331 1546 2386 conclamatasque,
1583 2331 1670 2372 imo

159 2410 392 2464 deperditas
413 2418 453 2450 et
472 2408 726 2459 obliteratas,
749 2408 1052 2463 nobismetipsis
1073 2407 1216 2448 saltem
1229 2406 1418 2447 videmur
1433 2405 1667 2446 resuscitas-

156 2499 214 2524 se.
277 2484 423 2539 Neque
444 2485 554 2524 6111111
574 2484 732 2525 interea
751 2497 838 2524 non
868 2498 993 2538 opere
1014 2497 1176 2523 summo
1207 2481 1401 2523 cavebam
1423 2495 1583 2534 semper
1613 2480 1666 2521 ab

159 2558 225 2599 illa
246 2558 475 2599 temeritate
495 2558 745 2615 corrigendi,
769 2573 893 2614 quam
913 2558 1170 2599 vitiosissime
1199 2556 1386 2610 usurpari
1419 2554 1666 2609 quibusdam

160 2632 344 2674 Lucretii
375 2633 599 2674 editoribus
629 2634 1028 2683 animadvertebam
1063 2642 1103 2674 et
1123 2632 1236 2673 nolui
1257 2629 1528 2678 committere,
1551 2637 1597 2669 ut
1617 2629 1661 2669 in

158 2706 237 2748 hac
250 2708 550 2763 vituperatione
561 2708 957 2749 inconstantissimus
973 2709 1161 2749 omnium
1174 2703 1448 2746 homunculus
1463 2703 1657 2753 haberer;

158 2791 198 2822 et
219 2798 265 2824 ea
286 2783 564 2837 reprehensio,
597 2797 722 2838 quam
741 2783 946 2838 prioribus
976 2781 1088 2823 haud
1109 2779 1392 2822 dubitaveram
1420 2778 1591 2828 illinere,
1614 2778 1658 2818 in

156 2866 281 2912 caput
299 2858 516 2913 proprium
537 2857 674 2898 denuo
691 2857 901 2898 recideret.

877 2932 962 2979 bs
