1894 3253
630 245 865 295 LIBER
918 243 1230 294 PRIMUS.

376 380 477 422 Huc
498 380 676 431 adcedit,
699 381 759 422 uti
780 381 866 421 sine
887 379 1008 421 certis
1029 378 1232 420 imbribus
1247 376 1346 419 anni

320 455 530 498 Laetificos
551 465 728 512 nequeat
748 455 852 496 fetus
868 454 1108 496 submittere
1126 453 1263 503 tellus3

208 534 284 572 195
319 530 408 572 Nec
427 546 569 586 porro,
593 539 750 572 secreta
766 529 874 579 cibo,
898 537 1048 569 natura
1068 529 1328 569 animantum

319 605 559 661 Propagare
578 619 709 661 genus
730 604 874 659 possit,
897 602 1106 657 vitamque
1126 602 1248 642 tueri:

318 679 380 720 Ut
399 679 536 734 potius
558 678 695 719 multis
717 677 944 718 conmunia
964 691 1141 732 corpora
1160 675 1284 716 rebus

315 752 455 795 Multa
473 761 593 808 putes
614 768 714 803 esse,
739 760 785 794 ut
804 752 939 793 verbis
959 751 1162 793 elementa
1181 750 1383 800 videmus,

171 910 281 942 Cicero
297 908 382 948 apud
398 908 553 947 Plinium,
576 915 640 940 nat.
656 908 729 939 hist.
747 908 830 939 xviii.
849 911 899 939 61.

168 972 186 992 e
200 961 289 992 libris
300 961 340 992 de
357 961 419 991 div.
436 962 456 991 i.
474 965 503 992 9.

200 1029 260 1059 Jarn
270 1034 334 1053 vero
345 1035 452 1059 semper
463 1028 563 1058 viridis,
579 1035 739 1060 semperque
751 1031 872 1059 gravata,

199 1068 339 1094 Lentiscus
351 1068 449 1099 triplici
460 1067 539 1091 solita
551 1071 590 1092 est
598 1067 762 1099 grandescere
772 1067 842 1092 fetu.

170 1126 244 1166 Ipse
272 1125 409 1164 Plinius,
434 1125 509 1156 ibid.
534 1125 575 1155 ix.
592 1129 642 1156 54.
677 1131 697 1143 ‘⁶
716 1125 748 1155 Si
771 1131 905 1164 tempes-

169 1182 191 1197 “
207 1179 269 1209 tive
294 1178 460 1215 satientur,
487 1180 690 1217 grandescere
714 1184 745 1207 et
762 1177 907 1217 partus.”

171 1230 362 1268 Columella,
378 1230 408 1260 ii.
426 1233 476 1260 20.
502 1233 524 1247 ‘⁵
543 1229 590 1259 Ut
604 1229 707 1267 potius
721 1228 755 1258 in
771 1227 855 1265 are-21,
875 1233 906 1257 et

169 1284 192 1300 “
208 1281 243 1311 in
271 1291 393 1318 acervo,
417 1290 513 1320 quam
540 1279 573 1309 in
601 1290 677 1320 agro
696 1282 905 1319 grandescant

168 1336 192 1353 “
207 1332 408 1363 frumenta:”
433 1332 487 1372 qui
503 1333 596 1362 habet
611 1332 706 1362 etiam
722 1331 793 1371 plus
808 1331 905 1361 semel

167 1386 414 1424 z'ngrandescere‚
444 1389 481 1414 ut
506 1383 624 1414 Accius
647 1385 906 1424 per-grandescere

169 1437 253 1477 apud
269 1437 426 1467 Nonium.

211 1490 286 1520 Ver.
306 1493 376 1521 194.
398 1491 464 1520 laeti
489 1500 536 1520 cos
555 1488 664 1529 filus:
690 1494 726 1518 ut
747 1489 836 1519 laetas
858 1499 905 1519 se-

165 1549 259 1582 getes,
283 1541 374 1582 Virg.
389 1551 458 1583 geo,
474 1541 493 1572 i.
515 1544 542 1572 1.
590 1541 760 1580 Apuleius,
777 1546 850 1571 met.
868 1540 907 1571 vi.

168 1594 236 1624 init.
275 1598 297 1612 “
313 1594 377 1624 Per
395 1604 455 1634 ego
469 1599 501 1624 te
516 1593 711 1635 frugiferam
728 1600 817 1623 tuam
832 1592 906 1623 dex-

170 1650 193 1666 “
209 1653 292 1677 tram
307 1647 400 1676 istam
416 1646 578 1685 deprecor,
594 1656 650 1685 per
667 1648 809 1688 laelg'fz'cczs
833 1656 908 1676 mes-

169 1701 191 1716 “
206 1700 286 1730 sium
303 1698 542 1728 caeremonias.”
589 1699 702 1728 Exstat
727 1698 824 1728 etiam
847 1707 906 1727 vox

169 1749 203 1780 in
219 1749 318 1780 Ennii
338 1749 477 1790 reliquiis
491 1749 577 1788 apud
596 1749 786 1780 Ausonium.

170 1801 215 1831 Et
219 1802 308 1842 fetus
323 1801 366 1830 ita
382 1801 557 1838 scn'bimus‚
567 1811 632 1830 non
642 1811 698 1839 per
709 1812 734 1830 ω
747 1801 906 1840 duplicem

170 1852 308 1882 literam:
334 1852 405 1882 vide
422 1853 462 1882 A.
483 1851 635 1887 Gellium,
649 1852 711 1882 x‘vi.
733 1856 780 1882 12.
798 1852 850 1883 fin.

175 1905 346 1942 Caeterum,
370 1903 458 1943 digni
474 1910 557 1939 sunt,
581 1903 634 1943 qui
650 1903 820 1934 lectoribus
834 1914 905 1944 pro-

172 1962 333 1996 ponantur
348 1956 474 1996 integri,
498 1966 562 1985 non
578 1956 788 1995 intempestivi
802 1967 907 1987 versus

172 2019 210 2039 ex
229 2007 347 2038 Sedulii
359 2009 461 2047 pasch.
477 2018 572 2038 carm.
588 2007 640 2038 lib.
660 2012 685 2039 1.
702 2018 762 2039 ver.
779 2012 831 2039 57.

555 2075 601 2100 sed
612 2082 723 2100 amoena
733 2075 819 2101 vireta

204 2116 361 2141 Florentum
372 2122 479 2147 semper
489 2121 645 2144 nemorum,
656 2115 783 2145 sedesque
794 2115 895 2146 beatas,

203 2157 251 2180 Per
263 2155 353 2180 latices
364 2155 464 2179 intrate
474 2154 531 2186 pios
541 2161 547 2178 ε
565 2154 612 2178 ubi
622 2154 724 2179 semina
734 2155 801 2179 vitae

203 2195 305 2220 Divinis
316 2195 471 2219 anirnantur
481 2194 566 2225 aquiS‚
577 2197 605 2218 et
615 2192 694 2218 fonte
703 2200 818 2225 superno

203 2234 342 2268 Laetificata
353 2241 418 2266 seges
429 2233 509 2266 spinis
519 2232 669 2257 mundatur
680 2232 825 2265 ademptis.

175 2292 238 2323 Sed
253 2292 394 2333 legerim,
418 2294 562 2332 germina
578 2293 666 2326 vz'tae;
693 2301 764 2331 quae
789 2291 906 2322 scilicet

176 2344 210 2374 in
226 2343 328 2373 viretis
343 2353 512 2373 nemorum
526 2342 651 2381 florent,
675 2341 772 2373 modo
787 2353 909 2373 memo-

175 2394 262 2424 ratis:
289 2400 325 2424 ut
340 2394 425 2424 idem
439 2393 535 2424 etiam
550 2393 590 2424 de
606 2400 713 2433 segete,
736 2393 788 2424 lib.
804 2404 831 2425 v.
847 2404 909 2425 ver.

180 2451 251 2478 150.

206 2526 269 2535 ——
279 2514 476 2539 redundantem
486 2514 626 2539 cumulato
634 2514 747 2546 germine
757 2521 882 2540 messem.

218 2570 296 2600 Ver.
317 2572 387 2601 195.
409 2575 522 2600 secreta
539 2571 623 2600 cibo:
647 2570 667 2600 i.
683 2581 710 2601 e.
736 2578 876 2610 separata
889 2584 908 2604 a

176 2622 256 2658 cibo,
283 2621 331 2652 vel
361 2621 480 2660 privata
504 2621 582 2652 cibo.
628 2622 731 2652 Simili
754 2624 909 2665 regimine

175 2674 322 2704 dictionis
336 2672 467 2703 feliciter
488 2683 564 2702 usus
579 2678 625 2703 est
641 2673 816 2714 Ausonius,
834 2677 907 2707 Mo.

177 2725 245 2756 sell.
267 2729 335 2756 180.

498 2799 583 2824 quum
595 2793 712 2825 praebuit
722 2794 809 2825 horas,

241 2844 350 2866 Secretas
361 2842 504 2866 hominum
515 2845 590 2872 coetu,
601 2842 757 2874 flagrantior
766 2846 857 2868 aestus.

223 2898 301 2929 Ver.
322 2902 390 2931 196.
418 2902 595 2940 Propagare
607 2910 704 2940 genus
713 2913 721 2930 .·
742 2899 761 2930 i.
771 2910 796 2930 e.
807 2911 908 2941 genus

945 908 1025 949 juge
1051 907 1146 947 longe
1160 907 1298 944 mittere,
1323 906 1549 945 interpretante
1567 906 1682 938 Nonio.

952 960 1060 998 smus,
1079 960 1163 989 Pun.
1184 959 1215 989 ii.
1233 962 1284 989 52.

1239 1019 1352 1051 populi8‚
1365 1019 1504 1051 seclisque,
1514 1023 1636 1053 propaget

981 1061 1073 1091 Regna
1085 1059 1175 1084 ferox.

995 1108 1075 1139 Ibid.
1092 1111 1244 1148 vitamque
1255 1109 1355 1138 tueri:
1381 1108 1401 1138 i.
1417 1118 1443 1138 e.
1460 1119 1478 1138 a
1494 1108 1579 1138 fame
1594 1113 1687 1149 atque

951 1160 1022 1190 aliis
1062 1160 1254 1197 infortuniis,
1291 1160 1479 1200 quibuscum
1514 1160 1687 1190 mortalitas

951 1212 1063 1243 luctari
1091 1211 1179 1247 solet,
1203 1210 1376 1251 defendere.
1434 1211 1578 1249 Ovidius,
1608 1212 1686 1242 trist.

949 1263 987 1293 iv.
1004 1263 1023 1293 i.
1040 1267 1090 1294 69.

981 1323 1070 1354 Quam
1083 1321 1211 1346 miserum
1224 1320 1302 1353 porta
1315 1320 1413 1351 vitam,
1425 1327 1570 1352 muroque,
1580 1321 1663 1348 tueri!

951 1372 995 1402 Et
1009 1371 1082 1401 ibid.
1098 1382 1126 1401 v.
1144 1376 1172 1403 9.
1192 1374 1240 1401 15.

1014 1431 1061 1457 Ille
1072 1432 1146 1457 dedit
1158 1432 1246 1457 vitam
1255 1440 1267 1461 ;
1286 1436 1327 1463 tu,
1340 1440 1421 1464 quam
1435 1433 1509 1458 dedit
1521 1433 1574 1464 ille,
1586 1433 1674 1459 tueris.

996 1481 1072 1512 Ver.
1093 1484 1163 1513 197.
1188 1481 1228 1512 Id
1244 1488 1301 1519 est,
1327 1484 1349 1500 “
1368 1481 1449 1512 Satis
1474 1481 1573 1522 liquet
1597 1493 1687 1513 suam

953 1536 974 1550 “
989 1534 1114 1563 subesse
1130 1533 1302 1573 unicuique
1316 1533 1360 1563 rei
1377 1534 1552 1572 materiem,
1564 1534 1690 1574 propria

954 1589 973 1602 ‘⁶
989 1585 1172 1624 primordia,
1195 1586 1282 1616 unde
1304 1586 1485 1616 exoriantur
1500 1592 1532 1617 et
1546 1597 1687 1628 augmen

954 1639 975 1654 “
991 1643 1134 1666 sumant:
1155 1647 1256 1677 quum
1272 1647 1345 1668 vero
1359 1648 1408 1668 res
1423 1638 1542 1669 eaedem
1557 1639 1686 1669 videan-

952 1690 973 1706 “
989 1694 1041 1718 tur
1071 1699 1108 1718 ea
1134 1688 1343 1727 suppeditare,
1374 1699 1412 1718 ex
1443 1689 1556 1729 quibus
1585 1689 1688 1719 multa

952 1744 974 1759 “
991 1739 1141 1770 animalia
1150 1739 1370 1780 grandescant,
1380 1750 1445 1769 non
1455 1739 1587 1770 absurde
1596 1746 1688 1779 putes

952 1795 973 1809 “
990 1791 1085 1820 etiam
1111 1793 1209 1821 multa
1237 1801 1304 1821 esse
1326 1801 1434 1820 rerum
1457 1791 1684 1823 nonnullarum

952 1846 974 1861 “
991 1841 1173 1872 communia
1179 1843 1340 1882 principia
1348 1856 1358 1873 :
1371 1848 1495 1872 tantum
1505 1844 1591 1874 abest
1603 1843 1686 1874 scili-

952 1898 973 1912 “
991 1901 1038 1924 cet
1054 1900 1090 1923 ut
1105 1896 1192 1925 nulla
1208 1894 1270 1924 sint
1290 1897 1466 1935 principia,
1494 1902 1525 1926 et
1547 1907 1565 1926 e
1587 1899 1684 1927 nihilo

953 1951 975 1966 “
991 1947 1098 1977 omnia
1113 1946 1338 1986 proveniant!’'

994 2000 1070 2029 Ver.
1093 2003 1164 2030 198.
1188 2001 1354 2030 elementa:
1374 1999 1393 2029 i.
1411 2009 1437 2030 e.
1453 2000 1620 2031 verborum
1636 2012 1683 2032 se-

951 2051 1058 2085 mina3
1082 2051 1152 2081 w'de
1178 2051 1218 2081 ad
1249 2061 1312 2081 ver.
1341 2055 1393 2082 82.
1422 2062 1538 2091 nempe
1567 2053 1684 2085 literas.

951 2103 1118 2142 Horatius,
1135 2109 1189 2134 sat.
1204 2102 1226 2134 i.
1248 2106 1275 2133 1.
1289 2106 1339 2134 25.

1113 2174 1144 2195 ut
1152 2170 1241 2202 pueris
1252 2170 1317 2195 olim
1328 2171 1395 2195 dant
1406 2171 1523 2196 crustula
1534 2172 1626 2197 blandi

983 2212 1123 2241 Doctores,
1135 2210 1255 2234 elementa
1267 2210 1352 2235 velint
1363 2214 1394 2235 ut
1405 2211 1505 2236 discere
1515 2211 1613 2243 prima.

991 2267 1066 2297 Ver.
1099 2270 1170 2297 ¹200.
1202 2278 1319 2307 parare
1332 2282 1342 2298 .·
1389 2271 1412 2286 “
1440 2269 1685 2308 κατασκευαζειν,

954 2322 975 2337 “
992 2318 1154 2355 efficei·e;'’
1177 2318 1267 2348 docte
1290 2325 1321 2349 et
1335 2319 1474 2358 apposite
1489 2319 1678 2350 Lambinus:

953 2370 1033 2401 mihi
1049 2377 1154 2400 tamen
1169 2370 1329 2409 persuasio
1340 2371 1464 2409 insedit,
1475 2371 1685 2411 antiquiorem

955 2422 1111 2452 Romanae
1126 2422 1245 2463 linguae
1261 2422 1442 2459 formulam,
1458 2422 1605 2460 librarIis,
1627 2433 1686 2462 pro

950 2480 1045 2513 captu
1059 2483 1117 2504 suo
1139 2484 1220 2503 nova
1236 2479 1268 2503 et
1285 2473 1462 2514 vulgatiora
1487 2472 1684 2512 callentibus,

951 2526 1098 2555 obrutam
1110 2524 1274 2555 sublatere.
1308 2525 1436 2563 Scripsit
1451 2524 1604 2554 nimirum
1615 2525 1683 2555 Lu-

952 2577 1076 2613 cretius,
1094 2587 1168 2608 cum
1179 2577 1276 2607 unius
1287 2576 1420 2606 literulae
1435 2575 1658 2616 discrepantia:

982 2644 1115 2675 Denique,
1126 2652 1196 2676 quur
1206 2645 1330 2670 homines
1340 2648 1431 2669 tantos
1442 2648 1538 2670 natura
1545 2646 1632 2678 parire

983 2685 1043 2709 Non
1054 2685 1161 2716 potuit?

953 2741 1152 2781 Pomponius
1167 2740 1251 2780 apud
1267 2740 1425 2772 Nonium:

1015 2801 1039 2825 Si
1051 2807 1194 2832 praegnans
1206 2807 1261 2825 non
1272 2808 1309 2832 ec,
1318 2801 1416 2834 paribis
1426 2808 1587 2834 numquam.

952 2849 1126 2880 Diomedes
1157 2850 1393 2890 grammaticuS‚
1430 2850 1482 2881 lib.
1510 2851 1528 2882 i.
1556 2862 1584 2890 p.
1610 2855 1682 2883 578.

953 2905 975 2921 ‘⁸
993 2901 1101 2939 Pario,
1111 2911 1186 2933 cum
1201 2911 1239 2932 ex
1254 2902 1314 2933 hoc
1329 2902 1476 2934 dicamus
1489 2902 1680 2933 infinitivum
