1894 3253
220 225 314 265 340

711 218 771 264 T.
821 215 1206 263 LUCRETII

364 350 447 392 Sed
466 349 598 405 magis
616 348 704 403 ipsa
725 362 852 388 manu
873 346 1047 397 ducunt,
1070 355 1111 388 et
1131 347 1297 388 credere
1317 356 1488 405 cogunt,

363 424 434 466 Ex
453 422 725 472 insensssibus,
748 422 862 478 quod
877 422 986 472 dico,
1010 422 1202 463 animalia
1221 423 1351 480 gigni.

249 500 330 540 870

419 496 587 551 Quippe
607 496 748 537 videre
767 496 876 546 licet,
898 495 1014 537 vivos
1036 497 1229 538 exsistere
1249 498 1422 538 vermeis

366 572 556 614 Stercore
575 570 628 611 de
647 579 770 621 tetro,
793 579 984 626 putorem
1005 587 1130 627 quom
1152 571 1227 612 sibi
1247 581 1370 614 nacta
1389 581 1464 622 est,

364 645 666 700 Intempestivis
686 660 739 686 ex
758 645 960 687 imbribus
979 645 1167 696 humida,
1190 646 1318 687 tellus.

367 719 590 770 Praeterea,
614 728 781 761 cunctas
801 721 945 761 itidem
965 736 1029 761 res
1050 729 1211 762 vortere
1231 736 1330 762 sese:

365 794 550 835 Vortunt
570 809 612 834 se
630 794 768 835 fluviei
788 795 832 834 in
852 794 1050 845 frimdeis,
1073 803 1114 836 et
1133 795 1285 849 pabula
1303 795 1398 836 laeta

251 870 331 909 875
365 868 417 909 In
437 867 634 923 pecudes3
668 876 837 909 vortunt
857 867 1034 922 pecudes
1054 869 1098 908 in
1119 883 1294 922 corpora
1314 876 1455 908 nostra

368 942 574 984 Naturam
581 960 594 991 ;
627 950 667 983 et
687 950 829 983 nostro
849 941 901 982 de
921 956 1094 996 corpore
1114 955 1222 996 saepe
1242 941 1421 983 ferarum

220 1103 243 1119 ⁸‘
258 1110 363 1132 rerum
379 1101 560 1141 primordia:
587 1102 636 1132 his
657 1112 732 1143 ergo
747 1101 949 1143 qualitatibus

224 1155 246 1170 “
263 1163 327 1183 non
343 1154 477 1184 obnoxia
493 1154 723 1194 reperiuntur.'’

262 1205 337 1235 Ver.
354 1210 428 1237 860.
452 1218 470 1235 a
494 1208 579 1236 abest
602 1207 649 1236 M.
694 1207 739 1237 Et
760 1209 891 1237 nihilum
914 1206 948 1236 in

220 1266 280 1287 ver.
298 1261 367 1288 865.
384 1258 531 1288 exhibent
547 1258 644 1288 Vind.
660 1259 702 1287 V.
717 1258 764 1288 ed.
782 1259 820 1293 Q„

265 1308 339 1338 Ver.
369 1311 441 1338 864.
475 1319 641 1348 quomque.-
678 1313 713 1337 Δ.
745 1308 784 1338 Ο.
816 1314 942 1343 cuncta;

221 1358 316 1396 male,
331 1359 371 1388 ob
386 1361 487 1388 omnia
505 1358 538 1388 in
553 1369 642 1388 versu
658 1359 763 1389 statim
779 1359 929 1390 veniente.

264 1410 337 1440 Ver.
352 1413 424 1441 865.
453 1412 656 1441 insensilibus.
702 1411 875 1448 Arnobius‚
896 1411 948 1441 lib.

220 1461 260 1492 vi.
289 1472 318 1500 p.
351 1464 422 1491 201.
468 1465 489 1479 “
507 1462 588 1496 Quae
625 1464 783 1492 insensilia
819 1462 950 1492 fuerunt

220 1516 243 1531 ‘⁶
259 1512 364 1552 paullo
379 1518 463 1549 ante,
488 1512 563 1542 facit
579 1519 613 1542 ut
633 1513 695 1542 sint
710 1514 790 1551 viva,
815 1519 845 1543 et
860 1514 948 1553 spiri-

219 1567 243 1583 “
258 1564 312 1593 tali
327 1564 498 1604 agitatione
514 1564 740 1596 moveantur?'’

261 1615 335 1644 Ver.
361 1618 433 1646 866.
456 1615 610 1655 refutant:
647 1616 745 1646 Vind.
765 1617 805 1647 V.
833 1616 879 1647 ed.
908 1617 946 1653 Q.

220 1672 261 1696 Π.
277 1671 312 1697 Σ.
330 1673 375 1696 Ω.
397 1673 557 1706 τε]ηιίαηὶ;
587 1668 626 1697 Ο.
644 1673 678 1698 Δ.
695 1675 878 1707 repugnant.

262 1717 343 1748 Ibid.
358 1729 452 1758 neque
468 1721 501 1748 id
518 1719 680 1759 manifesta
697 1721 843 1761 refutant.
861 1725 882 1739 “
896 1721 947 1751 SIC

219 1774 240 1788 “
258 1770 375 1801 solebat
389 1771 549 1801 interdum
561 1782 632 1801 suas
647 1773 816 1802 sententias
831 1784 947 1813 suaque

220 1826 242 1841 “
259 1822 381 1853 decreta
410 1823 595 1854 confirmare
619 1825 788 1863 Epicurus,
819 1836 855 1855 ea
878 1837 948 1866 quae

219 1879 241 1894 “
258 1886 322 1906 non
337 1876 428 1906 facile
443 1887 536 1907 sensu
547 1878 671 1916 probari
687 1884 827 1917 possent:
850 1892 948 1909 ταυτα

219 1932 240 1946 “
259 1941 275 1959 ⁸
293 1942 431 1969 μαχεται
456 1943 512 1962 τοις
538 1937 717 1969 φαινιμενως·
742 1937 784 1967 et,
812 1929 870 1961 εἷεν
893 1945 948 1961 των

219 1984 240 1997 “
256 1987 423 2020 φαινομενων
441 1993 536 2015 τετοις
553 1982 782 2024 αντιμαρτυρει.”

761 2033 946 2064 Lambinus.

260 2081 336 2111 Ver.
351 2085 423 2113 869.
447 2084 532 2112 dico:
559 2082 596 2112 P.
612 2085 688 2113 duco
695 2097 706 2118 ;
740 2084 793 2113 sed
816 2085 947 2114 omnino

220 2133 314 2164 male.

260 2185 337 2215 Ver.
353 2187 424 2215 870.
448 2185 515 2215 Hic
530 2186 618 2216 locus
632 2186 665 2215 in
681 2179 780 2217 oculis
800 2193 866 2217 erat
881 2188 944 2217 Ar-

218 2236 321 2272 nobio,
337 2235 378 2267 ad
392 2236 443 2266 lib.
459 2236 491 2267 ii.
514 2248 543 2276 p.
561 2241 611 2268 46.
634 2238 718 2278 quod
733 2249 835 2279 neque
850 2238 945 2268 Lam-

217 2287 292 2318 bino
314 2293 360 2317 est
384 2287 632 2318 inobservatum:
662 2293 685 2306 “
701 2289 767 2319 Cur
789 2289 946 2319 malorum

219 2343 242 2358 ‘⁶
258 2344 345 2369 tanta
373 2339 550 2378 experiatur
584 2339 748 2371 examina?
789 2340 948 2370 Utrumne

217 2394 239 2409 “
256 2390 349 2420 illum
370 2392 467 2426 tellus,
498 2390 627 2431 uliginis
649 2391 782 2431 alicujus
802 2401 949 2422 conversa

218 2446 243 2460 “
254 2449 375 2482 putore,
403 2448 554 2482 tanquam
575 2454 696 2478 vermes,
719 2443 948 2474 animaverit?'’

220 2494 296 2531 Qui,
320 2493 359 2523 ad
381 2493 433 2523 lib.
448 2494 498 2524 vii.
524 2505 553 2533 p.
574 2497 645 2524 2524.
669 2508 702 2524 ιτα
724 2501 852 2525 stercore
873 2501 947 2525 tetro

218 2545 445 2575 Lucretianum
467 2545 622 2584 exprimit,
647 2544 737 2575 nullo
763 2545 858 2575 modo
872 2556 946 2575 con-

217 2603 266 2626 tra
280 2597 375 2627 libros
388 2597 612 2627 demutandus:
642 2601 663 2615 ‘⁴
680 2597 724 2627 Et
739 2597 815 2637 quid
834 2599 893 2627 hoc
908 2599 946 2627 ab

218 2648 312 2677 “illo
333 2648 447 2685 differt,
477 2659 551 2679 cum
577 2655 608 2679 et
633 2649 711 2688 ipsa,
742 2649 767 2678 si
791 2649 945 2687 nondum,

218 2703 242 2717 “
258 2699 364 2730 futura
378 2700 439 2730 sint
461 2708 606 2738 stercora,
630 2707 671 2738 et,
695 2701 803 2742 exigui
825 2708 944 2740 tempo-

220 2756 243 2772 “
258 2754 302 2782 ris
316 2755 473 2786 contracta
493 2756 716 2796 interjectione,
734 2756 944 2796 putescant?”

218 2805 376 2835 Nonnulli
390 2807 513 2846 volunt,
523 2815 703 2848 putrescant
709 2824 720 2844 ;
747 2809 814 2838 sine
829 2808 944 2839 caussa.

262 2856 337 2886 Ver.
355 2860 426 2887 871.
445 2866 602 2897 patrarem
619 2861 767 2890 exhibent
783 2860 822 2890 B.
840 2860 876 2890 L.
894 2870 949 2890 cu-

217 2907 270 2946 jus
283 2907 327 2938 rei
342 2907 417 2940 fides
431 2908 508 2941 alios
523 2910 561 2941 sit
576 2921 684 2950 penes:
713 2910 824 2952 reliqui
840 2921 950 2942 onmes

992 1102 1107 1132 habent
1124 1107 1262 1142 putorem
1270 1117 1280 1137 ;
1307 1099 1376 1130 vide
1396 1109 1456 1130 ver.
1472 1102 1544 1131 928.
1568 1103 1604 1129 ut
1627 1097 1727 1130 editio

992 1153 1136 1192 princeps
1152 1152 1295 1183 Arnobii.

1036 1215 1110 1245 Ver.
1137 1217 1210 1245 872.
1234 1216 1473 1254 Intempestivis:
1510 1214 1530 1244 i.
1549 1224 1575 1243 e.
1601 1213 1635 1243 in
1661 1213 1727 1253 pri-

991 1267 1092 1296 mario
1118 1277 1220 1302 sensu,
1252 1273 1362 1306 praeter
1393 1277 1483 1297 suam
1509 1271 1725 1305 tempestatem

992 1317 1186 1354 cadentibus,
1209 1317 1341 1357 ideoque
1356 1327 1412 1356 pro
1428 1323 1568 1356 tempore
1583 1318 1724 1356 magnis,-

993 1368 1078 1398 unde
1093 1368 1292 1408 generaliter,
1315 1371 1453 1408 copiosis,
1476 1370 1720 1399 abundantibus:

993 1419 1062 1450 vide
1077 1419 1159 1449 dicta
1174 1419 1214 1449 ad
1229 1430 1256 1449 v,
1275 1423 1345 1451 984.

1037 1483 1119 1513 Ibid.
1144 1494 1179 1513 ez·
1206 1484 1350 1512 imbribus
1377 1484 1513 1512 humida.
1559 1482 1621 1511 Par
1642 1480 1724 1521 regi-

991 1544 1066 1563 men
1083 1533 1220 1574 Virgilio
1234 1533 1363 1572 placuit,
1379 1533 1414 1562 in
1430 1532 1484 1562 ecl.
1501 1541 1529 1561 x.
1545 1535 1598 1562 20.

1038 1622 1143 1647 Uw'dus
1154 1622 1264 1648 hiberna
1281 1622 1355 1647 venit
1367 1621 1397 1646 de
1405 1621 1499 1653 geande
1509 1621 1653 1646 Menalcas.

1032 1704 1108 1735 Ver.
1124 1708 1196 1735 373.
1223 1704 1264 1734 In
1288 1709 1475 1744 argumento
1496 1704 1587 1742 poeta
1608 1703 1724 1743 pergit,

990 1765 1026 1787 ut
1042 1758 1183 1788 ostendat
1197 1757 1349 1797 pluribus,
1372 1756 1498 1787 sensilia
1513 1767 1550 1786 ex
1566 1755 1724 1786 insensili-

990 1810 1049 1839 bus
1078 1810 1177 1839 creari
1213 1819 1312 1848 posse.
1361 1808 1423 1838 Sed
1453 1808 1589 1838 auctoris
1618 1807 1724 1837 sensui

991 1859 1166 1889 enarrando
1188 1859 1456 1898 supersedendum
1481 1869 1547 1888 esse
1567 1857 1725 1894 existimo,

991 1912 1112 1951 quoties
1127 1911 1160 1940 in
1175 1918 1282 1950 aperto
1301 1911 1521 1950 conspiciatur,
1545 1915 1576 1939 et
1590 1909 1638 1939 vel
1654 1919 1723 1949 per-

990 1963 1149 1993 functorie
1162 1963 1338 2003 legentibus
1353 1962 1544 2001 deprehendi
1559 1961 1662 2001 possit.

993 2015 1163 2051 Caeterum‚
1188 2025 1280 2053 super
1295 2016 1354 2044 hoc
1369 2024 1461 2043 versu
1476 2023 1586 2043 caussa
1600 2012 1722 2042 videtur

989 2066 1171 2106 ambigendi
1186 2066 1224 2096 de
1242 2066 1302 2096 fide
1320 2077 1439 2102 eorum,
1459 2066 1513 2105 qui
1537 2065 1624 2095 codd.
1641 2064 1723 2094 Vin-

990 2117 1220 2147 dobonensium
1236 2123 1266 2146 et
1282 2116 1487 2147 Lcidensium
1502 2115 1663 2145 varietates
1674 2125 1723 2145 re-

989 2169 1100 2199 tulere:
1128 2179 1203 2198 nam
1230 2170 1265 2199 P.
1283 2169 1323 2198 V.
1348 2167 1394 2197 ed.
1422 2173 1458 2197 Δ.
1475 2173 1515 2197 Π.
1533 2171 1567 2197 Σ.
1589 2176 1648 2205 pro
1669 2168 1722 2197 ite·-

989 2223 1068 2258 dem,
1085 2220 1195 2260 legunt
1211 2222 1244 2250 in
1261 2221 1353 2256 idem,
1366 2218 1452 2259 quod
1466 2224 1556 2248 sonat
1570 2220 1612 2248 ad
1628 2220 1720 2257 idem,

990 2271 1039 2301 vel
1053 2271 1093 2301 ad
1109 2271 1243 2301 eundem
1268 2281 1402 2300 morem:
1431 2276 1462 2300 et
1480 2271 1539 2300 hoc
1554 2269 1692 2300 fortassis
1705 2280 1726 2300 a

990 2323 1137 2353 Lucretio
1153 2329 1213 2360 est;
1236 2323 1302 2360 sed,
1324 2330 1359 2352 ut
1375 2333 1407 2352 se
1425 2332 1473 2352 res
1488 2323 1591 2360 habet,
1607 2321 1726 2363 aliquid

991 2384 1105 2405 novare
1119 2374 1330 2414 periculosum
1348 2380 1464 2413 putem.

1034 2439 1109 2469 Ver.
1132 2442 1203 2470 874.
1227 2441 1260 2469 in
1273 2440 1440 2479 frundeis:
1475 2445 1511 2468 ut
1535 2439 1652 2469 scilicet
1679 2445 1723 2469 te—

991 2502 1074 2522 nera>
1085 2490 1230 2532 frondes,
1253 2491 1365 2532 quibus
1386 2491 1521 2531 pecudes
1543 2496 1721 2528 vescuntur,

991 2557 1047 2585 pro
1075 2547 1187 2586 pabulo
1220 2546 1406 2587 generaliter
1427 2546 1646 2577 adhibeantur:
1681 2544 1721 2574 ad

991 2609 1087 2639 quam
1102 2608 1258 2636 normam,
1280 2599 1421 2629 brevitati
1437 2598 1607 2635 studentes,
1621 2596 1721 2636 poe'tae

991 2650 1160 2689 saepissime
1175 2650 1275 2680 solent
1297 2651 1390 2691 loqui.
1435 2651 1524 2681 Huic
1538 2650 1718 2687 interpreta—

990 2702 1068 2732 tioni
1085 2708 1191 2732 noster
1206 2703 1360 2732 consentit
1375 2712 1478 2741 supra,
1495 2701 1535 2732 ad
1548 2710 1608 2730 ver.
1625 2701 1696 2729 596.

1023 2797 1102 2822 Unde
1113 2798 1195 2822 etiam
1209 2796 1438 2828 fluidassrundeis,
1450 2797 1477 2819 et
1487 2792 1580 2826 pabula
1591 2792 1666 2821 laeta,

1022 2837 1180 2869 montivago
1192 2837 1283 2869 generi
1295 2836 1375 2868 possit
1386 2834 1506 2867 praebere
1515 2832 1643 2857 ferarum.

995 2912 1046 2943 Sic
1062 2911 1101 2943 de
1112 2913 1247 2954 floribus
1264 2908 1450 2946 Columella,
1469 2918 1498 2938 x.
1518 2910 1587 2937 101.
