1894 3253
226 295 383 336 xxxviii
788 291 1243 334 ARGUMENTA.

227 418 373 474 quibus
393 418 570 473 probare
590 423 778 465 conatur,
801 415 908 456 hanc
929 430 1171 472 compagem
1191 429 1277 454 non
1298 429 1322 454 a
1341 413 1418 455 diis
1439 416 1716 467 constitutam,

228 502 269 534 et
288 492 503 534 mortalem
523 505 619 531 esse.
680 489 734 530 V.
759 489 829 529 Ad
859 504 940 530 ver.
973 492 1067 530 417.
1100 497 1276 545 quatuor
1306 488 1520 539 elementa,
1551 498 1719 540 terram,

229 582 393 623 aquam,
416 568 524 614 a'e'ra,
547 565 701 620 ignem,
726 580 748 605 e
769 564 916 619 quibus
931 563 1109 605 mundus
1131 572 1304 613 constat,
1337 563 1450 604 nasci
1471 572 1510 604 et
1540 563 1721 614 interire,

228 649 269 682 et
288 640 462 696 proinde
482 639 685 680 mundum
706 639 839 694 ipsum
861 639 1092 694 aliquando
1111 638 1324 693 incepisse,
1357 637 1577 693 aliquando
1599 638 1721 678 etiam

227 716 471 771 periturum,
488 714 642 770 arguit3
665 713 866 768 variisque
879 713 965 753 aliis
978 713 1229 769 argumentis
1242 712 1474 762 confirmat,
1489 712 1596 753 hanc
1613 726 1726 752 com-

227 804 376 846 pagem
397 803 472 830 nec
488 788 539 829 ab
560 796 716 829 aeterno
737 788 950 837 exstitisse,
973 802 1106 842 neque
1125 785 1305 827 futuram
1325 801 1410 827 esse
1439 786 1725 826 immortalem.

228 864 306 904 VI.
330 863 399 904 Ad
420 878 502 903 ver.
526 867 622 902 510.
644 862 728 918 agit
749 861 801 901 de
830 862 966 915 primo
995 860 1139 901 mundi
1171 868 1337 909 exortu;
1371 868 1411 900 et
1441 860 1607 916 singulis
1642 860 1727 915 ejus

227 938 428 993 partibus,
451 945 575 991 prout
595 936 802 993 graviores
823 944 894 974 aut
913 935 1082 974 leviores
1103 944 1212 983 sunt,
1236 934 1348 974 sedes
1369 949 1459 975 suas
1475 943 1515 975 et
1534 934 1645 974 locos
1665 949 1729 974 as-

225 1013 374 1069 signat.
437 1011 537 1051 VH.
562 1010 631 1050 Ad
651 1024 734 1050 ver.
757 1013 852 1048 613.
886 1007 1015 1047 multa
1046 1006 1098 1046 de
1134 1007 1224 1047 coeli
1258 1015 1297 1047 et
1333 1007 1512 1047 siderum
1547 1007 1728 1048 motibus

227 1085 439 1141 proponit,
463 1093 505 1125 at
525 1083 628 1124 nihil
649 1082 747 1123 certi
771 1081 970 1122 decernit:
1003 1079 1153 1121 deinde
1173 1080 1309 1130 docet,
1332 1095 1405 1121 cur
1425 1089 1549 1130 terra,
1573 1096 1646 1122 cur
1665 1089 1729 1122 to-

227 1169 271 1201 ta
291 1174 524 1214 compages,
548 1157 659 1212 quod
690 1171 837 1210 corpus
868 1170 992 1212 grave
1027 1163 1101 1204 est,
1138 1154 1236 1196 nulli
1272 1154 1542 1196 fundamento
1569 1155 1727 1205 innixa,

228 1233 420 1289 pendeat:
455 1232 580 1272 solem
600 1230 791 1285 denique,
824 1230 979 1279 lunam,
1014 1229 1160 1279 sidera,
1189 1230 1377 1279 metitur3
1411 1238 1533 1285 atque
1562 1229 1629 1270 illa
1654 1244 1731 1270 nec

228 1307 385 1362 majora
424 1320 500 1346 nec
539 1304 702 1345 minora
742 1319 841 1353 esse,
884 1318 1007 1358 quam
1048 1303 1166 1344 nobis
1207 1312 1421 1358 apparent,
1468 1303 1730 1358 pronunciat.

231 1381 357 1422 VIII.
390 1379 460 1420 Ad
480 1393 562 1419 ver.
585 1380 680 1418 770.
703 1378 834 1418 varias
855 1378 1066 1433 utriusque
1087 1377 1259 1427 solstitii,
1293 1378 1421 1418 aestivi
1446 1386 1486 1418 et
1514 1377 1728 1433 hyemanS‚

230 1470 389 1497 caussas
410 1453 563 1502 reddit;
597 1467 679 1507 quo
701 1451 826 1492 modo
848 1466 933 1491 nox
953 1450 1041 1501 fiat,
1065 1466 1138 1492 cur
1169 1466 1318 1492 aurora
1348 1451 1474 1492 solem
1503 1451 1728 1506 praecedat,

231 1544 304 1571 cur
324 1529 409 1569 dies
430 1536 470 1568 et
490 1535 630 1567 noctes
650 1525 825 1566 vicissim
847 1540 931 1566 sese
952 1532 1159 1580 superent,
1192 1540 1266 1566 cur
1296 1524 1394 1566 luna
1424 1525 1581 1566 vultum
1611 1533 1652 1566 et
1681 1524 1731 1565 fi-

230 1618 378 1660 guram
399 1602 542 1650 variet,
565 1615 638 1641 cur
659 1599 836 1655 denique
856 1599 914 1640 sol
935 1614 982 1639 ac
1006 1598 1104 1639 luna
1133 1599 1301 1653 eclipsin
1331 1600 1556 1653 patiantur,
1589 1599 1731 1655 dispu-

231 1685 304 1718 tat.
366 1676 448 1717 IX.
472 1674 653 1723 Deinde,
676 1689 701 1714 a
728 1673 830 1715 coelo
864 1672 1129 1722 descendens,
1168 1672 1406 1723 herbarum,
1441 1674 1651 1723 arborum,
1689 1689 1734 1714 a-

232 1751 359 1799 vium,
382 1750 615 1798 brutorum,
639 1748 871 1797 hominum,
895 1747 1073 1803 origines
1094 1746 1299 1787 describit.
1361 1746 1419 1787 X.
1442 1747 1513 1788 Ad
1528 1762 1611 1788 ver.
1634 1751 1731 1788 835.

232 1832 417 1866 monstra
436 1838 614 1878 quoque,
637 1821 781 1862 mutila
801 1820 992 1876 quaedam
1013 1829 1134 1875 atque
1154 1819 1394 1875 imperfecta
1413 1821 1619 1872 animalia,
1641 1836 1734 1862 nas-

232 1899 269 1940 ci
291 1897 496 1946 concedit3
531 1896 600 1936 sed
624 1895 868 1943 Chimaeras,
894 1894 1139 1944 Centauros,
1175 1893 1341 1949 Scyllas,
1373 1894 1609 1951 reliquaque
1637 1896 1737 1950 poe-

232 1981 369 2014 tarum
389 1978 595 2025 portenta,
619 1968 794 2009 suaviter
814 1967 983 2007 deridet.
1047 1968 1129 2008 XI.
1161 1967 1362 2017 Demum,
1395 1984 1420 2008 a
1439 1983 1521 2009 ver.
1554 1973 1650 2010 922.
1681 1969 1735 2011 ad

234 2061 317 2087 ver.
345 2049 465 2085 1090.
487 2043 716 2097 primorum
737 2040 955 2081 hominmn
978 2040 1097 2089 vires,
1120 2039 1266 2080 rudem
1287 2041 1428 2092 vitam,
1460 2042 1630 2093 cultum,
1652 2043 1736 2083 vic-

236 2131 341 2172 tum,
364 2120 593 2177 ingenium,
616 2132 768 2166 mores,
792 2115 1014 2165 domicilia,
1037 2115 1317 2165 matrimonia,
1349 2115 1558 2166 describit3
1592 2126 1633 2157 et
1660 2116 1735 2157 do-

237 2205 315 2247 cet,
338 2195 449 2237 unde
471 2209 619 2243 sermo,
642 2207 777 2241 voceS,
800 2199 840 2232 et
860 2205 1000 2232 rerum
1020 2190 1203 2230 nomina.
1265 2189 1372 2230 XII.
1405 2190 1611 2242 Tandem,
1643 2199 1737 2246 post

235 2272 375 2329 ignem
396 2270 439 2309 in
460 2277 587 2309 terras
609 2283 632 2307 a
652 2266 821 2307 fuhnine
842 2264 1038 2314 delatum,
1062 2264 1209 2305 cultior
1228 2264 1311 2305 vita
1330 2263 1436 2306 facta
1451 2273 1525 2316 est,
1547 2274 1587 2306 et
1607 2265 1736 2307 victus

236 2345 416 2394 mollior3
448 2350 569 2398 pacta
585 2350 624 2382 et
643 2341 799 2382 foedera
818 2340 1001 2381 inierunt
1024 2339 1228 2390 homines,
1250 2354 1368 2398 agros
1389 2340 1527 2395 partiti
1547 2348 1661 2390 sunt;
1695 2347 1736 2380 et

235 2418 516 2476 pulcherrimi,
549 2424 619 2457 aut
639 2416 863 2466 fortissimi,
888 2430 1004 2473 reges
1035 2415 1247 2456 constituti
1277 2424 1388 2465 sunt3
1422 2423 1463 2456 at
1482 2415 1611 2465 brevi,
1643 2413 1733 2455 orta

236 2494 451 2542 seditione,
474 2490 701 2546 respublica
722 2490 900 2540 emersit,
924 2489 977 2530 ad
997 2504 1079 2530 ver.
1107 2494 1227 2529 1160.
1290 2488 1421 2529 XIII.
1444 2489 1563 2539 Inde,
1586 2489 1639 2530 ad
1652 2502 1733 2529 ver.

247 2571 367 2607 1240.
390 2567 572 2621 disputat
592 2565 643 2606 de
664 2564 837 2605 deorum
858 2571 986 2613 metu,
1010 2571 1049 2603 et
1071 2571 1165 2603 ortu
1186 2562 1410 2619 religionis;
1444 2577 1566 2618 quam
1587 2562 1736 2603 divinae

237 2649 412 2690 naturae,
445 2649 485 2681 et
516 2655 749 2681 caussarum
780 2638 1043 2687 naturalium,
1079 2638 1325 2694 ignorantiae
1361 2646 1567 2693 acceptam
1599 2635 1734 2676 refert.

239 2715 365 2757 XIV.
399 2714 507 2763 Quae
529 2723 768 2770 sequuntur,
787 2712 1044 2754 metallorum
1066 2721 1218 2762 ortum,
1241 2713 1393 2768 primas
1413 2711 1589 2752 bellandi
1610 2718 1733 2760 artes,

239 2789 336 2830 artis
356 2788 564 2837 textrinae,
597 2788 873 2845 agriculturae,
905 2786 1093 2837 musices,
1127 2798 1167 2828 et
1197 2787 1368 2828 aliarum
1399 2786 1563 2836 artium,
1595 2792 1733 2827 ortum

240 2871 361 2920 atque
381 2877 642 2919 progressum
664 2863 891 2912 continent,
914 2875 1042 2917 usque
1062 2860 1116 2903 ad
1135 2860 1261 2903 finem
1280 2860 1385 2901 libri.
