1894 3253
541 253 777 303 LIBER

829 251 1247 301 SECUNDUS

1545 259 1639 298 243

171 395 254 432 ‘240
286 389 417 431 Haud
437 389 563 446 igitur
582 395 778 444 poterunt
797 385 1014 427 levioribus
1034 385 1216 426 incidere
1236 397 1432 439 umquam

289 465 356 506 Ex
377 479 524 519 supero
543 463 748 521 graviora,
771 475 904 516 neque
923 461 1027 501 ictus
1047 460 1218 516 gignere
1237 473 1311 513 per
1331 473 1388 508 se,

293 540 402 589 Quei
424 540 581 580 varient
600 546 752 587 motus,
774 551 848 591 per
868 549 971 590 quos
991 542 1138 576 natura
1157 542 1274 590 gerat
1295 548 1370 574 res.

290 613 385 662 Qua
407 628 452 654 re
471 613 594 654 etiam
615 621 737 667 atque
757 612 880 652 etiam
899 609 1082 664 paullum
1101 608 1299 650 inclinare
1318 622 1480 649 necesse
1499 614 1559 648 est

293 687 496 742 Corpora,
519 702 595 728 nec
614 686 704 742 plus
724 700 850 741 quam
869 685 1120 733 minumum3
1154 698 1207 724 ne
1227 683 1384 740 fingere
1405 690 1540 724 motus

181 766 263 802 245
297 761 498 817 Obliquos
519 761 746 810 videamur,
768 767 810 801 et
829 759 872 800 id
892 773 956 800 res
976 773 1073 799 vera
1092 757 1251 799 refutet.

292 836 484 892 Namque
506 836 587 877 hoc
607 837 649 877 in
670 843 883 892 promptu,
906 833 1262 889 manifestumque,
1285 848 1370 874 esse
1390 832 1591 881 videmus5

296 911 505 962 Pondera,
528 920 730 968 quantum
750 911 793 951 in
815 926 855 951 se
876 917 951 959 est,
973 924 1059 950 non
1079 924 1198 964 posse
1218 908 1383 964 obliqua
1402 922 1554 957 meare,

294 985 364 1027 Ex
384 1001 532 1041 supero
552 1001 679 1041 quom
698 985 975 1040 praecipitant,
998 983 1111 1039 quod
1131 997 1298 1024 cernere
1318 982 1461 1037 possis.

294 1060 377 1102 Sed
397 1059 500 1100 nihil
520 1060 691 1100 omnino
712 1058 824 1100 recta
844 1058 1013 1115 regione
1034 1058 1116 1098 via'l‘

176 1139 260 1175 250
290 1134 528 1186 Declinare,
551 1135 642 1191 quis
663 1142 736 1185 est,
759 1134 830 1190 qui
850 1133 978 1189 possit
998 1147 1183 1182 cernere,
1208 1146 1293 1172 sese

144 1297 332 1330 remorante,
346 1290 396 1321 vel
406 1290 595 1321 offendente.
622 1289 787 1330 Virgilius,
803 1289 877 1319 AEn.

144 1351 171 1372 v.
188 1345 260 1372 216.

465 1418 545 1442 mox,
555 1412 616 1436 ae're
626 1411 698 1436 labsa
708 1411 802 1444 quieto,

175 1453 257 1477 Radit
270 1452 321 1478 iter
331 1451 481 1484 liquidumt

145 1516 200 1547 ubi
215 1516 260 1546 vis
275 1516 414 1546 nominis
429 1517 529 1556 quieto
545 1525 611 1546 non
629 1515 769 1553 aliunde,
785 1525 882 1556 quam

147 1577 202 1606 per
228 1566 423 1602 Lucretium,
450 1566 596 1606 explicari
627 1566 882 1597 debet.—Caete-

148 1627 232 1655 rum,
249 1628 306 1657 pro
321 1624 516 1658 quapropter,
537 1618 579 1648 V.
599 1617 646 1648 ed.
663 1620 736 1658 quia
748 1624 882 1658 propter.

150 1668 284 1708 Epicuri
312 1679 404 1708 porro
418 1668 536 1707 locum,
565 1668 650 1708 apud
668 1669 765 1710 Diog.
780 1670 883 1700 La'ert.

147 1730 178 1751 x.
211 1725 263 1752 61.
304 1722 472 1752 Creechius
494 1721 579 1761 prior
600 1721 751 1759 laudavit,
783 1733 884 1764 neque

152 1772 241 1803 nobis
256 1772 352 1803 etiam
367 1773 612 1814 negligendum3
635 1780 667 1804 et
688 1774 791 1804 effatis
805 1775 884 1805 veri-

152 1824 214 1854 oris
228 1825 434 1865 philosophiae
445 1825 597 1865 reperitur
608 1826 740 1857 omnino
755 1838 885 1857 consen-

153 1881 277 1913 taneuS‚
293 1886 347 1914 per
367 1877 582 1915 experimenta
595 1877 629 1907 in
644 1888 755 1916 vacuo,
778 1885 887 1910 contra

156 1925 277 1955 nemini
300 1926 442 1957 dicenda.
488 1927 648 1966 Ipsissima
669 1930 763 1959 verba
792 1930 886 1970 scrip-

154 1976 230 2007 toris
247 1976 351 2007 Graeci
362 1977 406 2007 sic
421 1988 453 2007 se
468 1978 597 2008 habent:
627 1985 682 2010 Kou
693 1994 750 2019 μην
765 1995 816 2012 και
831 1994 887 2012 ισο-

155 2040 260 2068 ΤῶχξΙς
288 2042 448 2068 αναγκῶων
465 2043 519 2064 φας
543 2043 655 2070 α’Υᾶμὲς
681 2044 756 2069 Stvoed,
783 2033 825 2063 ὅθ’,
852 2047 886 2064 oev

156 2078 202 2109 δία
219 2091 257 2109 ’78
272 2091 337 2110 κένὲ
353 2087 536 2123 ξίςφξρωψῗαί,
559 2081 673 2121 μηδενός
697 2096 887 2115 oevffllno-Z'Wov-

157 2143 216 2164 τος·
241 2142 291 2162 επ
315 2145 374 2173 »γαρ
400 2145 440 2163 τα
465 2136 555 2175 βαρειι
581 2135 696 2165 Sara-ov
719 2136 887 2169 masna-swa

155 2194 211 2211 «rm
227 2189 333 2222 κεφων,
359 2184 401 2214 ὅτ’
425 2197 459 2215 αν
476 2198 511 2224 ’γε
532 2185 564 2218 δη
579 2185 664 2225 μηδεν
687 2198 811 2228 ocyma-qa
835 2202 888 2219 αυ-

157 2246 226 2267 47'013’
251 2246 301 2265 ετξ
318 2249 357 2266 ‘2'oe
372 2250 462 2279 {hlxpoe
478 2250 534 2268 ‘fulv
546 2245 700 2279 μεγαλων)
718 2253 820 2271 OE'oeV‘Foe
836 2253 888 2272 πθ·

157 2297 198 2325 ρον
214 2297 371 2328 συμμετρον
388 2301 506 2328 exostra,
524 2290 569 2320 ὅτ’
583 2305 617 2321 αν
631 2294 716 2330 panda
729 2292 800 2332 μηδὲ
818 2306 887 2324 emt-

163 2349 212 2369 νοις
230 2349 404 2381 mammon-⁸731·
427 2348 499 2371 κτλ.
514 2342 558 2372 Sic
570 2342 754 2383 legendum,
770 2345 891 2375 omissis

160 2392 233 2416 ante
258 2395 353 2428 κεφων
375 2391 476 2420 verbis
501 2392 664 2423 inutilibus
694 2409 797 2437 μικρων
820 2410 887 2428 και.-

163 2442 194 2467 et
217 2438 252 2467 in
276 2439 324 2474 iis,
350 2450 420 2480 quae
445 2450 629 2483 sequuntur,
654 2445 796 2487 longiora
820 2459 894 2479 sane

164 2488 265 2526 nobis,
283 2495 314 2519 et
327 2489 434 2521 lectori
450 2493 563 2524 melius
578 2495 732 2533 adeunda,
745 2499 771 2528 si
785 2498 893 2530 leviter

162 2539 367 2581 interpungas
382 2549 451 2580 post
467 2558 522 2575 των
536 2545 606 2577 &usu
621 2550 722 2588 βαρων,
743 2555 774 2579 et
789 2551 894 2580 statim

163 2590 330 2630 venientia,
347 2603 446 2634 usque
461 2595 500 2625 ad
517 2599 681 2635 πλῆξαντος
697 2598 821 2640 δυναμιν,
844 2602 893 2631 in-

163 2647 211 2671 tra
246 2645 445 2681 parenthesin
475 2646 616 2686 claudas;
653 2651 732 2680 bene
768 2653 894 2683 concin-

165 2703 241 2723 nam
253 2695 392 2734 habebis,
405 2702 497 2737 atque
506 2697 600 2739 longe
609 2700 780 2739 clariorem,
793 2704 895 2742 perio-

163 2744 253 2781 dum,
277 2757 390 2788 susque
412 2749 512 2790 deque
527 2751 666 2782 habitam
688 2754 723 2783 in
745 2754 843 2794 libris,
867 2762 897 2786 et

165 2805 259 2827 sensu
277 2799 429 2837 probabili
445 2807 611 2833 carentem.

209 2848 284 2880 Ver.
310 2854 381 2882 240.
399 2859 562 2892 poterunt.-
588 2855 629 2886 V.
655 2855 701 2886 ed.
727 2857 764 2887 Β.
793 2858 833 2888 G.
860 2858 896 2889 L.

170 2897 220 2928 M.
240 2907 421 2940 potuerunt,-
446 2906 553 2943 procul
576 2906 672 2939 dubio
694 2909 895 2941 mendose.-

171 2959 332 2991 umqimm:
359 2960 394 2986 Δ.
409 2967 576 2998 nunquam.

967 1288 1039 1318 Ver.
1057 1291 1128 1318 242.
1148 1293 1253 1327 gerat:
1287 1287 1325 1317 B.
1344 1288 1435 1326 gerit.
1478 1286 1654 1319 Lambinus

923 1350 961 1370 ex
984 1339 1114 1380 ingenio
1139 1338 1277 1378 reposuit
1299 1344 1404 1378 genat,
1432 1338 1652 1378 audacissime3

924 1398 955 1423 et
969 1391 1110 1432 probavit
1127 1390 1304 1427 Creechius,
1320 1391 1524 1431 ineptissime.

967 1452 1043 1483 Ver.
1068 1455 1139 1482 245.
1165 1452 1337 1482 inclinare:
1366 1451 1409 1480 sic
1432 1461 1543 1482 omnes
1566 1451 1650 1482 libri:

925 1503 980 1533 sed
1006 1505 1124 1534 clinare
1148 1502 1266 1542 placuit
1289 1501 1471 1540 editoribus;
1496 1513 1553 1533 nec
1577 1504 1656 1533 mihi

926 1566 1001 1585 sane
1016 1555 1123 1585 minus
1137 1554 1296 1592 arrideret,
1319 1555 1345 1584 si
1362 1554 1483 1593 scriptis
1498 1555 1655 1594 exempla-

927 1608 1025 1645 ribus,
1041 1612 1134 1647 atque
1148 1606 1284 1646 antiquis
1294 1606 1495 1645 editionibus,
1511 1607 1597 1646 prius
1608 1618 1657 1637 ar-

928 1658 1054 1688 risisset:
1082 1658 1132 1687 his
1147 1663 1253 1687 autem
1268 1657 1357 1687 aliter
1372 1657 1483 1694 visum,
1507 1664 1538 1688 et
1552 1659 1656 1689 nobis-

928 1709 1068 1750 metipsis
1089 1716 1200 1749 praeter
1222 1708 1350 1739 testium
1376 1709 1489 1739 horum
1516 1709 1658 1740 fidelium

928 1762 1148 1793 auctoritatem
1163 1772 1269 1801 sapere
1283 1771 1348 1792 non
1363 1761 1562 1800 permittitur.
1588 1762 1658 1792 Ali-

929 1824 977 1848 ter
997 1819 1092 1858 proba
1123 1827 1182 1848 vox
1212 1822 1259 1847 est
1289 1818 1368 1847 clz'no
1399 1816 1546 1856 simplex:
1587 1816 1656 1847 vide

930 1879 1004 1899 mox
1030 1869 1069 1899 ad
1095 1879 1156 1898 ver.
1173 1872 1246 1900 292.
1291 1870 1450 1899 Inclinare
1477 1873 1596 1905 autem,
1622 1871 1658 1899 de

930 1920 1012 1952 ῖίηείὶ
1038 1923 1185 1963 flectere;
1222 1920 1425 1956 intransitive,
1455 1925 1492 1950 ut
1520 1920 1657 1950 multum

931 1980 1035 2004 noster
1050 1973 1162 2014 diligit.

973 2026 1048 2056 Ver.
1074 2029 1144 2056 244.
1167 2036 1204 2056 ne
1215 2026 1340 2067 fingere
1366 2031 1464 2056 motus
1488 2027 1657 2056 videamur.

930 2077 1091 2108 Festivum
1105 2077 1283 2107 hominem!
1310 2076 1410 2112 Quasi
1425 2087 1496 2106 vero
1508 2087 1572 2106 non
1587 2077 1660 2107 satis

930 2134 1009 2159 esset
1023 2128 1063 2159 ad
1082 2128 1249 2159 libidinem
1263 2127 1408 2165 fictionis,
1431 2128 1541 2159 saltem
1556 2129 1660 2169 physi-

931 2191 979 2219 co,
1005 2180 1039 2211 in
1062 2182 1120 2211 hoc
1135 2181 1202 2220 ipso
1227 2181 1396 2211 clinamine
1419 2181 1658 2221 principiorum!

931 2232 1149 2270 —Caeterum‚
1166 2243 1221 2272 pro
1235 2244 1283 2269 ηε,
1309 2239 1349 2263 Π.
1365 2244 1398 2263 ve
1404 2248 1414 2268 ,·
1439 2233 1476 2262 Β.
1492 2244 1556 2264 nec.

977 2291 1050 2322 Ver.
1067 2294 1140 2323 245.
1165 2292 1236 2322 Hos
1258 2297 1362 2321 motus
1384 2291 1525 2332 obliquos
1544 2291 1660 2331 Epicu-

933 2353 987 2373 rus
1009 2342 1213 2382 philosophiae
1236 2343 1410 2373 Democriti
1437 2342 1661 2382 superinduxit.

937 2395 1136 2434 Plutarchus,
1162 2395 1239 2435 plac.
1266 2395 1340 2434 phil.
1356 2395 1375 2425 i.
1400 2399 1448 2426 25.
1474 2401 1662 2437 Δημοκριτος,

939 2448 964 2478 ἓν
994 2461 1071 2488 γξνθς
1099 2461 1150 2482 Τῆς
1176 2460 1318 2486 κΙΥῆθΞως,
1351 2461 1383 2479 ‘70
1414 2461 1496 2478 xoeffoe
1523 2453 1662 2487 πλαγΙσν*

937 2505 1088 2542 ΕπΙκΒρθς,
1118 2500 1164 2531 δνό
1194 2499 1248 2534 ἱίδη
1275 2514 1327 2534 ’Υῆς
1351 2513 1489 2536 κλνῆσὶως,
1523 2513 1555 2529 ΤΟ
1581 2513 1664 2530 κατα

938 2554 1078 2592 aradum,
1095 2566 1144 2582 και
1161 2565 1194 2582 ‘ro
1209 2565 1293 2582 κατα
1306 2559 1512 2593 παρεγκλισινῐ
1537 2550 1584 2580 uti
1600 2550 1662 2580 dis-

937 2604 1040 2634 cimus
1062 2604 1158 2634 etiam
1182 2614 1220 2634 ex
1248 2603 1408 2634 Ciceronis
1433 2602 1664 2642 philosophicis,

938 2655 979 2686 ad
992 2655 1077 2686 locos
1091 2662 1182 2686 antea
1197 2656 1286 2685 nobis
1299 2661 1495 2685 memoratos.

983 2707 1057 2737 Ver.
1074 2711 1146 2738 247.
1169 2709 1202 2737 in
1228 2717 1257 2737 se
1283 2712 1343 2737 est:
1373 2705 1471 2735 Vind.
1486 2706 1528 2736 V.
1554 2703 1662 2737 ed.'B.

942 2759 982 2788 G.
997 2758 1034 2789 L.
1051 2759 1099 2788 M.
1117 2765 1159 2789 Π.
1171 2762 1206 2789 Σ.
1222 2759 1301 2788 inest
1307 2773 1317 2792 ;
1336 2757 1406 2788 vide
1422 2756 1553 2787 eandem
1568 2758 1665 2788 varie-

941 2815 1037 2839 tatem
1063 2819 1169 2848 supra,
1195 2808 1234 2839 ad
1258 2819 1318 2840 ver.
1342 2813 1414 2841 205.
1441 2815 1472 2839 et
1494 2814 1560 2839 erat
1582 2819 1667 2839 error

941 2860 1080 2891 multum
1100 2861 1210 2897 facilis,
1237 2862 1277 2892 ob
1292 2872 1362 2892 eam
1385 2861 1545 2901 scripturae
1565 2861 1666 2891 brevi-

940 2918 1047 2950 tatem,
1078 2913 1201 2943 solitam
1233 2913 1373 2950 librariis,
1412 2913 1533 2954 quoties
1562 2913 1665 2947 dictio,

941 2974 1035 3004 quam
1061 2965 1174 2996 vocalis
1197 2966 1324 3004 claudit,
1354 2967 1447 2997 verbo
1476 2964 1667 2996 substantivo
