1894 3253
649 267 883 318 LIBER
938 267 1248 319 PRIMUS.

1648 274 1704 313 81

338 401 389 443 In
409 401 532 453 saxis,
555 417 602 444 ac
623 403 839 458 speluncis,
862 411 1079 459 permanat
1100 415 1306 459 aquarum

221 481 303 518 350
334 477 538 533 Liquidus
558 477 726 529 humor,
749 487 789 519 et
811 478 1005 519 uberibus
1026 478 1126 519 flent
1148 477 1289 518 omnia
1307 474 1451 533 guttis:

343 552 543 608 Dissupat
562 553 605 593 in
627 567 776 608 corpus
798 567 882 593 sese
903 553 1017 593 cibus
1039 567 1163 592 omne
1184 552 1458 592 animantum:

336 626 539 667 Crescunt
559 626 740 676 arbusta,
764 634 804 667 et
823 625 930 667 fetus
951 626 994 666 in
1016 634 1203 681 tempore
1223 624 1423 666 fundunt:

193 784 237 814 Et
252 782 382 820 ibidem,
400 792 426 812 v.
445 785 518 813 661.

457 854 488 874 ut
501 850 574 875 vivo
584 850 664 874 subiit
676 851 792 875 rorantia
804 858 869 875 saxo

222 894 317 922 Antra,
329 892 410 921 leves,
422 898 532 915 cursum
542 891 713 921 sustinuistis,
725 898 814 923 aquae.

234 950 310 980 Ver.
326 952 399 981 550.
413 951 515 990 flent:
542 949 583 979 V.
601 948 779 990 ed.fluenc;
810 949 847 979 B.
864 951 934 990 flu-

195 1007 274 1038 unt,-
299 1001 335 1030 L.
353 1000 511 1042 M.flent.

236 1051 316 1082 Ibid.
342 1053 520 1091 Liquiclus:
547 1051 567 1081 i.
593 1061 618 1081 e.
647 1051 760 1090 clarus,
791 1050 935 1090 splendi-

190 1103 261 1142 dus,
290 1111 404 1140 λεωως,
434 1105 538 1133 albus:
564 1103 634 1132 vide
651 1113 708 1133 nos
735 1103 775 1133 ad
806 1103 837 1133 ii.
861 1107 934 1134 390.

191 1156 235 1186 Et
272 1156 407 1195 primam
440 1155 572 1195 hujusce
603 1155 746 1185 vocabuli
778 1155 932 1194 syllabam

189 1207 304 1246 pariter
319 1207 466 1246 produxit
491 1206 530 1236 ad
561 1206 591 1236 ii.
609 1209 681 1236 452.
705 1212 735 1236 et
761 1206 848 1243 alibi,
873 1217 931 1235 nec

193 1269 257 1288 non
273 1258 409 1297 priorem
428 1257 461 1286 in
485 1259 597 1297 liquor.
643 1256 794 1286 Similiter
810 1256 930 1286 factum

190 1309 326 1349 legimus
336 1309 369 1338 in
382 1308 456 1338 fidei
469 1308 658 1338 sublestioris
670 1308 827 1348 po'erssatio
839 1307 925 1347 apud

195 1361 296 1391 Anth.
309 1360 380 1390 Lat.
399 1360 513 1390 Burin.
531 1359 571 1389 iv.
589 1362 640 1390 76.

254 1428 286 1451 Et
295 1427 348 1457 lac,
360 1430 388 1452 et
398 1427 454 1451 vini
466 1431 581 1459 pateras,
595 1430 623 1452 et
634 1427 731 1459 liquida
744 1427 838 1457 mella,

287 1469 347 1499 Jam
359 1468 408 1491 tibi
420 1468 446 1491 in
458 1471 596 1492 extremas
608 1468 654 1497 do,
667 1474 752 1497 soror,
766 1467 891 1492 exuvias.

193 1525 292 1565 Lege,
318 1529 340 1543 “
358 1527 434 1556 En!
455 1525 546 1555 tibi.”

237 1578 319 1608 Ibid.
345 1579 502 1618 Le'quidus
524 1580 633 1608 humor
651 1589 818 1618 aquarum.
867 1578 934 1607 Ar-

195 1629 317 1666 nobius‚
347 1629 398 1659 lib.
423 1630 462 1659 iv.
490 1640 518 1668 p.
546 1633 684 1660 157.—“
701 1639 797 1670 quam
826 1628 931 1665 Nilus,

195 1685 219 1700 “
235 1681 393 1711 maximus
408 1681 594 1719 fluminum,
611 1683 701 1721 aquis
716 1680 879 1721 generavit
895 1689 934 1709 ex

201 1737 221 1750 “
238 1732 402 1773 liquidis.”

240 1783 322 1813 Ibid.
361 1785 503 1814 uberibus
531 1785 638 1822 guttis.
699 1782 816 1812 Paullo
844 1782 937 1812 aliter

198 1834 368 1874 Virgilius,
397 1834 451 1863 sed
478 1835 511 1863 in
537 1833 608 1863 loco
631 1833 799 1868 consimili,
824 1839 854 1862 et
870 1833 937 1862 Lu-

196 1885 297 1922 cretii,
312 1891 349 1914 ut
360 1890 481 1923 putem,
498 1895 632 1922 mernor,
648 1894 718 1924 geo.
737 1884 768 1914 ii.
782 1887 855 1915 245.

527 1967 596 1991 aqua
609 1959 775 1984 eluctabitur
786 1959 874 1983 omnis

231 2000 348 2030 Scilicet,
360 2006 387 2025 et
403 2000 514 2032 grandes
526 2001 604 2024 ibunt
618 2007 665 2032 per
677 2000 790 2024 flumina
798 2003 881 2031 guttae
890 2008 900 2024 .-

200 2065 254 2095 ubi
273 2065 368 2095 totius
384 2065 535 2095 orationis
551 2065 636 2095 color
651 2076 778 2096 summo
794 2072 842 2095 est
867 2065 943 2095 arti-

203 2115 276 2146 ficio
291 2116 473 2148 adornatus.

246 2168 327 2199 Ibid.
340 2170 434 2210 flent.
480 2169 571 2199 Nihil
588 2169 660 2199 novi
678 2169 869 2210 elegantius,
887 2174 942 2199 aut

201 2221 336 2251 omnino
351 2221 545 2261 gemellum:
572 2232 658 2260 nam,
684 2221 769 2262 quod
792 2222 943 2262 frequen-

206 2276 291 2301 tatur
310 2272 431 2302 Graecis
446 2273 642 2313 Latinisque,
665 2273 778 2316 Banguoe
794 2279 825 2303 et
839 2275 943 2314 lacry-

210 2334 269 2353 mae
285 2323 324 2353 de
339 2324 423 2354 sucis
437 2327 586 2356 arborum
602 2333 632 2356 et
648 2326 774 2365 florum,
799 2327 945 2356 nonnihil

212 2373 378 2412 discrepat:
405 2376 439 2405 in
465 2387 528 2416 quo
542 2383 650 2407 tamen
665 2389 779 2418 genere
798 2378 878 2408 libet
891 2389 947 2408 ex-

207 2425 451 2466 quisitissimam
477 2427 575 2458 Plinii
597 2429 763 2468 periodum
779 2439 945 2468 apponere,

209 2482 273 2507 nat.
288 2476 358 2506 hist.
375 2477 428 2507 xii.
445 2481 495 2508 54.
521 2483 542 2497 “
560 2480 662 2510 Sucus
678 2491 694 2509 e
709 2480 803 2520 plaga
826 2486 945 2518 manat,

210 2532 233 2546 “
251 2538 346 2568 quem
373 2528 611 2567 opobalsamum
638 2536 759 2565 vocant,
788 2530 948 2560 suavitatis

213 2582 235 2597 “
252 2579 391 2617 eximiae,
417 2579 470 2609 sed
496 2583 583 2610 tenui
595 2580 684 2620 gumi
703 2583 843 2620 ploratus
867 2582 947 2612 lanis

208 2634 233 2649 “
251 2641 345 2670 parva
375 2631 535 2670 colligitur
560 2631 592 2660 in
620 2631 769 2662 cornua.''
817 2632 880 2672 Sic,
915 2633 949 2663 ni

209 2681 314 2720 fallor,
327 2681 511 2722 legendum:
539 2682 645 2723 vulgo,
656 2685 794 2722 ploratu.

213 2751 273 2774 Non
285 2750 380 2782 utique
392 2749 510 2779 ubertim,
518 2752 549 2772 ut
559 2748 683 2780 speluncae
692 2749 763 2779 Cari,
771 2749 817 2774 sed
828 2750 946 2775 tenuiter.

216 2810 390 2848 Arnobius,
406 2809 458 2840 lib.
476 2809 526 2838 vii.
545 2812 686 2838 253.—“
699 2809 820 2839 viscum
842 2816 888 2839 est
910 2820 947 2840 ex

215 2866 238 2881 “
253 2863 420 2893 corticibus
435 2862 830 2901 profluens—lacrimabili
844 2865 947 2894 destil-

216 2917 238 2932 “
255 2917 368 2946 latione
384 2914 590 2945 coalescens.”

219 2967 366 3008 Vulgaris
378 2968 499 3010 ingenii
516 2969 607 3007 po'e'ta
618 2967 802 3007 scripsisset:

1205 780 1328 806 uberibus
1339 782 1408 804 stant
1418 779 1509 804 omnia
1522 778 1622 811 guttis:

977 843 1035 863 nec
1050 838 1129 862 esset
1145 831 1371 871 spernendum,
1382 829 1436 860 sed
1446 829 1539 870 longe
1552 829 1710 870 longeque

978 885 1059 915 infra
1071 885 1276 915 Lucretianas
1288 893 1415 913 veneres
1428 882 1542 912 locutio
1550 881 1710 921 jacuisset.

1024 936 1105 966 Ibid.
1118 939 1201 978 flent
1222 938 1328 976 gultis.
1367 935 1479 965 Rarior
1505 934 1713 972 constructio,

980 1000 1075 1030 quam
1091 989 1258 1018 aemulatur
1279 996 1385 1019 tamen
1404 988 1578 1024 Ausonius,
1595 992 1713 1026 parent.

981 1042 1103 1082 praefat.
1122 1052 1182 1071 ver.
1201 1046 1229 1072 Ω.

1043 1113 1109 1137 Flexa
1121 1112 1193 1144 prius
1205 1111 1337 1143 lacrymis.

980 1173 1089 1203 Etiam
1105 1171 1310 1209 Prudentius,
1327 1170 1491 1210 peristeph.
1506 1181 1534 1200 x.
1553 1172 1626 1201 705.

1037 1241 1129 1266 Tenui
1139 1242 1272 1266 rubebant
1283 1240 1412 1272 sanguine
1424 1240 1477 1263 uda
1490 1239 1604 1268 vimina,

1040 1283 1119 1315 Quem
1132 1281 1294 1313 plagaflerat
1306 1281 1414 1305 roscidis
1425 1279 1561 1304 livoribus.

979 1342 1048 1372 Nec
1063 1341 1253 1382 elegantiam
1276 1339 1417 1370 Lucretii
1441 1338 1541 1368 voluit
1557 1337 1715 1378 Virgilius

979 1393 1157 1434 relinquere
1172 1403 1298 1432 prorsus
1313 1392 1510 1426 intentatam,
1529 1400 1598 1429 geo.
1608 1389 1627 1419 i.
1641 1392 1715 1419 480.

981 1444 1019 1475 de
1034 1444 1222 1475 humidioris
1246 1445 1325 1474 a'e'ris
1342 1444 1457 1474 effectu
1474 1443 1506 1472 in
1522 1440 1715 1471 miraculum

982 1507 1139 1537 perverso3
1163 1507 1239 1528 cum
1266 1507 1331 1538 qno
1354 1495 1499 1526 conferas
1527 1493 1620 1525 Ovid.
1637 1499 1713 1524 met.

980 1549 1019 1579 vi.
1036 1553 1112 1579 512.

1043 1621 1074 1645 Et
1085 1624 1217 1645 maestum
1231 1618 1399 1651 inlachrymat
1410 1617 1519 1650 templis
1530 1618 1607 1642 ebur.

982 1677 1118 1707 Pulchre
1133 1676 1271 1716 denique
1297 1675 1487 1712 Columella,
1515 1684 1543 1703 x.
1561 1676 1610 1704 25.
1636 1672 1713 1702 Ma-

981 1739 1067 1758 roms
1083 1739 1221 1758 memor:

1014 1797 1135 1827 Autfons
1149 1796 1290 1827 illacrymat
1302 1793 1377 1825 putei
1388 1800 1443 1817 non
1453 1793 1516 1817 sede
1527 1792 1672 1824 profundi.

1031 1854 1107 1884 Ver.
1134 1857 1206 1885 551.
1237 1854 1407 1892 Dissupat:
1445 1852 1464 1881 i.
1495 1862 1521 1881 e.
1556 1850 1717 1882 §mmmm-

989 1904 1157 1942 distribuit,
1173 1903 1335 1944 dispergit:
1357 1913 1432 1932 nam
1448 1902 1602 1932 veteribus
1617 1904 1719 1942 sipare

990 1962 1055 1986 erat
1066 1956 1175 1995 jacere
1191 1960 1222 1984 et
1236 1964 1390 1993 spargere,
1417 1958 1545 1982 auctore
1568 1953 1660 1982 Festo
1684 1952 1719 1981 in

990 2010 1155 2047 Prosapz‘a.
1200 2006 1269 2035 Nec
1299 2004 1421 2034 videtur
1447 2004 1620 2043 discrepare
1651 2004 1719 2034 No-

989 2059 1074 2089 nius:
1102 2063 1122 2077 “
1139 2058 1303 2097 Prosapies
1311 2056 1435 2097 generis
1447 2056 1625 2096 longitudo,
1638 2056 1721 2087 dicta

989 2115 1011 2130 ‘⁶
1027 2122 1045 2142 a
1059 2114 1270 2152 prosupaudo,
1287 2116 1323 2140 ut
1338 2109 1556 2149 proferendo.”
1603 2112 1720 2149 διψᾶν-ε

986 2164 1086 2205 igitur
1102 2170 1147 2194 est
1163 2162 1337 2194 extendere.
1357 2169 1396 2192 Π.
1413 2168 1518 2192 noster
1531 2162 1625 2192 habet
1640 2164 1718 2193 Dis-

987 2218 1081 2256 οἶμαι.

1029 2269 1104 2298 Ver.
1121 2271 1194 2299 5512,
1207 2268 1296 2308 fetus
1301 2267 1457 2308 fundunt.
1499 2264 1614 2295 Paullo
1629 2265 1720 2296 aliter

992 2320 1161 2361 Virgilius,
1177 2331 1244 2360 gen.
1261 2320 1293 2350 ii.
1307 2322 1381 2350 521.

1055 2388 1087 2411 Et
1099 2387 1184 2411 varios
1193 2386 1264 2419 pouit
1275 2386 1351 2417 fetus
1363 2386 1545 2410 Auctumnus.

992 2443 1079 2473 Eum
1095 2452 1167 2472 vero
1182 2442 1404 2473 Lucretianam
1428 2440 1566 2480 phrasim
1591 2451 1654 2470 non
1671 2452 1719 2472 as-

990 2505 1123 2524 servasse
1139 2495 1245 2525 miror.
1268 2495 1323 2524 An
1331 2495 1418 2534 ponit
1431 2492 1604 2531 corruptela
1620 2500 1721 2532 potest

990 2547 1056 2576 fieri
1080 2547 1257 2576 vetustioris
1286 2547 1445 2585 scripturae
1458 2545 1566 2586 jbndc't
1596 2546 1720 2577 brevius

991 2605 1134 2634 exaratae,
1140 2599 1234 2639 f5dit
1243 2599 1259 2628 ?

993 2650 1183 2685 Priscianus,
1211 2649 1263 2679 lib.
1286 2648 1306 2678 i.
1330 2658 1359 2686 p.
1385 2650 1456 2677 554.
1503 2650 1525 2664 “
1550 2648 1720 2690 Uquoque

993 2706 1016 2721 ‘²
1032 2703 1142 2733 multis
1158 2702 1260 2732 Italiae
1275 2700 1399 2740 populis
1421 2700 1455 2730 in
1480 2710 1540 2730 usu
1563 2711 1627 2732 non
1643 2709 1720 2742 erat,

993 2761 1014 2776 “
1031 2757 1084 2787 sed
1101 2768 1117 2787 e
1133 2757 1288 2786 contrario
1304 2757 1471 2786 utebantur
1491 2757 1531 2786 0:
1550 2756 1636 2787 unde
1654 2758 1720 2789 Ro-

994 2813 1016 2827 “
1032 2819 1198 2839 manorum
1216 2819 1340 2849 quoque
1351 2808 1552 2838 vetustissimi
1565 2809 1599 2838 in
1614 2810 1723 2841 multis

997 2866 1018 2880 “
1033 2861 1222 2891 dictionibus
1236 2861 1306 2891 loco
1321 2861 1389 2902 ejus
1409 2862 1432 2892 0
1447 2861 1585 2900 posuisse
1600 2861 1721 2892 inveni-

997 2917 1018 2931 “
1034 2919 1144 2950 untur;
1168 2915 1319 2953 poblicum
1350 2924 1407 2952 pro
1435 2913 1608 2952 publicum,
1638 2914 1723 2954 quod

998 2972 1166 2999 “testatur
1200 2969 1396 3009 Papyriauus
1418 2968 1457 3000 de
1482 2966 1723 3009 orthographi23.;
