1894 3253
225 256 318 297 298

725 248 784 294 T.
838 245 1218 294 LUCRETII

375 381 500 423 Unde
521 380 646 420 etiam
666 378 812 419 fluidas
832 378 1033 428 frundeis,
1059 386 1100 418 et
1119 376 1275 432 pabula
1297 375 1410 426 laeta,

374 454 627 510 Montivago
647 453 790 510 generi
810 453 939 508 possit
958 451 1145 507 praebere
1164 450 1363 500 ferarum3

377 528 473 577 Qua
494 543 539 569 re
561 542 712 584 magna
731 526 856 568 desim
878 535 1025 577 mater,
1048 533 1263 581 materque
1282 524 1479 574 ferarum,

231 692 252 707 ‘³
270 687 377 718 ardere
392 687 498 726 coepit;
515 688 755 727 incendiumque
768 686 881 716 Romae
892 686 960 716 sine

230 744 252 758 “
269 738 423 769 nocturna
437 738 543 778 requie
555 749 609 778 per
620 737 761 768 triduum
765 738 853 778 furit
861 752 871 768 .·
889 738 958 767 lues

231 795 254 810 “
271 801 406 832 quoque,
443 796 560 831 quanta
594 790 646 819 vix
682 800 824 831 unquam
854 795 958 828 antea,

233 843 364 884 “filil-⁸,
400 843 450 873 Sic
464 842 651 883 legendum:
669 842 775 882 vulgo,
800 847 820 859 “
835 852 890 880 per
903 842 958 870 tri-

233 898 255 912 “
268 894 479 935 duumfuz't.''
506 893 655 924 Similiter
667 903 831 933 peccavere
841 892 962 923 librarii

232 946 273 977 ad
287 947 406 977 Lucan.
422 946 465 976 iii.
482 950 553 976 482.
598 945 679 976 Flor.
696 946 716 975 i.
736 949 783 976 16.
806 948 857 976 12.

277 999 352 1028 Ver.
369 1001 440 1029 595.
465 998 565 1028 Hicce
591 1007 699 1027 versus
721 1007 794 1026 cum
817 1001 965 1036 sequente

233 1049 320 1079 deest
337 1056 377 1080 Π.
393 1049 526 1079 Librarii
541 1049 657 1080 scilicet
668 1048 775 1078 oculos
788 1048 964 1087 ὄμωατελευ-

239 1119 282 1135 τον
297 1114 445 1135 versuum
461 1103 589 1134 delusit:
616 1103 686 1133 vide
701 1103 741 1133 ad
756 1113 816 1132 ver.
834 1106 906 1134 490.

278 1156 354 1186 Ver.
371 1159 442 1187 596.
455 1158 598 1197 fluidas:
618 1155 660 1184 sic
676 1160 779 1185 vetera
795 1154 846 1184 Pii
859 1164 963 1183 exem-

236 1208 344 1246 plaria,
369 1214 398 1238 et
414 1208 546 1237 omnino
569 1218 650 1242 vere,
677 1206 732 1237 alii
756 1207 828 1236 licet
844 1206 966 1236 codices

234 1267 266 1289 et
282 1260 423 1298 impressi
438 1260 731 1299 retineantfluvios5
750 1258 833 1297 quod
850 1257 966 1287 insulse

879 1307 967 1338 Illud

225 1364 350 1403 fluidas
365 1362 445 1391 forte
464 1361 653 1401 migraverat
676 1360 710 1390 in
725 1362 857 1401 fluvias,
881 1359 966 1389 unde

236 1415 394 1455 vulgarior
409 1416 589 1455 voxfluvz'os
604 1419 711 1443 exorta
726 1418 785 1442 est:
812 1411 881 1441 vide
898 1411 965 1441 No-

236 1466 337 1502 nium,
364 1465 407 1494 iii.
437 1469 506 1495 loo.
529 1465 563 1493 in
586 1466 729 1494 Flavius.
774 1462 890 1493 Nostra
904 1461 968 1502 [au-

239 1525 302 1548 tem
318 1517 451 1547 lectione
465 1516 547 1546 nihil
562 1515 745 1556 exquisitius
754 1525 789 1545 ac
801 1514 969 1553 speciosius

235 1310 430 1348 superfluum
454 1309 660 1348 praecedentia
682 1308 832 1338 fecerunt.

240 1570 315 1610 fingi
332 1570 579 1609 potest:fluidas
591 1568 712 1608 utique,
730 1568 830 1609 ὑγρας,
847 1565 968 1601 molles,

240 1629 373 1657 teneras,
395 1623 543 1661 liquidas,
572 1620 657 1661 (vide
672 1630 724 1649 me
740 1619 773 1648 in
791 1618 863 1649 Silv.
893 1618 969 1648 Crit.

239 1675 282 1704 iii.
298 1685 328 1713 p.
347 1673 432 1712 157.)
456 1672 551 1702 modo
567 1672 821 1711 pullulascentes,
845 1670 970 1711 aquulae

238 1725 413 1765 purissimae
429 1725 546 1764 plenas,
562 1734 686 1754 merum
698 1734 818 1754 sucum.
864 1723 970 1761 Maro,

242 1778 296 1809 ecl.
315 1789 343 1808 x.
362 1780 389 1808 7.

272 1848 344 1871 Dum
357 1850 442 1871 tenera
453 1847 604 1872 adtondent
615 1846 692 1871 siniae
704 1845 823 1877 virgulta
833 1843 957 1876 capellae:

244 1905 381 1935 cundem
403 1905 546 1935 conferas
571 1904 611 1934 ad
633 1914 702 1944 geo.
727 1903 758 1933 ii.
778 1906 851 1934 572.
898 1902 972 1932 Hoc

244 1956 437 1995 ipsissimum
453 1957 640 1996 Lycophron
666 1955 798 1991 volebat,
820 1960 851 1984 et
872 1953 973 1984 admi-

244 2008 332 2038 rabili
348 2014 509 2038 venustate
524 2008 663 2047 protulit,
682 2007 830 2038 Cassand.
845 2009 918 2037 ¹507.

282 2088 316 2113 Αι
329 2097 366 2116 αι,
375 2088 484 2115 στεναξω
494 2097 540 2112 και
552 2096 591 2111 σον
604 2087 787 2112 ΕΥΓΛΑΓΟΝ
799 2085 934 2114 ΘΑΛΟΣ,

285 2137 309 2160 Ω
322 2140 426 2168 exultare*
438 2143 533 2169 τερπνον
544 2138 711 2166 σιγκοιλισμαι
723 2143 856 2163 συγγονων.

248 2208 300 2236 lta
323 2204 507 2246 legendum:
535 2203 609 2234 alibi
634 2203 782 2233 diximus.
827 2202 973 2231 Blentem

245 2258 345 2298 poetae
374 2257 501 2287 Tzetzes
530 2265 594 2285 non
623 2254 762 2293 arripuit.
806 2252 972 2293 Virgilius,

246 2320 314 2350 geo.
329 2310 349 2339 i.
364 2312 438 2340 515.

279 2372 428 2395 Frumenta
438 2370 465 2394 in
477 2370 561 2394 viridi
572 2369 669 2401 stipula
680 2368 799 2393 Iactentla
810 2371 956 2401 turguent:

245 2429 266 2460 i.
283 2439 310 2459 c.
335 2431 357 2447 “
373 2428 476 2458 adhuc
490 2429 595 2458 tenuia
609 2432 639 2457 et
651 2427 741 2457 lactis
751 2426 884 2465 plena:”
904 2426 973 2455 Ser-

245 2481 323 2510 vius.
368 2481 473 2517 Forte,
504 2486 618 2510 tenera.
664 2479 704 2508 In
734 2479 793 2507 hac
819 2477 973 2518 elegantia

247 2535 394 2566 Alcimus
413 2534 526 2564 Avitus
541 2544 573 2564 se
589 2533 800 2563 lautissimum
822 2531 974 2571 praestitit,

250 2587 290 2618 ad
306 2587 343 2617 iv.
363 2590 410 2617 10.
427 2586 467 2617 de
482 2588 595 2617 diluvio
604 2600 614 2616 ,-

507 2653 605 2677 fluctus
616 2659 687 2676 nunc
699 2658 842 2684 prosequar
852 2651 920 2680 illos,

279 2695 327 2717 Per
338 2700 404 2724 quos
415 2693 548 2717 immissus
559 2693 646 2722 rebus,
659 2693 708 2716 vix
720 2698 788 2724 pene
799 2692 906 2720 creatis,

282 2735 424 2757 Lactentem
434 2733 518 2758 velox
529 2732 664 2764 praevenit
673 2731 804 2757 terminus
815 2730 908 2755 orbem:

252 2807 340 2826 voces
354 2804 439 2828 tener
453 2800 532 2829 orbis
548 2798 690 2839 Virgilii,
706 2797 762 2828 ecl.
777 2797 815 2828 vi.
831 2800 881 2827 54.
898 2806 979 2826 novo

251 2849 403 2878 sermonis
418 2849 539 2879 lumine
562 2849 763 2880 convestiens.
807 2848 980 2889 Eleganter

251 2899 347 2929 etiam
366 2898 525 2937 AElianus,
540 2900 579 2931 de
594 2901 721 2931 animm.
737 2900 788 2930 vii.
804 2904 980 2941 9.-‹.-·poqu

252 2953 373 2984 ἁπαλὴν
397 2964 515 2985 uzon-erm
541 2954 705 2985 ’ΎΓΡΟΙΣι
733 2957 762 2982 et
792 2951 859 2990 pari
884 2950 979 2980 modo

1002 686 1037 715 in
1051 695 1112 715 var.
1129 683 1199 714 hist.
1215 683 1256 713 ix.
1273 687 1304 714 2.
1324 681 1389 713 Adi
1407 681 1480 712 Silv.
1499 679 1575 710 Crit.
1591 679 1628 710 iv.
1640 690 1670 719 p.
1681 683 1733 711 89.

1006 735 1183 773 Petronius,
1199 735 1238 765 de
1252 733 1323 765 bell.
1339 733 1395 764 civ.
1413 735 1463 764 71.

1034 822 1093 844 Non
1105 820 1166 844 haec
1179 823 1311 844 autumno
1322 817 1400 843 tellus
1411 817 1496 849 viget,
1507 818 1554 841 aut
1564 815 1611 840 alit
1622 815 1718 840 herbas

1035 861 1142 892 Cespite
1154 861 1234 884 laetus
1246 866 1323 892 ager3
1335 865 1401 888 non,
1412 865 1496 883 verno
1508 863 1619 889 persona
1629 858 1724 884 cantu,

1037 900 1126 925 Mollia
1137 899 1252 924 discordi
1261 898 1374 930 strepitu
1385 897 1505 929 virgulta
1515 897 1674 927 loquuntur.

1010 967 1061 997 Ita
1075 966 1285 1003 rescribimus,
1302 975 1358 1004 pro
1372 967 1456 995 viret.
1502 963 1627 1002 Nempe
1641 961 1736 992 tellus

1009 1021 1082 1050 viret
1100 1028 1188 1054 vere;
1203 1016 1288 1058 quod
1303 1015 1464 1057 sequentia
1478 1015 1662 1053 respiciunt:
1683 1013 1737 1044 sed

1009 1077 1164 1101 autumno
1178 1072 1274 1109 viget;
1298 1069 1319 1099 i.
1346 1079 1374 1098 e.
1404 1068 1439 1097 in
1454 1066 1607 1097 fructibus
1621 1066 1738 1105 produ-

1009 1123 1115 1154 cendis
1137 1124 1233 1153 robur
1255 1132 1348 1152 suum
1372 1132 1407 1151 ac
1432 1123 1563 1160 vigorem
1578 1123 1742 1150 monstrat.

1011 1178 1062 1208 De
1077 1178 1191 1207 harum
1206 1175 1382 1206 dictionum
1397 1173 1595 1210 confusione,
1614 1172 1684 1202 vide
1699 1171 1741 1201 ad

1010 1241 1071 1260 ver.
1093 1233 1166 1260 561.
1189 1226 1339 1266 superius.
1385 1225 1476 1255 Hinc
1490 1223 1576 1254 futili
1590 1222 1743 1253 vocabulo

1011 1280 1167 1321 Virgilius
1182 1277 1345 1308 exonerari
1361 1281 1473 1316 potest,
1493 1286 1561 1316 geo.
1578 1275 1609 1305 ii.
1625 1278 1699 1305 528.

1042 1347 1137 1372 Laevia
1147 1349 1208 1371 tum
1219 1347 1346 1370 resonant
1356 1344 1449 1368 avibus
1460 1343 1580 1374 virgulta
1591 1342 1709 1367 canoris:

1010 1406 1029 1436 i.
1045 1416 1071 1436 e.
1087 1405 1206 1443 tenuia,
1218 1403 1338 1441 mollia,
1348 1403 1469 1440 teretia,
1482 1401 1606 1432 flexilia.
1621 1400 1742 1442 Vulgo,

1013 1458 1103 1487 Avia.
1151 1455 1352 1494 Calpurnius,
1368 1454 1423 1484 ecl.
1439 1464 1466 1484 v,
1483 1457 1554 1484 110.

1027 1534 1073 1557 Tu
1084 1536 1177 1558 tamen
1189 1535 1235 1556 aut
1247 1532 1329 1555 laeves
1340 1520 1454 1560 lzed‘eras,
1461 1533 1509 1554 aut
1518 1528 1601 1554 molle
1608 1528 1744 1557 salictum,

1029 1572 1102 1597 Valle
1112 1579 1218 1603 premes
1229 1570 1332 1603 gelida:

1014 1638 1034 1668 i.
1051 1648 1076 1668 e.
1100 1637 1262 1675 flexibiles,
1282 1647 1353 1677 quae
1367 1646 1472 1666 ramos
1476 1635 1635 1677 fundunt,
1648 1645 1750 1676 εκπρο-

1014 1702 1124 1730 zasca·
1148 1695 1184 1720 ut
1199 1694 1244 1719 est
1268 1687 1302 1718 iu
1328 1693 1404 1718 noto
1428 1686 1567 1727 quodam
1590 1685 1746 1726 epigram-

1015 1749 1106 1773 mate.
1151 1742 1270 1783 Dignae
1286 1747 1360 1771 sunt
1375 1741 1480 1776 etiam,
1497 1749 1566 1780 quae
1580 1737 1748 1768 lectoribus

1015 1806 1121 1826 coram
1151 1795 1310 1829 sistantur,
1345 1791 1479 1822 Arnobii
1509 1790 1617 1831 gratiae
1649 1788 1746 1819 auda-

1015 1847 1125 1884 ciores,
1149 1845 1200 1876 lib.
1217 1845 1256 1875 vi.
1273 1856 1302 1884 p.
1322 1846 1392 1876 197.
1415 1843 1600 1873 Lucretium
1619 1840 1752 1870 feliciter

1015 1897 1220 1927 illustrantes:
1249 1899 1271 1914 “
1287 1895 1384 1926 Liber
1398 1893 1547 1924 membris
1562 1903 1636 1923 cum
1651 1893 1751 1922 molli-

1018 1954 1040 1968 “
1056 1951 1122 1988 bus,
1148 1954 1179 1979 et
1193 1950 1323 1989 liquoris
1347 1946 1478 1977 feminei
1500 1945 1753 1977 dissolutissimus

1016 2005 1040 2021 “
1055 2001 1222 2032 laxitate:'’
1247 2001 1268 2031 i.
1283 2011 1310 2030 e.
1326 1999 1538 2030 fluidissimus.
1577 1997 1664 2028 Mihi
1678 2006 1752 2026 vero

1013 2054 1081 2094 jam
1106 2053 1212 2083 videor
1242 2052 1453 2082 sinceritatem
1482 2050 1648 2089 pristinam
1677 2048 1748 2078 loco

1019 2104 1155 2135 Nasonis
1170 2102 1340 2134 certissima
1365 2101 1585 2132 emendatione
1606 2098 1747 2130 redditu-

1017 2167 1082 2194 rus,
1097 2161 1170 2186 met.
1186 2165 1236 2184 XV.
1255 2157 1324 2184 251.

1048 2247 1110 2254 —
1120 2234 1222 2264 fletque
1232 2233 1315 2257 Milon
1327 2232 1424 2261 senior,
1437 2237 1501 2255 cum
1512 2232 1616 2262 spectat
1626 2229 1718 2254 inanes

1049 2273 1120 2303 Illos,
1131 2273 1177 2303 qui
1187 2273 1294 2297 fuerant
1305 2271 1451 2296 solidorum
1462 2270 1536 2295 rnole
1547 2273 1671 2294 tororum

1049 2312 1185 2337 Herculeis
1196 2310 1422 2341 similes,fluz‘dum
1433 2310 1551 2342 pendere
1563 2308 1688 2333 lacertos.

1020 2381 1052 2410 F
1052 2381 1172 2409 [uidam
1183 2380 1316 2418 pendere
1332 2376 1459 2417 elegans
1470 2381 1526 2413 est,
1539 2381 1575 2405 ut
1591 2375 1751 2415 “lugubre

1020 2434 1041 2449 ‘⁴
1059 2429 1202 2468 rubent,'‘
1240 2435 1271 2459 et
1301 2434 1430 2459 centum
1456 2426 1583 2457 similia.
1628 2425 1749 2465 Vulgo,

1008 2485 1145 2525 fluidos;
1171 2482 1225 2512 sed
1240 2481 1354 2521 duplex
1371 2481 1530 2520 epitheton
1546 2482 1654 2510 inanes
1664 2479 1749 2518 flui-

1018 2538 1070 2567 dos
1088 2535 1161 2576 jure
1180 2534 1339 2574 displicuit
1363 2532 1533 2564 Gronovio.
1577 2531 1752 2561 Exaratum

1021 2594 1086 2618 erat
1091 2589 1206 2629 fluid6‚
1224 2587 1245 2617 i.
1261 2597 1287 2618 e.
1301 2587 1456 2627 fluidom;
1480 2583 1551 2614 vide
1565 2591 1669 2620 supra,
1684 2590 1749 2611 ver.

1025 2643 1094 2670 162.
1117 2638 1202 2668 unde
1206 2640 1336 2680 fluidos.
1375 2636 1463 2666 Hine
1479 2632 1647 2675 elegantias
1659 2631 1748 2661 Mar-

1022 2691 1115 2728 tialis,
1131 2691 1173 2721 xi.
1190 2694 1241 2720 41.
1256 2692 1288 2720 5.
1310 2687 1521 2728 persentisces.

1053 2764 1179 2796 Indulget
1189 2763 1280 2795 pecori
1290 2762 1405 2786 nimium
1422 2761 1487 2784 dum
1499 2759 1589 2789 pastor
1600 2756 1745 2788 Amyntas,

1084 2805 1117 2828 Et
1127 2803 1226 2835 gaudet
1238 2801 1311 2826 fama
1322 2798 1484 2829 luxuriaque
1492 2796 1578 2828 gregis
1584 2804 1593 2826 ;

1054 2843 1186 2868 Cedentes
1197 2841 1271 2866 oneri
1278 2846 1375 2868 ramos,
1382 2835 1678 2869 sylvamquestuentem,

1084 2883 1166 2914 Vicit,
1181 2887 1320 2907 concussas
1330 2880 1385 2910 ipse
1394 2880 1500 2903 secutus
1511 2882 1590 2908 opes:

1022 2948 1041 2978 i.
1065 2958 1090 2978 e.
1117 2945 1263 2980 flexilem,
1293 2953 1324 2974 se
1346 2940 1481 2973 molliter
1510 2940 1740 2972 incurvantem:
