1894 3253
592 262 829 313 LIBER
883 257 1194 310 PRIMUS.

1586 263 1644 304 19

352 397 553 441 Humana
573 406 670 440 ante
689 397 829 440 oculos
848 394 940 437 fede
960 408 1087 450 quom
1106 393 1190 434 vita
1203 392 1358 448 jaceret

293 471 343 512 In
365 474 497 523 terris,
521 473 714 528 obpressa
736 470 851 528 gravi
873 468 948 510 sub
967 467 1209 524 Religione;

206 549 259 586 65
293 546 402 595 Quae
422 556 545 602 caput
565 564 589 588 a
609 546 700 588 coeli
720 543 957 601 regionibus
979 542 1247 591 obtendebat,

293 620 497 662 Horribssi
519 634 640 675 super
661 619 855 673 adspectu
871 615 1112 657 mortalibus
1130 615 1304 664 instans;

291 694 480 736 Primum
503 695 655 736 Graius
676 694 802 734 1101110
823 690 1032 732 mortaleis
1052 689 1193 731 tollere
1215 696 1361 730 contra

290 768 366 810 Est
386 769 524 810 oculos
545 784 680 819 ausus,
702 768 941 824 primusque
962 765 1158 806 obsistere
1179 771 1341 805 contra:

296 842 436 892 Quem
457 859 591 900 neque
613 843 708 885 fana
728 842 868 892 desim,
891 855 968 882 nec
988 839 1173 889 fulmina,
1196 852 1274 879 nec
1293 836 1501 878 minitanti

208 918 232 958 7
237 921 263 957 Ο
297 916 518 959 Murmure
539 918 765 974 conpressit
785 916 934 958 coelum
941 932 954 966 3
988 914 1059 956 sed
1078 929 1128 955 eo
1148 912 1278 970 magis
1299 926 1436 954 acrem

150 1065 333 1098 αμμαλακον
348 1064 483 1096 mutata3
507 1058 527 1088 1.
543 1069 568 1088 e.
593 1072 626 1089 αν
641 1065 797 1098 (taxatam.-
823 1056 878 1087 Sed

150 1110 259 1140 inscite
274 1109 378 1139 literas
392 1110 498 1140 scribae
521 1110 705 1147 diviserunt;
728 1108 813 1139 unde
828 1118 877 1138 er-

151 1172 203 1192 ror
228 1168 314 1192 ortus
339 1168 385 1192 est
412 1168 542 1201 Δειμωνα
556 1169 710 1201 μαλακσν.·
736 1161 791 1201 qui
814 1170 879 1190 non

152 1214 244 1244 latuit
262 1214 498 1244 Ruhnkenium.

153 1267 264 1304 Porro,
275 1266 470 1296 Prudentius
481 1266 514 1295 111
526 1265 595 1295 1000
605 1264 790 1303 cultissimo,
803 1275 878 1294 con-

152 1323 200 1348 tra
212 1318 333 1358 Symm.
351 1317 369 1347 i.
386 1321 457 1348 514.
474 1318 513 1347 ob
525 1316 633 1347 oculos
642 1317 752 1347 habuit
761 1317 880 1346 Lucre-

150 1370 245 1400 tium:

180 1429 262 1452 Tunc
274 1427 403 1459 primum,
417 1428 489 1453 senio
500 1428 602 1458 docilis,
612 1435 659 1452 sua
669 1427 757 1452 secula
769 1429 856 1452 Roma

181 1468 309 1492 Erubuit:
326 1468 411 1500 pudet
423 1469 579 1500 exactijam
590 1468 735 1500 temporis;
753 1467 810 1492 odit

181 1508 334 1533 Praeteritos
345 1507 412 1533 fedis
423 1515 487 1533 cum
498 1508 667 1541 religionibus
677 1515 770 1533 annos.

174 1556 250 1587 Ver.
266 1559 318 1587 65.
333 1558 523 1596 regionibus:
550 1557 591 1587 V.
607 1556 654 1587 ed.
671 1557 708 1587 B.
724 1558 883 1596 religioni-

153 1608 216 1638 hus.

175 1658 259 1689 Ibid.
289 1661 357 1689 caeli
385 1661 568 1699 regionibus.

156 1714 228 1742 269.

184 1761 257 1793 Quin
268 1761 350 1786 etiarn
362 1762 416 1786 coeli
428 1761 551 1793 regionem
562 1761 589 1785 in
602 1761 702 1786 cortice
713 1762 829 1793 signant.

159 1800 330 1839 Amobius‚
354 1802 501 1832 adversus
523 1808 642 1841 gentes,
666 1802 804 1840 phrasim
831 1810 888 1840 pro

156 1862 244 1882 more
259 1853 402 1891 arripuit:
428 1853 480 1882 lib.
495 1852 535 1882 vi.
552 1863 581 1891 p.
600 1855 738 1883 195.—“
754 1853 787 1882 in
802 1862 888 1882 sum-

160 1905 183 1920 “
198 1902 259 1932 mis
273 1904 342 1933 coeli
356 1904 528 1942 regionibus
544 1903 687 1943 degere.’'

622 1659 727 1698 Maro,
755 1669 823 1701 geo.
850 1659 882 1691 ii.

204 1955 287 1985 Ibid.
306 1956 497 1986 obtendebat:
516 1954 534 1984 i.
547 1965 572 1985 e.
589 1960 683 1994 caput
698 1965 804 1985 coram
815 1965 890 1985 ocu-

159 2007 198 2037 lis
221 2007 404 2037 mortalium
430 2007 606 2045 exhibebat,
634 2012 665 2036 et
687 2007 775 2046 quasi
800 2006 833 2036 in
858 2017 893 2036 os

161 2059 330 2099 ingerebat.
392 2057 590 2098 Antiquitus,
620 2068 677 2096 pro
707 2059 891 2096 ostendebat,

160 2109 381 2149 praepositione
399 2119 464 2138 non
480 2108 616 2149 eliquata,
637 2109 678 2139 ad
699 2109 893 2139 voluntatem

162 2160 263 2190 literae
278 2160 448 2201 sequentis:
479 2171 556 2190 nam
572 2171 604 2191 se
619 2161 818 2191 inscitissime
840 2161 894 2191 de-

162 2212 279 2243 derunt
292 2212 506 2253 lexicographi
520 2218 613 2253 atque
628 2212 772 2252 editores,
789 2213 843 2254 qui
858 2213 892 2243 in

163 2264 242 2294 duas
256 2274 346 2294 voces
367 2264 450 2294 ivere
466 2263 574 2294 fissum
598 2278 638 2295 ιτα
653 2267 772 2295 ostendo
796 2270 828 2294 et
842 2266 892 2295 ob-

163 2318 265 2346 tendo.
308 2316 505 2355 Lactantius,
521 2316 565 2347 iii.
578 2319 627 2347 27.
637 2316 691 2346 dat
702 2319 869 2348 ostentabat
876 2331 888 2353 ;

165 2375 223 2395 nec
234 2366 326 2397 male.

212 2416 287 2447 Ver.
305 2421 355 2447 66.
371 2420 507 2449 instans:
526 2418 614 2459 quasi
629 2425 736 2458 parata
751 2425 830 2450 esset
844 2419 893 2449 in-

167 2468 283 2506 volare,
310 2474 341 2498 et
364 2470 512 2508 arripere,
541 2471 658 2501 viribus
688 2471 834 2507 desertos,
865 2476 897 2501 et

169 2522 257 2551 omni
280 2521 447 2560 praeclusos
469 2522 570 2563 fugae;
594 2523 638 2552 sic
652 2529 689 2553 ut
703 2523 750 2552 illi
767 2523 896 2564 Virgili-

170 2582 232 2602 ano
247 2572 359 2612 Liguri
375 2572 490 2610 evenit,
508 2574 582 2604 AEn.
599 2574 638 2603 xi.
655 2576 727 2605 702.

398 2639 425 2657 se
437 2632 510 2657 nullo
519 2634 575 2664 J‘am
587 2640 664 2657 cursu
675 2633 788 2659 evadere
798 2641 898 2667 pugnae

200 2673 286 2702 Posse,
295 2679 382 2702 neque
391 2672 525 2696 instantem
536 2673 656 2704 reginam
665 2677 795 2703 avertere,
803 2675 898 2699 cernit.

215 2713 288 2744 Ver.
313 2718 363 2745 67.
396 2716 529 2746 Graius:
556 2715 598 2745 V.
614 2715 662 2745 ed.
687 2716 724 2746 B.
748 2721 782 2747 Δ.
801 2723 841 2748 Π.
865 2723 900 2749 Σ.

169 2775 308 2805 gnarus:
326 2765 459 2803 frustra3
481 2776 555 2796 nam
572 2776 694 2805 semper
708 2768 853 2798 oberrant
866 2768 901 2798 in

174 2817 307 2856 propriis
321 2818 504 2849 nominibus
526 2818 690 2849 exarandis
704 2818 903 2850 librariorum

176 2868 304 2898 calami:
324 2869 393 2899 vide
408 2870 448 2900 ad
463 2880 524 2900 ver.
541 2874 559 2901 7
563 2874 612 2901 24.

219 2918 301 2950 Ibid.
319 2923 472 2952 mortaleis
494 2924 601 2953 oculos.
646 2921 745 2958 Quasi
772 2922 900 2954 dixerit:

179 2972 201 2988 “
219 2971 372 3007 Quamvis
405 2979 482 3003 esset
512 2984 600 3014 aeque
631 2974 780 3011 mortalis,
815 2981 906 3015 atque

923 1060 942 1073 “
959 1053 1015 1091 illi,
1037 1064 1116 1095 quos
1138 1058 1225 1084 tanto
1248 1062 1341 1092 opere
1367 1051 1494 1092 Religio
1517 1057 1656 1090 terreret,

924 1112 944 1125 ‘⁶
958 1117 1024 1136 non
1039 1106 1192 1136 dubitavit
1212 1111 1318 1135 tamen
1335 1104 1467 1140 obtueri,
1484 1114 1520 1134 ac
1534 1104 1658 1134 fortiter

924 1161 945 1175 “
960 1157 1118 1192 obsistere,
1142 1156 1232 1186 nullo
1256 1156 1347 1192 duce,
1371 1161 1403 1185 et
1417 1154 1560 1194 exemplo
1585 1155 1656 1186 nul-

925 1212 947 1229 “
963 1209 1030 1240 lo.‘'
1077 1208 1246 1249 Virgilius,
1264 1208 1340 1238 AEn.
1359 1207 1397 1237 iv,
1416 1210 1487 1238 277.

986 1266 1103 1292 Mortalis
1114 1266 1191 1291 visus
1202 1265 1292 1291 medio
1305 1272 1427 1291 sermone
1439 1265 1562 1297 reliquit:

924 1323 955 1348 et
970 1317 1115 1347 similiter
1137 1316 1212 1347 ibid.
1236 1316 1268 1346 ii.
1288 1318 1360 1347 605.
1407 1314 1495 1346 Pedo
1523 1314 1658 1345 Albino-

925 1379 1035 1406 vanus,
1052 1368 1154 1398 Anth.
1170 1367 1239 1397 Lat.
1257 1367 1366 1397 Burm.
1390 1366 1422 1397 ii.
1442 1370 1512 1397 1521.
1529 1377 1591 1396 ver.
1609 1370 1660 1397 20.

956 1428 999 1453 Dii
1004 1430 1142 1457 revocant,
1152 1433 1298 1457 rerumque
1306 1428 1399 1451 vetant
1407 1431 1569 1458 cognoscere
1576 1424 1660 1450 finem

960 1468 1080 1493 Mortales
1092 1467 1183 1492 oculos.

931 1518 1091 1558 Sulpicius
1117 1518 1256 1553 Severus,
1273 1516 1293 1548 i.
1316 1519 1367 1547 55.
1396 1519 1419 1534 “
1435 1515 1591 1546 Poscente
1606 1526 1663 1545 au-

927 1574 949 1589 “
966 1576 1031 1601 tem
1054 1569 1172 1607 Moise,
1196 1575 1232 1599 ut
1248 1569 1429 1599 Dominum
1444 1569 1478 1598 in
1501 1568 1664 1609 majestate

929 1627 950 1642 “
965 1623 1090 1663 propria
1115 1623 1244 1660 videret,
1282 1632 1482 1661 responsum,
1515 1622 1664 1651 Formam

928 1678 948 1693 “
966 1675 1029 1705 Dei
1045 1676 1224 1705 mortalibus
1241 1675 1338 1704 oculis
1353 1672 1488 1712 perspici
1511 1682 1576 1702 non
1593 1682 1663 1711 pos-

930 1729 953 1744 “
969 1725 1040 1755 se:’‘
1064 1725 1131 1763 ubi,
1147 1731 1184 1755 ut
1198 1724 1231 1753 in
1247 1724 1406 1758 Lucretio,
1430 1722 1593 1752 antithesis
1616 1732 1664 1751 se-

930 1777 1006 1807 dulo
1021 1776 1160 1806 notanda
1175 1780 1230 1810 est,
1246 1776 1424 1805 mortalium
1448 1773 1615 1804 oculorum
1635 1779 1666 1804 et

933 1827 1045 1867 speciei
1061 1828 1255 1858 immortalis.

977 1879 1060 1910 Ibid.
1078 1881 1188 1910 tollere.
1234 1877 1370 1916 Nonius,
1393 1887 1423 1916 p.
1442 1880 1511 1908 199.
1538 1887 1565 1907 a.
1588 1875 1667 1918 legit

938 1935 1060 1964 tendere
1067 1946 1078 1967 ‚·
1105 1931 1190 1972 quod
1205 1930 1308 1970 primo
1325 1935 1452 1969 aspectu
1474 1929 1574 1959 cuivis
1596 1929 1664 1960 ido-

936 1994 997 2013 neo
1012 1982 1242 2024 elegantiarum
1263 1981 1379 2012 arbitro
1402 1980 1539 2011 arridere
1561 1981 1667 2020 possit.

937 2035 1064 2073 Noster,
1081 2034 1121 2064 iv.
1139 2037 1212 2065 526.

968 2095 1010 2120 Sol
1022 2095 1103 2120 etiam
1115 2097 1213 2123 caecat‚
1225 2095 1321 2118 contra
1333 2092 1353 2117 si
1365 2092 1464 2117 tendere
1475 2099 1583 2124 pergas:

938 2143 992 2174 ubi
1022 2153 1080 2173 nos
1113 2142 1248 2173 videndi.

942 2196 1018 2226 AEn.
1036 2195 1067 2225 ii.
1084 2197 1158 2226 405-

967 2255 1009 2280 Ad
1020 2254 1123 2279 coelum
1135 2253 1238 2278 tendens
1249 2252 1369 2278 ardentia
1380 2252 1479 2277 lumina
1490 2250 1605 2276 frustra:

1311 2141 1461 2172 Similiter
1500 2141 1666 2182 Virgilius,

937 2304 991 2344 qui
1006 2304 1093 2334 locus
1109 2302 1247 2333 maxime
1261 2302 1324 2332 huc
1339 2301 1426 2339 facit,
1442 2300 1531 2330 omni
1543 2310 1581 2329 ex
1597 2310 1667 2339 par-

937 2361 967 2386 te
983 2356 1172 2386 conveniens
1187 2360 1218 2384 et
1228 2353 1497 2395 germanissimus.
1545 2351 1669 2383 Gellius

938 2406 976 2437 de
993 2406 1134 2447 Regulo,
1150 2406 1190 2435 vi.
1207 2409 1305 2436 4.—“
1321 2404 1467 2435 adversus
1481 2403 1581 2433 ictum
1597 2403 1671 2434 solis

940 2461 963 2476 “
980 2458 1161 2497 oppositum
1177 2457 1389 2494 continebant,
1405 2462 1499 2495 atque
1514 2457 1672 2486 intendere

941 2513 963 2528 ‘⁴
980 2510 1014 2540 in
1029 2510 1144 2540 coelum
1159 2511 1258 2541 ocutos
1268 2507 1451 2549 cogebant.''
1497 2506 1571 2536 Hoc
1582 2507 1670 2538 insu-

941 2573 997 2603 per
1019 2562 1158 2593 favorem
1182 2561 1311 2591 dictioni
1336 2559 1491 2589 Nonianae
1514 2558 1670 2598 conciliat,

943 2614 1028 2655 quod
1041 2614 1105 2644 veri
1119 2613 1262 2644 videatur
1277 2610 1409 2641 similius
1420 2610 1562 2640 librarios
1577 2611 1672 2650 scrip-

944 2671 1026 2696 tores
1046 2670 1223 2695 mutaturos
1245 2661 1479 2703 exquisitiorem
1502 2661 1673 2692 dictionem

944 2719 1077 2753 tendere,
1093 2721 1124 2745 et
1136 2714 1237 2745 multo
1251 2714 1358 2743 minus
1370 2713 1502 2751 obviam,
1515 2713 1550 2743 in
1558 2715 1672 2752 tollere,

945 2778 1041 2809 quam
1066 2767 1215 2797 vicissim:
1246 2776 1347 2806 neque
1373 2765 1469 2795 velim
1495 2765 1674 2805 negligatur

946 2820 1069 2850 erudita
1085 2818 1221 2850 Bentleii
1235 2825 1310 2849 nota
1325 2818 1364 2849 ad
1377 2818 1490 2849 Horat.
1503 2818 1588 2857 epist.
1605 2818 1626 2848 i.
1649 2821 1677 2850 1,

949 2876 998 2904 28.
1014 2873 1069 2913 qui
1085 2879 1189 2903 tamen
1205 2872 1246 2903 ad
1260 2872 1309 2903 od.
1325 2872 1344 2902 i.
1360 2876 1390 2902 5.
1407 2875 1456 2901 18.
1473 2881 1525 2901 me
1541 2871 1675 2901 deterret

948 2925 986 2954 ab
1009 2923 1113 2964 aliquo
1127 2924 1282 2961 novando,
1310 2923 1396 2953 libris
1415 2933 1480 2953 non
1502 2921 1673 2952 addicenti-

949 2977 1016 3006 bus.
1062 2976 1136 3007 Hoc
1152 2975 1245 3006 etiam
1262 2975 1336 3006 facit
1347 2973 1564 3008 Germanicus,
1581 2982 1673 3011 quc-m
