1894 3253
546 249 781 303 LIBER
830 246 1248 301 SECUNDUS.

1554 250 1643 294 197

292 389 426 431 Suave
446 388 569 428 etiam
590 387 683 428 belli
703 385 928 427 certamina
948 396 1101 439 magna
1121 379 1242 421 tueri:

290 463 372 505 Sed
394 462 495 503 nihil
514 461 673 503 dulcius
693 469 768 510 est,
790 460 898 500 bene
920 471 1045 512 quam
1066 454 1226 496 munita
1246 460 1400 502 tenere,

288 537 416 578 Edita
435 535 624 578 doctrina
646 534 896 589 sapientum,
920 528 1073 584 templa
1093 541 1257 576 serena3

191 693 272 725 Ibid.
284 698 315 723 et
331 696 358 724 6.
383 692 425 723 In
441 692 602 729 omnibus,
618 701 682 730 prae
699 701 731 720 se
746 689 875 719 ferenti-

145 749 203 778 bus
232 745 460 782 auctoritatem,
491 743 731 782 exemplaribus,
755 740 877 780 scriptis

145 805 177 829 et
191 798 291 833 editis,
316 797 341 827 si
357 797 408 828 Pii
423 796 556 835 excipias
573 796 819 829 Bononiensem,
843 793 877 822 hi

146 851 211 882 duo
225 860 342 885 versus,
367 849 414 879 uti
430 859 487 878 nos
501 848 675 888 posuimus,
699 852 879 887 ponuntur;

143 909 176 934 et
189 900 379 941 exemplaria
394 899 525 940 quidem
540 906 643 929 vetera
663 898 771 928 omnia
788 897 878 927 nobis

145 954 302 986 audienda
322 963 388 983 esse
408 951 666 982 existimavimus.

190 1005 272 1037 Ibid.
294 1006 364 1035 belli
379 1005 561 1034 certamina.
609 1000 775 1042 Virgilius,
799 1000 877 1030 AEn.

150 1068 178 1088 x.
199 1061 270 1088 146.

528 1112 588 1136 duri
597 1111 737 1136 certamina
749 1110 817 1135 belli.

193 1164 275 1195 Ibid.
297 1165 466 1194 certamina
483 1172 606 1201 magna.
632 1160 737 1199 Idem,
754 1159 810 1190 ecl.
826 1159 880 1189 vii.

155 1221 203 1248 16.

179 1287 211 1310 Et
222 1289 345 1310 certamen
355 1287 424 1313 erat,
441 1282 568 1314 Corydon
579 1288 643 1306 cum
652 1279 799 1311 Thyrside,
813 1286 883 1311 mag-

273 1331 346 1348 num.

192 1374 273 1405 Ibid.
295 1375 392 1404 tueri.-
418 1381 532 1411 nempe
547 1372 581 1401 in
596 1377 692 1409 turre,
709 1370 758 1400 vel
770 1369 881 1400 altiore

148 1425 286 1467 quodam
318 1424 399 1462 loco,
423 1423 559 1463 positusg
590 1422 675 1453 unde
708 1422 883 1462 proprietas

147 1476 349 1518 sequentium
375 1475 489 1505 clarius
516 1474 679 1512 elucescet,
707 1484 743 1503 ac
770 1483 882 1503 venus-

146 1534 204 1559 tas.
251 1526 361 1558 Oculis
376 1526 476 1565 po'etae
492 1526 589 1555 nostri
604 1525 757 1554 involasse
773 1530 883 1563 putem

150 1578 306 1610 Homerei
321 1577 384 1607 loci
400 1576 616 1614 simulacrum,
644 1575 684 1606 ad
707 1575 746 1605 Il.
763 1582 794 1606 Γ.
814 1577 882 1606 155.

150 1631 205 1661 ubi
229 1629 372 1660 similiter
394 1628 560 1667 optimates
583 1627 794 1667 Trojanorum
813 1637 882 1666 spe-

152 1682 234 1713 ciem
248 1681 325 1711 belli
340 1681 517 1710 intuentur:

202 1748 272 1771 Tomi
285 1755 338 1779 αρικ
352 1746 443 1779 Τρωων
455 1745 570 1779 ἡγήτορες
583 1742 632 1772 ’ὅντ’
646 1753 681 1770 tert
695 1748 789 1779 πυργῳ·

155 1812 256 1842 neque
282 1801 422 1831 fortassis
440 1800 489 1830 illi
514 1798 624 1839 procul
648 1800 753 1829 aberat
778 1799 825 1829 rei
840 1808 888 1829 re-

154 1853 305 1890 cordatio,
329 1862 426 1892 quam
443 1851 482 1881 de
498 1851 616 1888 Xerxe,
640 1851 744 1889 copias
761 1861 833 1880 suas
849 1851 888 1881 de

156 1904 252 1934 turris
266 1902 353 1942 apice
369 1912 442 1932 cum
451 1902 591 1932 lacrimis
602 1901 765 1940 lustrante,
784 1901 889 1941 plures

157 1962 299 1986 veterum
329 1955 419 1985 nobis
448 1954 612 1984 tradidere.
673 1953 733 1983 Sed
762 1963 890 1992 operam

157 2007 252 2047 longe
267 2005 565 2040 commodissimam,
576 2011 670 2045 atque
681 2003 721 2034 ad
730 2003 888 2034 illustran-

159 2059 237 2089 dum
267 2057 452 2087 Lucretium
481 2066 681 2095 summopere
710 2055 890 2094 facientem,

162 2110 279 2140 Seneca
294 2108 431 2146 navabit,
448 2108 489 2138 ad
504 2107 618 2137 Troad.
639 2110 729 2138 1068.

221 2180 265 2203 Est
277 2184 330 2202 una
341 2183 441 2209 magna
451 2174 528 2200 turris
541 2182 555 2200 e
566 2174 649 2205 Troja
660 2181 750 2207 super,

223 2218 341 2243 Adsueta
352 2217 455 2241 Priamo
465 2226 472 2247 3
490 2216 564 2246 cujus
575 2223 587 2239 e
590 2215 709 2247 fastigio,

224 2256 393 2287 summisque
401 2255 498 2288 pinnis,
509 2255 608 2279 arbiter
619 2254 681 2280 belli
690 2254 787 2285 sedem,

224 2297 342 2327 Regebat
358 2296 442 2320 acies:
459 2300 533 2320 turre
544 2295 572 2319 in
582 2295 644 2325 hac,
652 2295 751 2319 blando
762 2295 820 2319 sinu

226 2338 329 2360 Fovens
340 2340 479 2367 nepotem,
490 2343 565 2366 cum,
576 2340 653 2360 metu
664 2342 753 2360 versos
762 2335 848 2367 gravi,

226 2377 332 2399 Danaos
342 2374 448 2406 fugaret
461 2376 561 2399 Hector
573 2379 600 2399 et
609 2375 681 2400 ferro
692 2378 720 2399 et
730 2374 800 2404 face,

226 2417 337 2439 Paterna
348 2421 430 2446 puero
441 2414 504 2438 bella
516 2414 671 2438 monstrabat
681 2421 776 2439 senex.

210 2472 283 2503 Ver.
300 2475 328 2502 7.
351 2473 447 2502 nihil.-
477 2472 516 2502 G.
534 2473 581 2502 M.
597 2474 890 2503 niln'lo.—dulcz'us:

170 2526 210 2556 G.
225 2526 328 2559 dulce‚-
354 2523 408 2553 sed
423 2523 502 2563 quid
527 2524 585 2553 sibi
611 2525 678 2554 haec
693 2523 803 2563 velint,
829 2534 894 2554 non

168 2576 460 2618 perspicia—hene:
487 2575 523 2605 P.
542 2576 581 2606 V.
598 2576 644 2606 ed.
660 2578 741 2607 bone.

213 2627 294 2659 Ibid.
317 2629 447 2658 dulcius.
497 2626 589 2656 Idem
616 2637 692 2667 ergo
707 2633 781 2657 sunt
796 2629 895 2659 dulcis

169 2687 201 2711 et
214 2682 333 2714 suavis,-
359 2689 461 2719 neque
477 2678 565 2708 aliter
582 2679 703 2717 Cicero,
727 2679 766 2709 de
782 2686 896 2710 senect.

171 2736 220 2763 10.
245 2735 267 2749 “
284 2731 327 2761 Et
350 2730 447 2768 enim,
474 2736 510 2759 ut
525 2730 568 2759 ait
585 2729 756 2766 Homerus,
779 2740 817 2760 ex
834 2730 900 2770 ejus

168 2788 193 2803 ⁴‘
208 2783 319 2823 lingua
349 2782 442 2812 melle
479 2784 599 2812 dulcior
636 2781 753 2811 fluebat
784 2782 897 2812 oratio:

172 2837 195 2853 ⁰‘
211 2844 307 2875 quam
328 2834 369 2864 ad
394 2836 573 2864 sum-itatem
598 2833 693 2862 nullis
709 2834 819 2873 egebat
833 2843 900 2863 cor-

175 2888 197 2903 “
214 2885 295 2924 poris
310 2885 458 2916 viribus.”

219 2936 298 2968 Ibid.
320 2939 391 2970 bene
406 2940 546 2970 munita:
572 2937 591 2969 i.
607 2947 632 2968 e.
656 2942 740 2975 tuta;
764 2943 800 2969 ut
823 2936 900 2968 Ovi-

921 686 994 717 dius
1009 684 1051 716 ad
1066 684 1134 714 Liv.
1151 684 1237 724 Aug.
1255 686 1305 714 61.
1327 682 1371 712 ita
1382 682 1490 713 leviter
1499 681 1653 724 castigan-

921 738 993 769 dus:

957 800 1012 829 Ipse
1021 795 1098 828 vigil,
1106 795 1214 819 summa
1224 801 1299 819 sacer
1309 794 1362 826 ipse
1372 794 1476 818 locatus
1484 794 1511 818 in
1519 799 1592 823 arce,

956 840 1006 862 Res
1017 836 1161 861 hominum
1173 842 1205 860 ex
1217 838 1271 859 tuto
1283 841 1391 860 cernere
1402 835 1496 866 dignus
1508 837 1576 858 erat.

969 884 1052 915 Ibid.
1085 886 1156 915 bene
1186 886 1307 914 munita
1334 885 1506 923 sapientum
1536 882 1656 923 templa.

928 936 1165 976 Aristophanes,
1184 935 1272 965 Nub.
1287 938 1380 965 1024.

1080 1023 1100 1037 ω
1114 1012 1362 1037 ΚΑΛΛΙΠΥΡΓΟΝ
1385 1010 1520 1037 ΣΟΦῙΑΝ

1103 1064 1268 1089 Kharawta-m
1280 1069 1394 1086 επακ-κων
1402 1066 1413 1084 .·

928 1123 1013 1153 unde
1026 1122 1102 1162 lyrae
1115 1122 1270 1152 Romanae
1286 1120 1408 1157 fidicen,
1433 1119 1482 1151 od.
1499 1119 1543 1150 iii.
1558 1122 1611 1149 28.
1629 1120 1657 1148 4.

927 1174 1145 1205 illustrabitur.

1022 1233 1187 1263 Munitaeque
1198 1232 1296 1257 adhibe
1306 1232 1362 1255 vim
1374 1230 1506 1262 sapientiae
1516 1238 1525 1254 .-

926 1283 947 1312 i.
963 1292 988 1312 e.
1012 1285 1107 1323 Σοφκᾳ
1125 1292 1380 1322 εμτεπυργωμενῃ,
1404 1277 1553 1309 doctrinis
1578 1276 1662 1308 scili-

928 1340 978 1364 cet
990 1338 1085 1374 atque
1100 1331 1272 1371 disciplinis
1283 1331 1551 1371 philosophorum.
1589 1329 1659 1368 Ap-

926 1385 1046 1424 positus
1071 1390 1116 1414 est
1141 1383 1238 1413 etiam
1262 1382 1381 1413 Accius
1400 1381 1486 1421 apud
1500 1380 1658 1416 Tullium,

927 1435 966 1466 de
981 1436 1040 1466 div.
1057 1435 1077 1466 i.
1095 1439 1144 1465 22.

957 1506 1034 1530 Proin
1046 1505 1118 1536 vide,
1136 1512 1181 1535 ne,
1200 1512 1282 1537 quem
1294 1507 1325 1529 tu
1336 1511 1391 1530 esse
1402 1504 1530 1529 hebetem
1547 1502 1660 1534 deputes

1051 1552 1132 1577 aeque
1143 1552 1174 1570 ac
1185 1553 1278 1577 pecus,

958 1586 992 1615 Is,
1003 1584 1128 1617 sapientia
1138 1584 1276 1614 munitum,
1284 1587 1381 1616 pectus
1390 1583 1529 1616 egregium
1541 1585 1618 1614 gerat
1627 1590 1636 1612 ς

959 1627 1056 1656 Teque
1067 1631 1151 1656 regno
1165 1624 1297 1656 expellat.

930 1673 1040 1712 Porro,
1078 1674 1184 1704 locum
1221 1673 1414 1703 contrarium
1443 1672 1486 1702 sic
1511 1672 1660 1702 Lucanus

929 1725 1076 1766 graphice
1090 1724 1258 1755 lectoribus
1273 1723 1425 1763 depinxit,
1440 1733 1468 1753 v.
1485 1726 1556 1754 250.
1590 1722 1670 1753 Cari.

931 1787 1067 1806 memor:

964 1846 1042 1870 Haud
1052 1846 1138 1878 magis
1147 1848 1278 1877 expertus
1288 1843 1441 1869 discrimine
1455 1844 1546 1868 Caesar
1565 1842 1592 1866 in
1609 1841 1663 1867 ullo

1084 1889 1095 1910 t

965 1893 1120 1957 Quamerio’n
1131 1932 1147 1950 e
1157 1924 1251 1954 stabili,
1261 1923 1366 1949 tremulo
1377 1923 1434 1953 sed,
1444 1922 1552 1947 culmine
1563 1925 1662 1947 cuncta

965 1966 1107 1998 Dexpiccret
1113 1974 1125 1994 ;
1142 1969 1279 1995 staretque
1288 1968 1364 1997 super
1373 1963 1511 1988 titubantia
1521 1962 1616 1988 fultus.

980 2024 1052 2054 Ver.
1083 2027 1114 2055 8.
1140 2025 1256 2054 Edita:
1282 2023 1302 2052 i.
1329 2033 1354 2053 e.
1385 2021 1666 2052 educta—facta—

934 2075 1114 2106 creata—in
1140 2075 1241 2105 altum
1263 2073 1550 2106 erecta—doctrina
1564 2073 1666 2113 philo-

934 2128 1112 2167 sophorum.
1159 2127 1198 2162 Q„
1217 2125 1359 2163 Curtius,
1375 2125 1416 2155 ix.
1436 2128 1462 2155 1.
1480 2128 1579 2156 9.—-“
1597 2123 1667 2164 Syl-

937 2184 956 2199 “
970 2189 1017 2209 vae
1031 2184 1121 2209 erant
1142 2187 1250 2218 prope,
1272 2178 1307 2208 in
1322 2178 1515 2208 immensum
1530 2176 1664 2215 spatium

936 2233 959 2249 ‘⁶
975 2230 1110 2268 diffusae,
1136 2229 1333 2270 procerisque
1356 2234 1387 2258 et
1408 2228 1442 2257 in
1458 2227 1609 2257 eximiam
1623 2226 1668 2256 al-

937 2287 957 2301 “
972 2281 1142 2312 titudinem
1164 2283 1254 2312 editis
1284 2280 1450 2310 arboribus
1470 2278 1665 2308 umbrosae:”

938 2333 958 2363 i.
973 2344 1000 2364 e.
1021 2344 1051 2364 se
1067 2334 1289 2363 dantibus—se
1315 2330 1576 2362 tollentibus—in
1602 2329 1667 2359 exi-

938 2383 1037 2414 miam
1052 2383 1261 2413 altitudinem.

982 2435 1066 2466 Ibid.
1099 2437 1210 2475 templa
1240 2446 1345 2466 serena
1355 2449 1364 2465 :
1400 2435 1440 2464 ob
1469 2432 1669 2464 altitudinem

938 2498 1040 2526 suam,
1056 2498 1162 2518 rerum
1178 2493 1373 2518 terrenarum
1389 2487 1507 2517 nebulis
1521 2485 1667 2515 carentia.

938 2540 1076 2571 Pulchre
1088 2540 1217 2577 Statius,
1234 2539 1332 2569 Theb.
1348 2539 1381 2569 ii.
1397 2540 1448 2569 55.
1475 2537 1593 2567 Carum
1605 2547 1671 2568 cer.

938 2592 1056 2622 tissime
1069 2596 1260 2630 respectans:

972 2659 1030 2682 Stat
1040 2656 1153 2681 sublimis
1160 2663 1243 2687 apex,
1252 2659 1403 2686 ventosque
1410 2655 1563 2687 imbresque
1570 2662 1671 2680 serenus

974 2697 1096 2729 Despicit.

989 2746 1062 2776 Ver.
1080 2751 1108 2777 9.
1133 2748 1298 2786 Despicere
1313 2747 1390 2777 alios
1407 2747 1534 2776 Errare.
1580 2744 1673 2775 Idem

947 2797 1076 2834 Statius,
1092 2796 1162 2827 silv.
1174 2797 1207 2828 ii.
1226 2800 1253 2828 2.
1278 2800 1347 2828 131.
1368 2797 1553 2828 Lucretium
1568 2796 1674 2826 imita-

945 2854 995 2879 tus
1007 2854 1052 2878 est
1066 2848 1196 2878 iterum:

1263 2906 1332 2932 celsa
1344 2910 1376 2931 tu
1386 2906 1485 2932 mentis
1495 2905 1526 2930 ab
1537 2912 1594 2929 arce

977 2947 1092 2981 Deepicis
1102 2951 1226 2979 errantes,
1237 2948 1410 2980 humanaque
1421 2947 1518 2980 gaudia
1528 2945 1609 2971 rides:
