1894 3253
196 265 268 308 26-

670 260 732 308 Τ.
776 255 1158 307 LUCRETII

344 391 470 435 Muta
489 398 617 440 mem,
639 397 808 440 terram,
830 389 1004 447 genibus
1025 387 1239 437 submissa,
1260 385 1446 441 petebat:

345 466 436 508 Nec
456 467 618 506 miserae
637 464 832 519 prodesse
852 464 896 504 in
917 463 987 504 tali
1007 470 1195 518 tempore
1215 461 1375 516 quibat,

262 546 315 582 95
348 539 477 589 Quod
496 539 632 594 patrio
651 539 843 593 princeps
863 537 1040 578 donarat
1059 536 1229 577 nomine
1248 548 1406 591 regem:

344 615 471 664 Nam,
494 613 651 654 sublata
669 612 804 653 virum
823 611 1028 662 manibus,
1050 608 1417 663 tremebundaque,
1438 606 1490 648 ad
1511 621 1603 648 aras

245 755 320 785 Ver.
343 757 392 786 93.
417 755 509 785 Muta
532 760 630 785 metu:
659 759 696 784 ut
720 753 825 791 Maro,
851 753 929 783 AEn.

200 807 241 836 ix.
257 809 330 836 541.

262 865 344 889 Molle
354 871 446 896 pecus,
457 867 610 895 mutumque
621 866 698 888 metu.

202 905 255 935 De
270 905 324 935 illa
335 905 505 945 AEschylus
517 905 615 934 etiam
630 903 717 941 dicit,
732 904 847 943 Agam.
861 905 933 933 249.

202 949 386 999 wgostvvsmw
401 959 518 987 θελεσα
534 968 667 997 πατεξαε
686 954 769 993 apud
781 954 936 993 tragicum

202 1017 274 1038 vero
289 1018 354 1038 non
369 1014 464 1038 metas
480 1006 636 1046 impediit,
654 1006 707 1036 sed
720 1005 936 1035 ministrorum

202 1063 362 1101 violentia,
380 1069 411 1093 et
426 1062 580 1093 involutio
594 1061 862 1091 vestimentorum.

247 1114 329 1145 Ibid.
358 1121 471 1145 terram
495 1115 641 1145 submissa
661 1115 794 1152 petebat.
842 1111 935 1142 Idem

203 1165 347 1197 conditor
363 1165 528 1202 AEne'idos,
544 1165 588 1194 iii.
606 1167 657 1196 93.

265 1215 384 1240 Submissi
395 1219 488 1239 terram
497 1214 615 1246 petimus.

248 1256 330 1287 Ibid.
361 1257 489 1296 genibus
518 1257 664 1286 submissa
675 1268 684 1285 :
720 1253 792 1284 vide
828 1253 934 1284 locum

208 1309 315 1340 Ovidii
331 1308 371 1338 ad
385 1319 446 1338 ver.
464 1312 514 1338 36.
535 1308 639 1345 Silius,
664 1307 749 1337 Pun.
767 1316 815 1336 xv,
834 1310 903 1337 146.

236 1369 313 1393 Tum
325 1375 388 1392 vero
400 1374 496 1399 capere
512 1373 587 1391 arma
603 1366 710 1397 jubent,
726 1364 885 1396 genibusque
900 1371 938 1388 sa-

332 1407 422 1431 lutant

236 1446 356 1471 Submissi
367 1446 519 1478 augurium.

209 1496 362 1527 Similiter
377 1496 512 1534 Plinius,
537 1495 579 1526 N.
603 1494 649 1524 H.
665 1494 707 1524 xi.
729 1498 797 1525 108.
823 1497 845 1512 “
862 1494 936 1524 Hae

210 1552 231 1567 ‘⁵
247 1549 286 1579 de
302 1548 419 1587 caussa,
442 1549 524 1578 inter
547 1547 637 1577 initia
659 1547 755 1586 pasci,
782 1546 842 1575 nisi
867 1547 936 1577 sub-

799 1599 837 1633 Q.
857 1599 938 1628 Cur-

209 1652 282 1690 tius,
299 1652 338 1682 iv.
351 1656 382 1682 6.
401 1656 450 1682 20.
475 1657 494 1669 “
510 1650 628 1691 Linqui
644 1649 756 1680 deinde
771 1649 889 1686 animo,
907 1654 937 1679 et

210 1707 232 1721 “
247 1705 384 1734 submitti
396 1715 478 1743 genu
494 1702 624 1741 coepit:'’
648 1702 703 1732 ubi
726 1701 878 1731 videndus
892 1707 938 1731 est

213 1754 401 1785 Gronovius.
448 1754 530 1784 Haec
552 1760 659 1783 autem
689 1763 754 1782 non
782 1752 860 1782 adeo
889 1762 942 1782 me

211 1812 421 1844 commovent,
438 1812 474 1836 ut
500 1816 565 1835 non
581 1810 690 1844 putem
705 1803 800 1843 longe
816 1803 942 1844 elegan-

213 1857 338 1895 tiorem,
362 1863 454 1898 atque
477 1856 554 1886 adeo
580 1855 819 1895 praeferendam,
846 1854 943 1885 nostri

213 1910 328 1940 codicis
345 1914 379 1939 Δ.
396 1909 595 1947 scripturam:

243 1962 320 1984 Muta
331 1963 417 1989 metu,
428 1963 539 1988 terram,
547 1958 651 1990 genibus
661 1958 783 1987 subnixa,
793 1959 911 1989 petebat.

219 2000 311 2031 Certe
336 2000 444 2029 minus
466 1999 649 2038 pervulgata
676 2007 734 2027 vox
761 2003 816 2033 est,
842 2008 945 2037 neque

215 2051 295 2082 adeo
310 2061 374 2080 non
390 2050 496 2080 minus
512 2049 601 2079 obvia
615 2049 815 2078 librariorum
828 2048 944 2087 impor-

215 2102 301 2132 tunis
315 2100 580 2131 solicitationibus.
625 2099 725 2129 Nullo
740 2099 834 2129 etiam
849 2109 945 2139 nego-

211 1606 230 1619 “
245 1603 345 1632 missis
357 1602 495 1641 genibus,
511 1610 576 1629 non
591 1598 751 1638 possunt.’'

217 2154 263 2184 tio
279 2153 475 2183 subindicare
489 2162 657 2192 possumus
672 2151 864 2190 probabilem
875 2161 946 2189 pro-

219 2215 360 2245 gressum
394 2203 593 2242 corruptelae;
631 2204 773 2240 subnixa,
811 2204 946 2238 subnisa,

220 2258 384 2288 submissa:
410 2266 472 2295 quo
487 2255 564 2295 quid
581 2254 759 2294 proclivius,
776 2259 868 2294 atque
883 2254 947 2284 usi-

220 2307 333 2339 tatius?
360 2307 424 2343 Qui
440 2307 593 2337 triverunt
608 2311 725 2336 veteres
739 2305 835 2336 libros
851 2305 948 2335 MSS.

221 2359 301 2390 nihil
317 2359 387 2390 duri
409 2359 443 2388 in
465 2360 522 2389 hac
538 2358 606 2388 olea
621 2358 783 2397 reperient.
828 2357 950 2395 Livius,

221 2411 292 2442 xliv.
317 2415 345 2442 9.
370 2414 470 2441 6.--“
486 2410 638 2440 stantibus
661 2409 782 2449 primis,
807 2409 952 2439 secundis

224 2467 245 2482 “
260 2462 523 2500 submissioribus,
546 2462 644 2492 tertiis
659 2462 762 2502 magis
778 2467 807 2491 et
823 2461 952 2502 quartis,

225 2519 247 2534 “
264 2515 430 2555 postremis
460 2515 556 2545 etiam
581 2525 663 2554 genu
686 2513 799 2544 m'.1·is.”
854 2513 952 2553 Apud

224 2567 372 2604 eundem,
397 2566 436 2596 iv.
462 2569 511 2596 42.
535 2568 566 2597 5.
592 2569 614 2583 “
629 2565 739 2595 ——ubi
762 2566 907 2595 subnixus
923 2571 954 2595 et

226 2620 249 2635 “
265 2617 364 2646 fidens
386 2617 573 2647 innocentiae
595 2616 722 2646 animus
744 2615 864 2647 esset?‘'
891 2616 953 2647 Sed

225 2667 372 2698 nonnulli
387 2669 508 2699 codices
523 2668 671 2699 exhibent
685 2669 864 2699 submissus:
882 2667 953 2698 vide

226 2719 529 2750 Drakenborchium.

228 2771 354 2802 BIarius
369 2771 552 2802 Victorinus
568 2772 606 2802 de
617 2772 764 2803 fratribus
774 2772 953 2803 'Machabae-

227 2823 266 2860 is,
277 2832 338 2852 ver.
358 2825 425 2852 151.
442 2833 548 2862 quem,
561 2824 685 2862 punctis
699 2824 814 2854 rectius
829 2823 954 2854 ordina-

226 2873 279 2912 tis,
295 2878 326 2903 et
339 2872 424 2903 facili
440 2874 668 2913 emendatione,
685 2876 728 2906 sic
743 2875 914 2906 restituam:

259 2935 295 2960 At
303 2933 407 2964 juvenis
417 2934 500 2958 tacito
512 2934 637 2959 mittebat
650 2942 789 2960 murmure
796 2942 908 2960 vocem:

259 2972 353 2999 oranti
363 2973 464 3004 similis,
475 2973 576 3006 palmas
587 2974 715 2999 tendebat
727 2974 754 2999 in
765 2974 851 2999 altum
858 2982 867 3005 ς

1005 749 1172 779 subnixoque
1180 755 1258 779 genu,
1272 746 1365 771 matris
1378 746 1477 778 figebat
1487 746 1514 770 in
1527 752 1583 775 ore,

1005 789 1066 821 Qua
1074 789 1148 818 licet,
1157 792 1295 819 aspectum
1303 796 1310 817 ;
1324 793 1419 818 corpus
1427 786 1487 818 quia
1496 786 1575 810 turba
1582 785 1704 810 tenebat.

976 838 1098 878 Vulgo,
1121 839 1190 877 qui:
1216 836 1272 866 sed
1298 835 1386 865 locus
1408 834 1448 864 ad
1474 833 1649 874 Virgilium
1670 833 1706 863 in

979 891 1055 920 AEn.
1069 889 1101 919 ii.
1117 893 1189 919 406.
1212 887 1382 918 clarissime
1404 886 1596 926 exprimitur.
1641 885 1707 915 His

979 941 1104 971 accedat
1121 941 1242 978 Cicero,
1258 940 1291 969 in
1308 939 1400 969 Arati
1415 937 1642 978 phaenomenis:

1000 1006 1032 1029 Εν
1047 1013 1134 1034 »savam
1144 1007 1276 1036 vocitant,
1283 1006 1387 1037 genibus
1399 1006 1471 1036 quod
1482 1005 1547 1030 nixa
1558 1004 1672 1030 feratur.

979 1057 1001 1088 J
1003 1066 1151 1092 uvencus,
1168 1055 1239 1085 hist.
1255 1065 1365 1095 evang.
1379 1054 1432 1084 lib.
1449 1055 1487 1084 iv.

994 1115 1195 1147 Tunc‚genibns
1204 1114 1273 1144 nixi,
1285 1121 1378 1146 regem
1389 1114 1587 1144 dominumque
1593 1112 1711 1138 salutant

996 1155 1100 1187 Judaeae
1116 1154 1214 1185 gentis.

980 1204 1123 1234 Avienus
1138 1204 1170 1232 in
1186 1202 1306 1242 primiS,
1323 1203 1415 1232 Atat.
1431 1203 1533 1240 phaen.
1555 1203 1626 1232 185.

1142 1270 1178 1294 sic
1190 1270 1323 1298 membra,
1331 1276 1398 1301 genu
1409 1269 1521 1294 subnixa
1532 1268 1650 1298 sin-istro,

1011 1312 1174 1334 sustentasse
1183 1309 1286 1334 ferunt.

983 1360 1065 1390 Haec
1076 1360 1173 1400 igitur
1187 1358 1265 1389 dicit
1275 1358 1457 1395 Lucretit153
1474 1361 1496 1376 “
1512 1357 1713 1397 Iphigeniam

984 1414 1006 1429 “
1022 1416 1088 1440 toto
1110 1420 1237 1449 corpore
1253 1409 1415 1449 prosterni,
1439 1409 1473 1439 in
1489 1408 1571 1439 terra
1585 1407 1713 1438 devolu-

981 1467 1000 1480 “
1016 1468 1093 1499 tam,
1108 1461 1168 1491 nisi
1184 1461 1268 1502 quod
1283 1461 1416 1501 genibus
1441 1460 1514 1490 solis
1539 1459 1713 1490 subnitere-

981 1516 1004 1532 “
1020 1519 1083 1551 tur,
1107 1518 1199 1553 atque
1214 1513 1448 1542 submoveretur
1464 1511 1561 1541 solo.”

983 1565 1093 1601 Porro,
1100 1564 1134 1594 in
1143 1565 1201 1594 hac
1211 1563 1359 1603 supplicis
1368 1562 1484 1602 puellae
1493 1561 1714 1601 descriptione,

984 1615 1168 1646 crediderim
1184 1616 1308 1654 poetam
1328 1619 1472 1644 nostrum
1487 1613 1616 1643 tinxisse
1631 1611 1713 1642 cala-

981 1677 1072 1697 mum
1087 1667 1121 1696 in
1135 1666 1318 1706 A'Eschyleos
1333 1666 1446 1701 fontes,
1458 1664 1498 1695 ad
1512 1665 1630 1705 Agam,
1642 1666 1715 1693 256.

1062 1731 1144 1757 Λι-τως
1161 1730 1194 1760 δε,
1207 1729 1331 1764 κλῃδοναις
1343 1737 1470 1762 πατςῳες,

1063 1775 1128 1810 Παῤ
1142 1776 1204 1806 wa,
1216 1786 1296 1801 αιωνα.
1306 1784 1334 1801 τε

1065 1822 1200 1857 Παξθενιον,
1214 1823 1287 1848 §Gauro
1299 1822 1329 1851 δη

1104 1871 1252 1904 Φιλομαχοι
1262 1867 1368 1904 βςαξῇς.

1032 1923 1106 1953 Ver.
1123 1927 1174 1954 94.
1200 1925 1233 1953 in
1250 1924 1308 1952 lali
1323 1928 1462 1961 tempore.
1492 1919 1595 1950 Graeci
1609 1919 1720 1950 dicunt

990 1986 1014 2004 εν
1031 1987 1126 2015 ταυτῃ
1144 1987 1181 2015 ⁷3²
1197 1974 1274 2015 [2305.-
1300 1973 1333 2002 in
1348 1972 1398 2002 his
1414 1971 1646 2012 angustiis-in
1660 1972 1721 2002 hac

989 2026 1180 2055 calamitate:
1207 2033 1299 2062 super
1328 2023 1389 2063 qua
1418 2023 1533 2061 phrasi,
1564 2033 1634 2062 quae
1662 2033 1722 2054 nos

991 2075 1220 2114 disputavimus
1234 2074 1274 2104 ad
1292 2074 1364 2104 Silv.
1378 2074 1453 2104 Crit.
1469 2073 1509 2104 iv,
1521 2084 1550 2112 p.
1568 2077 1618 2105 98.
1634 2074 1720 2105 haud

991 2126 1080 2157 nullo
1095 2137 1168 2156 cum
1183 2126 1324 2165 profectu
1335 2125 1462 2156 fortasse
1473 2125 1626 2166 perlegas:
1651 2127 1721 2167 qui-

991 2179 1052 2208 bus
1067 2177 1128 2208 alia
1144 2177 1376 2208 cumulavimus
1398 2176 1557 2207 fructuosa
1580 2177 1621 2207 ad
1644 2182 1721 2209 tom.

991 2239 1017 2259 v.
1033 2241 1062 2270 p.
1080 2233 1130 2260 59.
1153 2229 1254 2268 operis
1270 2228 1423 2269 ejusdem,
1438 2233 1475 2257 ut
1486 2227 1525 2258 de
1540 2228 1598 2258 hae
1613 2238 1646 2258 re
1652 2228 1722 2268 jam

992 2291 1078 2311 nunc
1098 2280 1187 2311 otiari
1213 2280 1253 2310 sit
1276 2280 1474 2319 permissum.
1522 2279 1625 2309 Aliter
1646 2279 1722 2310 Vir-

993 2332 1098 2374 gilius,
1115 2333 1193 2362 AEn.
1209 2331 1250 2362 iX.
1267 2335 1338 2362 210.

1254 2396 1316 2422 quae
1328 2389 1415 2414 multa
1426 2389 1499 2414 vides
1510 2388 1652 2414 discrimine
1661 2389 1721 2415 tali.-

995 2439 1049 2470 sed
1064 2438 1144 2469 redit
1159 2438 1200 2468 ad
1210 2437 1369 2477 exemplar
1384 2447 1491 2476 suum,
1506 2437 1581 2468 ibid.
1595 2437 1635 2468 xi.
1650 2441 1724 2470 505.

1467 2514 1521 2532 non
1533 2510 1638 2540 tempore
1647 2506 1695 2531 tali

1027 2550 1130 2581 Cogere
1140 2549 1294 2578 concilium,
1306 2555 1370 2573 cum
1381 2555 1472 2573 muros
1482 2548 1584 2573 adsidet
1593 2546 1686 2571 hostis.

998 2609 1082 2639 Vide
1097 2619 1159 2639 ver.
1175 2612 1247 2640 547.
1258 2608 1350 2639 infra.

1038 2661 1112 2691 Ver.
1130 2663 1179 2692 95.
1192 2662 1314 2700 patrio:
1342 2666 1385 2690 Π.
1397 2659 1529 2698 patrz‘ae:
1555 2661 1586 2687 et
1599 2665 1656 2695 pro
1670 2657 1724 2686 do-

996 2719 1102 2750 narat,
1127 2713 1163 2742 P.
1188 2713 1226 2742 B.
1255 2711 1294 2743 V.
1319 2711 1369 2742 ed.
1393 2712 1537 2744 donaret;
1569 2715 1612 2739 Π.
1639 2717 1726 2746 vero,

997 2766 1186 2799 dominaret;
1212 2769 1244 2794 et
1266 2762 1362 2800 idem,
1385 2760 1451 2791 vice
1473 2770 1585 2800 regem,
1610 2758 1664 2789 dat
1677 2769 1727 2790 re-

995 2826 1078 2855 gens.

1044 2866 1125 2897 Ibid.
1143 2866 1296 2906 princeps.
1341 2862 1392 2893 Ita
1406 2860 1573 2902 Virgilius,
1598 2860 1676 2892 AEn.
1697 2868 1726 2892 v.

1000 2921 1072 2949 835.

1093 2973 1210 3006 Princeps
1221 2974 1284 2998 ante
1295 2970 1564 2998 omnes-Palinurus.
