1894 3253
680 290 1135 334 ARGUMENTA.
1513 292 1654 332 xxxvii

161 413 346 464 incutiat,
369 429 462 469 quae
483 413 580 454 alios
604 414 734 469 juvet,
758 414 899 455 saltem
929 429 1014 455 non
1034 421 1200 465 terreat,
1232 429 1256 454 a
1276 428 1358 455 ver.
1381 417 1479 455 618.
1501 414 1555 455 ad
1575 430 1657 455 ver.

162 490 257 529 725.
319 489 376 529 Χ.
400 489 468 531 De
499 489 791 546 imaginatione
821 498 943 545 atque
973 490 1222 545 cogitatione
1252 489 1351 546 agit,
1375 504 1476 545 quas
1506 504 1580 544 per
1601 498 1658 530 te-

159 563 355 604 nuissima
374 578 511 604 rerum
542 563 771 614 simulacra,
794 579 863 604 seu
884 564 1099 620 imagines,
1132 579 1224 619 quae
1246 565 1289 604 in
1311 572 1492 605 mentem
1522 564 1658 604 ineur-

157 647 268 687 rant,
300 638 387 678 fieri
418 639 572 693 pariter
599 638 673 688 ait;
710 636 807 678 inde
827 638 940 679 varia
971 638 1023 678 de
1053 639 1372 695 cogitationibus
1400 638 1656 694 problemata

158 713 353 767 proponit
380 721 420 753 et
444 712 638 768 explicat5
672 728 760 763 cur,
782 728 820 754 v.
841 729 882 770 g.
903 712 1116 754 videamur
1146 713 1189 753 in
1210 714 1362 754 somnis
1393 714 1530 754 videre
1550 713 1656 762 11105,

157 787 227 842 qui
241 787 327 841 jam
349 789 500 828 mortui
522 796 630 828 sunt:
666 802 738 829 cur
759 788 976 829 simulacra
995 803 1149 838 rerum,
1173 804 1243 829 seu
1260 788 1476 845 imagines,
1492 788 1659 829 videan-

156 867 225 901 tur
246 861 363 902 nobis
384 863 551 912 morari,
575 863 675 903 dum
697 864 925 920 cogitamus
946 879 1011 904 ea:
1046 879 1119 904 cur
1140 863 1275 904 subito
1298 864 1469 919 quisque
1490 863 1658 918 cogitet,

156 949 251 990 quae
271 935 463 977 lubuerit:
498 951 572 977 cur
586 937 630 976 in
651 939 805 977 somnis
826 952 1042 977 cernamus
1054 938 1253 994 imagines
1269 938 1439 987 moveri,
1458 951 1586 992 usque
1607 935 1659 976 ad

155 1024 238 1050 ver.
263 1015 359 1051 820.
420 1011 502 1050 XI.
527 1011 566 1050 A
588 1026 669 1050 ver.
693 1014 790 1050 820.
813 1009 865 1050 ad
886 1025 968 1050 ver.
992 1015 1087 1050 904.
1110 1012 1244 1062 docet,
1278 1012 1477 1068 linguam,
1501 1011 1656 1061 oculos,

156 1099 289 1134 aureS,
311 1099 446 1134 nares,
475 1084 615 1125 omnia
635 1084 811 1139 denique
841 1083 1082 1124 sensationis
1103 1099 1275 1140 organa,
1306 1086 1420 1140 prius
1441 1093 1539 1126 nata
1558 1100 1657 1136 esse,

154 1174 279 1215 quam
301 1174 443 1200 eorum
464 1174 602 1208 usum;
636 1173 749 1200 secus
769 1172 866 1198 vero
887 1158 931 1197 in
952 1157 1180 1198 artificiosis
1201 1159 1337 1208 rebus,
1361 1174 1454 1213 quae
1474 1159 1659 1213 pendent

156 1249 208 1275 ex
235 1232 406 1288 praevisa
427 1231 665 1289 indigentia.
729 1232 836 1273 XII.
870 1232 940 1273 De
965 1246 1110 1272 somno
1132 1240 1173 1273 et
1202 1232 1416 1273 insomniis
1446 1232 1549 1289 agit5
1582 1233 1660 1272 im-

155 1307 378 1363 primisque
407 1307 542 1357 docet,
565 1307 645 1363 qua
666 1307 826 1348 ratione
856 1306 929 1348 fiat
949 1321 1116 1348 somnus
1147 1307 1188 1347 in
1211 1307 1345 1357 nobis,
1379 1314 1419 1347 et
1438 1308 1481 1347 in
1503 1307 1661 1347 caeteris

153 1382 445 1424 animantibus:
479 1383 734 1423 somniorum
765 1382 895 1423 varias
926 1382 1107 1439 assignat
1138 1397 1313 1431 03115535,
1346 1390 1387 1422 et
1407 1381 1575 1422 demum
1607 1381 1660 1422 ad

154 1472 219 1498 res
240 1472 431 1498 venereas
452 1457 654 1513 delapsus,
678 1473 702 1498 a
722 1471 804 1498 ver.
834 1461 954 1497 1030.
976 1472 1104 1512 usque
1125 1456 1178 1497 ad
1198 1455 1325 1496 finem
1339 1455 1450 1506 libri,
1474 1456 1526 1496 de
1546 1471 1660 1497 amo-

155 1547 214 1582 re,
238 1532 460 1582 sterilitate,
482 1532 746 1582 fecunditate,
778 1540 819 1572 et
839 1532 925 1573 aliis
947 1532 1139 1572 omnibus
1160 1531 1268 1572 hanc
1289 1531 1505 1572 materiam
1536 1531 1659 1572 attin-

155 1606 360 1663 gentibus,
392 1607 556 1648 liberius
577 1606 714 1648 forsan
735 1615 776 1647 et
796 1607 992 1661 apertius,
1025 1621 1149 1662 quam
1169 1605 1357 1646 nonnulli
1383 1605 1545 1656 vellent,
1579 1605 1660 1645 dis-

155 1689 295 1734 putat3
329 1681 399 1722 sed
419 1681 673 1737 philosophis
695 1680 851 1731 saltem,
884 1680 948 1721 vel
968 1681 1011 1721 in
1032 1680 1095 1721 his
1116 1679 1358 1729 tractandis,
1381 1679 1543 1720 videtur
1573 1693 1658 1719 esse

158 1755 469 1811 indulgendum.

418 1960 507 2013 IN
554 1959 894 2013 LIBRUM
956 1957 1379 2019 QUINTUM.

213 2167 250 2209 Ι.
285 2167 533 2210 LAUDES
556 2166 742 2222 Epicuri,
757 2165 823 2206 0111
843 2172 1013 2220 propter
1026 2164 1236 2206 inventam
1251 2172 1292 2206 et
1304 2165 1550 2220 explicatam
1565 2164 1657 2220 phi-

155 2242 381 2298 losophiam
403 2243 492 2298 plus
513 2241 664 2282 debent
684 2240 887 2290 homines,
911 2254 1035 2295 quam
1068 2238 1226 2288 Cereri,
1247 2238 1429 2289 Baccho,
1465 2239 1656 2290 Herculi,

156 2316 322 2372 aliisque
342 2317 460 2366 divis,
483 2331 584 2372 quos
603 2317 711 2373 grati
733 2322 996 2364 venerantur,
1020 2313 1073 2354 ad
1103 2328 1188 2354 ver.
1227 2317 1293 2353 55.
1325 2313 1535 2368 praedicat.
1597 2313 1656 2354 II.

157 2390 338 2440 Deinde,
360 2391 403 2430 in
423 2405 506 2431 ver.
528 2394 595 2431 92.
617 2390 814 2445 proponit
834 2388 958 2429 totius
978 2387 1072 2428 libri
1092 2395 1397 2444 argumentum,
1430 2387 1543 2441 cujus
1562 2402 1658 2442 par-

156 2475 215 2506 tes
235 2473 376 2519 postea
396 2465 585 2519 explicat:
619 2472 659 2504 et
681 2464 762 2505 III.
785 2463 837 2504 ad
859 2478 941 2503 ver.
970 2464 1060 2502 157.
1083 2469 1251 2511 terram,
1269 2476 1396 2510 mare,
1413 2460 1576 2510 coelum,
1593 2476 1657 2502 so-

155 2539 250 2589 lem,
281 2538 428 2588 sidera,
450 2539 638 2578 mortalia
665 2537 800 2587 docet,
824 2552 915 2586 1100,
939 2535 1051 2592 quod
1075 2536 1202 2577 Stoi'ci
1223 2542 1436 2590 putarunt,
1460 2535 1655 2587 animata,

157 2613 222 2654 dei
245 2614 368 2668 ipsius
391 2620 540 2667 partes,
563 2621 633 2653 aut
653 2611 791 2652 sedem
805 2620 845 2652 et
861 2611 1114 2652 domicilium
1128 2609 1301 2650 deorum
1323 2623 1421 2657 0550,
1445 2609 1558 2664 quod
1571 2610 1657 2651 vul-

156 2704 233 2747 gus
246 2688 467 2738 existimat,
491 2687 641 2728 asserit.
695 2687 769 2728 IV.
793 2687 859 2728 Ne
876 2687 965 2743 quis
982 2686 1185 2726 mundum
1207 2699 1231 2724 a
1246 2683 1323 2724 diis
1343 2682 1464 2724 fuisse
1483 2683 1653 2736 factum,

158 2771 279 2819 atque
299 2762 392 2803 ideo
412 2761 684 2802 immortalem
705 2761 859 2811 credat,
883 2760 936 2801 ad
959 2775 1039 2800 ver.
1063 2763 1158 2798 236.
1190 2758 1321 2799 varias
1351 2758 1529 2800 rationes
1557 2775 1657 2800 con-

160 2838 280 2893 gerit,
302 2845 386 2878 tam
407 2853 431 2879 a
450 2835 598 2880 natura
619 2835 808 2887 deorum,
841 2851 966 2891 quam
1000 2850 1024 2876 a
1043 2833 1149 2875 vitiis
1170 2832 1290 2889 hujus
1310 2833 1471 2884 mundi,
1495 2833 1654 2886 ductas,

855 2925 877 2950 0
909 2915 931 2949 3
