<?xml version="1.0" encoding="UTF-8"?>
<!DOCTYPE html PUBLIC "-//W3C//DTD XHTML 1.0 Transitional//EN"
    "http://www.w3.org/TR/xhtml1/DTD/xhtml1-transitional.dtd">
<html xmlns="http://www.w3.org/1999/xhtml" xml:lang="en" lang="en">
 <head>
  <title>
</title>
<meta http-equiv="Content-Type" content="text/html;charset=utf-8" />
  <meta name='ocr-system' content='tesseract 3.04.00' />
  <meta name='ocr-capabilities' content='ocr_page ocr_carea ocr_par ocr_line ocrx_word'/>
</head>
<body>
  <div class='ocr_page' id='page_1' title='image "./tlucretiicarider01lucruoft_0214.png"; bbox 0 0 1894 3253; ppageno 0'>
   <div class='ocr_carea' id='block_1_1' title="bbox 222 306 311 346">
    <p class='ocr_par' dir='ltr' id='par_1_1' title="bbox 222 306 311 346">
     <span class='ocr_line' id='line_1_1' title="bbox 222 306 311 346; baseline 0 -1"><span class='ocrx_word' id='word_1_1' title='bbox 222 306 311 346; x_wconf 80' lang='lat'>154</span> 
     </span>
    </p>
   </div>
   <div class='ocr_carea' id='block_1_2' title="bbox 724 292 1207 342">
    <p class='ocr_par' dir='ltr' id='par_1_2' title="bbox 724 292 1207 342">
     <span class='ocr_line' id='line_1_2' title="bbox 724 292 1207 342; baseline -0.002 -1"><span class='ocrx_word' id='word_1_2' title='bbox 724 295 782 341; x_wconf 91' lang='lat' dir='ltr'>T.</span> <span class='ocrx_word' id='word_1_3' title='bbox 827 292 1207 342; x_wconf 88' lang='lat' dir='ltr'>LUCRETII</span> 
     </span>
    </p>
   </div>
   <div class='ocr_carea' id='block_1_3' title="bbox 245 425 1404 548">
    <p class='ocr_par' dir='ltr' id='par_1_3' title="bbox 245 425 1404 548">
     <span class='ocr_line' id='line_1_3' title="bbox 245 425 1404 482; baseline -0.003 -12"><span class='ocrx_word' id='word_1_4' title='bbox 245 434 328 470; x_wconf 89' lang='lat'>900</span> <span class='ocrx_word' id='word_1_5' title='bbox 362 427 540 475; x_wconf 84' lang='lat' dir='ltr'>Scilicet;</span> <span class='ocrx_word' id='word_1_6' title='bbox 573 433 613 466; x_wconf 88' lang='lat' dir='ltr'>et</span> <span class='ocrx_word' id='word_1_7' title='bbox 633 440 719 466; x_wconf 90' lang='lat' dir='ltr'>non</span> <span class='ocrx_word' id='word_1_8' title='bbox 739 433 799 466; x_wconf 87' lang='lat' dir='ltr'>est</span> <span class='ocrx_word' id='word_1_9' title='bbox 818 425 939 482; x_wconf 85' lang='lat' dir='ltr'>lignis</span> <span class='ocrx_word' id='word_1_10' title='bbox 959 432 1097 466; x_wconf 86' lang='lat' dir='ltr'>tamen</span> <span class='ocrx_word' id='word_1_11' title='bbox 1117 425 1260 465; x_wconf 86' lang='lat' dir='ltr'>insitus</span> <span class='ocrx_word' id='word_1_12' title='bbox 1281 425 1404 482; x_wconf 82' lang='lat' dir='ltr'>ignis;</span> 
     </span>
     <span class='ocr_line' id='line_1_4' title="bbox 361 499 1347 548; baseline -0.002 -7"><span class='ocrx_word' id='word_1_13' title='bbox 361 503 518 541; x_wconf 87' lang='lat' dir='ltr'>Verum</span> <span class='ocrx_word' id='word_1_14' title='bbox 540 500 695 541; x_wconf 84' lang='lat' dir='ltr'>semina</span> <span class='ocrx_word' id='word_1_15' title='bbox 716 507 811 540; x_wconf 87' lang='lat' dir='ltr'>sunt</span> <span class='ocrx_word' id='word_1_16' title='bbox 831 499 989 540; x_wconf 85' lang='lat' dir='ltr'>ardoris</span> <span class='ocrx_word' id='word_1_17' title='bbox 1009 499 1152 548; x_wconf 84' lang='lat' dir='ltr'>multa,</span> <span class='ocrx_word' id='word_1_18' title='bbox 1175 499 1347 539; x_wconf 91' lang='lat' dir='ltr'>terendo</span> 
     </span>
    </p>
   </div>
   <div class='ocr_carea' id='block_1_4' title="bbox 244 573 1484 1076">
    <p class='ocr_par' dir='ltr' id='par_1_4' title="bbox 244 573 1484 1076">
     <span class='ocr_line' id='line_1_5' title="bbox 362 573 1417 630; baseline -0.002 -15"><span class='ocrx_word' id='word_1_19' title='bbox 362 575 471 624; x_wconf 79' lang='lat' dir='ltr'>Quae</span> <span class='ocrx_word' id='word_1_20' title='bbox 492 589 618 630; x_wconf 90' lang='lat' dir='ltr'>quom</span> <span class='ocrx_word' id='word_1_21' title='bbox 639 574 890 624; x_wconf 88' lang='lat' dir='ltr'>confluxere,</span> <span class='ocrx_word' id='word_1_22' title='bbox 914 582 1054 615; x_wconf 84' lang='lat' dir='ltr'>creant</span> <span class='ocrx_word' id='word_1_23' title='bbox 1076 573 1266 614; x_wconf 84' lang='lat' dir='ltr'>incendia</span> <span class='ocrx_word' id='word_1_24' title='bbox 1287 573 1417 629; x_wconf 82' lang='lat' dir='ltr'>sylvis.</span> 
     </span>
     <span class='ocr_line' id='line_1_6' title="bbox 362 648 1410 705; baseline -0.001 -15"><span class='ocrx_word' id='word_1_25' title='bbox 362 649 505 698; x_wconf 84' lang='lat' dir='ltr'>Quod,</span> <span class='ocrx_word' id='word_1_26' title='bbox 529 649 560 690; x_wconf 87' lang='lat' dir='ltr'>si</span> <span class='ocrx_word' id='word_1_27' title='bbox 581 649 687 690; x_wconf 82' lang='lat' dir='ltr'>facta</span> <span class='ocrx_word' id='word_1_28' title='bbox 706 649 811 690; x_wconf 88' lang='lat' dir='ltr'>foret</span> <span class='ocrx_word' id='word_1_29' title='bbox 832 649 950 705; x_wconf 87' lang='lat' dir='ltr'>sylvis</span> <span class='ocrx_word' id='word_1_30' title='bbox 971 649 1210 689; x_wconf 83' lang='lat' dir='ltr'>abscondita</span> <span class='ocrx_word' id='word_1_31' title='bbox 1229 648 1410 698; x_wconf 81' lang='lat' dir='ltr'>flamma,</span> 
     </span>
     <span class='ocr_line' id='line_1_7' title="bbox 359 723 1311 779; baseline -0.003 -14"><span class='ocrx_word' id='word_1_32' title='bbox 359 723 457 765; x_wconf 92' lang='lat' dir='ltr'>Non</span> <span class='ocrx_word' id='word_1_33' title='bbox 479 732 645 778; x_wconf 79' lang='lat' dir='ltr'><strong>possent</strong></span> <span class='ocrx_word' id='word_1_34' title='bbox 665 724 792 765; x_wconf 87' lang='lat' dir='ltr'>ullum</span> <span class='ocrx_word' id='word_1_35' title='bbox 814 733 974 778; x_wconf 84' lang='lat' dir='ltr'>tempus</span> <span class='ocrx_word' id='word_1_36' title='bbox 996 723 1162 764; x_wconf 79' lang='lat' dir='ltr'>celarier</span> <span class='ocrx_word' id='word_1_37' title='bbox 1183 724 1311 779; x_wconf 84' lang='lat' dir='ltr'>ignes:</span> 
     </span>
     <span class='ocr_line' id='line_1_8' title="bbox 244 797 1394 854; baseline -0.003 -15"><span class='ocrx_word' id='word_1_38' title='bbox 244 803 327 840; x_wconf 83' lang='lat'>905</span> <span class='ocrx_word' id='word_1_39' title='bbox 362 797 638 839; x_wconf 83' lang='lat' dir='ltr'>Consacerent</span> <span class='ocrx_word' id='word_1_40' title='bbox 659 798 779 854; x_wconf 84' lang='lat' dir='ltr'>volgo</span> <span class='ocrx_word' id='word_1_41' title='bbox 801 798 944 853; x_wconf 82' lang='lat' dir='ltr'>sylvas,</span> <span class='ocrx_word' id='word_1_42' title='bbox 967 797 1133 838; x_wconf 84' lang='lat' dir='ltr'>arbusta</span> <span class='ocrx_word' id='word_1_43' title='bbox 1153 803 1394 838; x_wconf 76' lang='lat' dir='ltr'>cremarent.</span> 
     </span>
     <span class='ocr_line' id='line_1_9' title="bbox 413 870 1484 928; baseline -0.003 -15"><span class='ocrx_word' id='word_1_44' title='bbox 413 873 564 914; x_wconf 86' lang='lat' dir='ltr'>Jamne</span> <span class='ocrx_word' id='word_1_45' title='bbox 585 871 696 912; x_wconf 84' lang='lat' dir='ltr'>vides</span> <span class='ocrx_word' id='word_1_46' title='bbox 717 872 858 928; x_wconf 85' lang='lat' dir='ltr'>igitur,</span> <span class='ocrx_word' id='word_1_47' title='bbox 881 871 1017 926; x_wconf 85' lang='lat' dir='ltr'>paullo</span> <span class='ocrx_word' id='word_1_48' title='bbox 1038 871 1150 926; x_wconf 88' lang='lat' dir='ltr'>quod</span> <span class='ocrx_word' id='word_1_49' title='bbox 1171 870 1353 911; x_wconf 79' lang='lat' dir='ltr'><strong>diximus</strong></span> <span class='ocrx_word' id='word_1_50' title='bbox 1375 877 1484 920; x_wconf 79' lang='lat' dir='ltr'>ante,</span> 
     </span>
     <span class='ocr_line' id='line_1_10' title="bbox 360 943 1315 1003; baseline -0.005 -15"><span class='ocrx_word' id='word_1_51' title='bbox 360 947 583 1003; x_wconf 85' lang='lat' dir='ltr'>Permagni</span> <span class='ocrx_word' id='word_1_52' title='bbox 605 944 770 994; x_wconf 82' lang='lat' dir='ltr'>referre,</span> <span class='ocrx_word' id='word_1_53' title='bbox 795 944 938 985; x_wconf 83' lang='lat' dir='ltr'>eadem</span> <span class='ocrx_word' id='word_1_54' title='bbox 959 943 1186 998; x_wconf 83' lang='lat' dir='ltr'>primordia</span> <span class='ocrx_word' id='word_1_55' title='bbox 1207 958 1315 997; x_wconf 82' lang='lat' dir='ltr'>saepe</span> 
     </span>
     <span class='ocr_line' id='line_1_11' title="bbox 359 1016 1403 1076; baseline -0.006 -14"><span class='ocrx_word' id='word_1_56' title='bbox 359 1022 467 1063; x_wconf 88' lang='lat' dir='ltr'>Cum</span> <span class='ocrx_word' id='word_1_57' title='bbox 489 1020 651 1076; x_wconf 88' lang='lat' dir='ltr'>quibus,</span> <span class='ocrx_word' id='word_1_58' title='bbox 675 1027 715 1060; x_wconf 88' lang='lat' dir='ltr'>et</span> <span class='ocrx_word' id='word_1_59' title='bbox 736 1018 845 1074; x_wconf 86' lang='lat' dir='ltr'>quali</span> <span class='ocrx_word' id='word_1_60' title='bbox 865 1016 1065 1073; x_wconf 61' lang='lat' dir='ltr'>positura,</span> <span class='ocrx_word' id='word_1_61' title='bbox 1088 1016 1403 1072; x_wconf 73' lang='lat' dir='ltr'>contingantur5</span> 
     </span>
    </p>
   </div>
   <div class='ocr_carea' id='block_1_5' title="bbox 303 1175 815 1208">
    <p class='ocr_par' dir='ltr' id='par_1_5' title="bbox 303 1175 815 1208">
     <span class='ocr_line' id='line_1_12' title="bbox 303 1175 815 1208; baseline -0.006 -7"><span class='ocrx_word' id='word_1_62' title='bbox 303 1178 373 1202; x_wconf 87' lang='lat' dir='ltr'>Olim</span> <span class='ocrx_word' id='word_1_63' title='bbox 384 1177 526 1208; x_wconf 79' lang='lat' dir='ltr'>juventas,</span> <span class='ocrx_word' id='word_1_64' title='bbox 545 1179 573 1201; x_wconf 84' lang='lat' dir='ltr'>et</span> <span class='ocrx_word' id='word_1_65' title='bbox 584 1175 686 1207; x_wconf 81' lang='lat' dir='ltr'>patrius</span> <span class='ocrx_word' id='word_1_66' title='bbox 697 1175 815 1207; x_wconf 79' lang='lat' dir='ltr'>vigor—.</span> 
     </span>
    </p>
   </div>
   <div class='ocr_carea' id='block_1_6' title="bbox 205 1240 941 1798">
    <p class='ocr_par' dir='ltr' id='par_1_6' title="bbox 209 1240 939 1332">
     <span class='ocr_line' id='line_1_13' title="bbox 209 1240 939 1281; baseline -0.005 -9"><span class='ocrx_word' id='word_1_67' title='bbox 209 1243 254 1273; x_wconf 77' lang='lat' dir='ltr'>Et</span> <span class='ocrx_word' id='word_1_68' title='bbox 279 1243 323 1272; x_wconf 76' lang='lat' dir='ltr'>ita</span> <span class='ocrx_word' id='word_1_69' title='bbox 350 1252 430 1281; x_wconf 81' lang='lat' dir='ltr'>quae,</span> <span class='ocrx_word' id='word_1_70' title='bbox 456 1251 512 1279; x_wconf 86' lang='lat' dir='ltr'>pro</span> <span class='ocrx_word' id='word_1_71' title='bbox 530 1242 644 1279; x_wconf 72' lang='lat' dir='ltr'>itaque,</span> <span class='ocrx_word' id='word_1_72' title='bbox 673 1240 738 1278; x_wconf 90' lang='lat' dir='ltr'>ipse</span> <span class='ocrx_word' id='word_1_73' title='bbox 757 1240 852 1269; x_wconf 84' lang='lat' dir='ltr'>etiarn</span> <span class='ocrx_word' id='word_1_74' title='bbox 867 1249 939 1278; x_wconf 88' lang='lat' dir='ltr'>pro-</span> 
     </span>
     <span class='ocr_line' id='line_1_14' title="bbox 209 1292 714 1332; baseline -0.004 -10"><span class='ocrx_word' id='word_1_75' title='bbox 209 1293 278 1332; x_wconf 87' lang='lat' dir='ltr'>prio</span> <span class='ocrx_word' id='word_1_76' title='bbox 292 1303 329 1321; x_wconf 83' lang='lat' dir='ltr'>ex</span> <span class='ocrx_word' id='word_1_77' title='bbox 345 1292 491 1322; x_wconf 86' lang='lat' dir='ltr'>acumine</span> <span class='ocrx_word' id='word_1_78' title='bbox 506 1301 714 1330; x_wconf 87' lang='lat' dir='ltr'>reposueram.</span> 
     </span>
    </p>

    <p class='ocr_par' dir='ltr' id='par_1_7' title="bbox 207 1341 941 1591">
     <span class='ocr_line' id='line_1_15' title="bbox 252 1341 940 1374; baseline -0.004 -1"><span class='ocrx_word' id='word_1_79' title='bbox 252 1344 325 1373; x_wconf 91' lang='lat' dir='ltr'>Ver.</span> <span class='ocrx_word' id='word_1_80' title='bbox 343 1347 414 1374; x_wconf 87' lang='lat'>900.</span> <span class='ocrx_word' id='word_1_81' title='bbox 439 1344 567 1373; x_wconf 83' lang='lat' dir='ltr'><em>Scilicet.</em></span> <span class='ocrx_word' id='word_1_82' title='bbox 615 1341 759 1371; x_wconf 84' lang='lat' dir='ltr'>Solennis</span> <span class='ocrx_word' id='word_1_83' title='bbox 775 1347 820 1371; x_wconf 87' lang='lat' dir='ltr'>est</span> <span class='ocrx_word' id='word_1_84' title='bbox 835 1347 940 1371; x_wconf 79' lang='lat' dir='ltr'>nostro</span> 
     </span>
     <span class='ocr_line' id='line_1_16' title="bbox 208 1393 939 1435; baseline -0.004 -9"><span class='ocrx_word' id='word_1_85' title='bbox 208 1396 354 1431; x_wconf 84' lang='lat' dir='ltr'>formula,</span> <span class='ocrx_word' id='word_1_86' title='bbox 373 1395 504 1435; x_wconf 78' lang='lat' dir='ltr'>quotie5‚</span> <span class='ocrx_word' id='word_1_87' title='bbox 519 1394 675 1434; x_wconf 87' lang='lat' dir='ltr'>postulato</span> <span class='ocrx_word' id='word_1_88' title='bbox 690 1393 855 1424; x_wconf 87' lang='lat' dir='ltr'>adversarii</span> <span class='ocrx_word' id='word_1_89' title='bbox 866 1405 939 1425; x_wconf 91' lang='lat' dir='ltr'>con-</span> 
     </span>
     <span class='ocr_line' id='line_1_17' title="bbox 207 1447 941 1486; baseline -0.001 -8"><span class='ocrx_word' id='word_1_90' title='bbox 207 1459 304 1486; x_wconf 91' lang='lat' dir='ltr'>cesso,</span> <span class='ocrx_word' id='word_1_91' title='bbox 329 1449 477 1478; x_wconf 86' lang='lat' dir='ltr'>subruere</span> <span class='ocrx_word' id='word_1_92' title='bbox 495 1447 728 1477; x_wconf 83' lang='lat' dir='ltr'>conclusionem</span> <span class='ocrx_word' id='word_1_93' title='bbox 745 1453 843 1486; x_wconf 85' lang='lat' dir='ltr'>parat:</span> <span class='ocrx_word' id='word_1_94' title='bbox 871 1447 941 1477; x_wconf 86' lang='lat' dir='ltr'>vide</span> 
     </span>
     <span class='ocr_line' id='line_1_18' title="bbox 208 1499 938 1539; baseline -0.004 -8"><span class='ocrx_word' id='word_1_95' title='bbox 208 1511 311 1539; x_wconf 85' lang='lat' dir='ltr'>supra,</span> <span class='ocrx_word' id='word_1_96' title='bbox 335 1510 395 1530; x_wconf 89' lang='lat' dir='ltr'>ver.</span> <span class='ocrx_word' id='word_1_97' title='bbox 416 1499 709 1536; x_wconf 84' lang='lat' dir='ltr'>809.—Caeterum,</span> <span class='ocrx_word' id='word_1_98' title='bbox 735 1508 825 1528; x_wconf 87' lang='lat' dir='ltr'>voces</span> <span class='ocrx_word' id='word_1_99' title='bbox 844 1500 938 1537; x_wconf 72' lang='lat' dir='ltr'>lignis</span> 
     </span>
     <span class='ocr_line' id='line_1_19' title="bbox 208 1551 722 1591; baseline -0.01 -7"><span class='ocrx_word' id='word_1_100' title='bbox 208 1559 310 1584; x_wconf 78' lang='lat' dir='ltr'>tamen</span> <span class='ocrx_word' id='word_1_101' title='bbox 326 1552 455 1582; x_wconf 88' lang='lat' dir='ltr'>inversae</span> <span class='ocrx_word' id='word_1_102' title='bbox 469 1551 619 1591; x_wconf 89' lang='lat' dir='ltr'>leguntur</span> <span class='ocrx_word' id='word_1_103' title='bbox 635 1551 668 1580; x_wconf 94' lang='lat' dir='ltr'>in</span> <span class='ocrx_word' id='word_1_104' title='bbox 683 1557 722 1580; x_wconf 89' lang='grc' dir='ltr'>Π.</span> 
     </span>
    </p>

    <p class='ocr_par' dir='ltr' id='par_1_8' title="bbox 205 1601 937 1686">
     <span class='ocr_line' id='line_1_20' title="bbox 252 1601 937 1634; baseline -0.001 -2"><span class='ocrx_word' id='word_1_105' title='bbox 252 1604 325 1633; x_wconf 91' lang='lat' dir='ltr'>Ver.</span> <span class='ocrx_word' id='word_1_106' title='bbox 353 1606 423 1634; x_wconf 88' lang='lat'>901.</span> <span class='ocrx_word' id='word_1_107' title='bbox 449 1604 588 1633; x_wconf 78' lang='lat' dir='ltr'>ardoris.-</span> <span class='ocrx_word' id='word_1_108' title='bbox 625 1603 666 1632; x_wconf 90' lang='lat' dir='ltr'>V.</span> <span class='ocrx_word' id='word_1_109' title='bbox 694 1601 741 1632; x_wconf 87' lang='lat' dir='ltr'>ed.</span> <span class='ocrx_word' id='word_1_110' title='bbox 767 1603 937 1632; x_wconf 84' lang='lat' dir='ltr'>arboris.—</span> 
     </span>
     <span class='ocr_line' id='line_1_21' title="bbox 205 1657 566 1686; baseline -0.003 -1"><span class='ocrx_word' id='word_1_111' title='bbox 205 1657 346 1686; x_wconf 73' lang='lat' dir='ltr'>terendo:</span> <span class='ocrx_word' id='word_1_112' title='bbox 375 1661 404 1685; x_wconf 88' lang='grc' dir='ltr'>Π</span> <span class='ocrx_word' id='word_1_113' title='bbox 430 1657 566 1685; x_wconf 82' lang='lat' dir='ltr'>tenendo.</span> 
     </span>
    </p>

    <p class='ocr_par' dir='ltr' id='par_1_9' title="bbox 206 1705 936 1798">
     <span class='ocr_line' id='line_1_22' title="bbox 252 1705 935 1740; baseline -0.001 -4"><span class='ocrx_word' id='word_1_114' title='bbox 252 1706 332 1736; x_wconf 87' lang='lat' dir='ltr'>Ibid.</span> <span class='ocrx_word' id='word_1_115' title='bbox 366 1709 481 1737; x_wconf 80' lang='lat' dir='ltr'>semina</span> <span class='ocrx_word' id='word_1_116' title='bbox 516 1707 644 1736; x_wconf 77' lang='lat' dir='ltr'>ardoris.</span> <span class='ocrx_word' id='word_1_117' title='bbox 699 1706 750 1736; x_wconf 83' lang='lat' dir='ltr'>Ex</span> <span class='ocrx_word' id='word_1_118' title='bbox 782 1705 935 1740; x_wconf 87' lang='lat' dir='ltr'>Homero,</span> 
     </span>
     <span class='ocr_line' id='line_1_23' title="bbox 206 1757 936 1798; baseline 0 -11"><span class='ocrx_word' id='word_1_119' title='bbox 206 1768 301 1798; x_wconf 90' lang='lat' dir='ltr'>quem</span> <span class='ocrx_word' id='word_1_120' title='bbox 317 1758 413 1798; x_wconf 87' lang='lat' dir='ltr'>longo</span> <span class='ocrx_word' id='word_1_121' title='bbox 430 1758 559 1798; x_wconf 86' lang='lat' dir='ltr'>agmine</span> <span class='ocrx_word' id='word_1_122' title='bbox 584 1757 681 1787; x_wconf 84' lang='lat' dir='ltr'>secuti</span> <span class='ocrx_word' id='word_1_123' title='bbox 697 1762 771 1787; x_wconf 89' lang='lat' dir='ltr'>sunt</span> <span class='ocrx_word' id='word_1_124' title='bbox 786 1758 936 1787; x_wconf 86' lang='lat' dir='ltr'>hactenus</span> 
     </span>
    </p>
   </div>
   <div class='ocr_carea' id='block_1_7' title="bbox 206 1811 702 1912">
    <p class='ocr_par' dir='ltr' id='par_1_10' title="bbox 206 1811 702 1912">
     <span class='ocr_line' id='line_1_24' title="bbox 206 1811 617 1850; baseline -0.002 -9"><span class='ocrx_word' id='word_1_125' title='bbox 206 1811 398 1850; x_wconf 82' lang='lat' dir='ltr'>posteriores,</span> <span class='ocrx_word' id='word_1_126' title='bbox 418 1811 478 1841; x_wconf 87' lang='lat' dir='ltr'>Od.</span> <span class='ocrx_word' id='word_1_127' title='bbox 497 1816 529 1840; x_wconf 87' lang='lat' dir='ltr'>E.</span> <span class='ocrx_word' id='word_1_128' title='bbox 546 1814 617 1841; x_wconf 86' lang='lat'>490.</span> 
     </span>
     <span class='ocr_line' id='line_1_25' title="bbox 319 1881 702 1912; baseline -0.003 -4"><span class='ocrx_word' id='word_1_129' title='bbox 319 1883 467 1908; x_wconf 79' lang='grc' dir='ltr'><strong>ΣΠΕΡΜΑ</strong></span> <span class='ocrx_word' id='word_1_130' title='bbox 482 1883 599 1907; x_wconf 80' lang='grc' dir='ltr'>ΠΥΡΟΣ</span> <span class='ocrx_word' id='word_1_131' title='bbox 614 1881 702 1912; x_wconf 73' lang='grc' dir='ltr'><strong><em>σωζων,</em></strong></span> 
     </span>
    </p>
   </div>
   <div class='ocr_carea' id='block_1_8' title="bbox 206 1950 935 2040">
    <p class='ocr_par' dir='ltr' id='par_1_11' title="bbox 206 1950 935 2040">
     <span class='ocr_line' id='line_1_26' title="bbox 207 1950 935 1990; baseline 0.001 -9"><span class='ocrx_word' id='word_1_132' title='bbox 207 1951 296 1981; x_wconf 88' lang='lat' dir='ltr'>Hinc</span> <span class='ocrx_word' id='word_1_133' title='bbox 313 1951 481 1989; x_wconf 87' lang='lat' dir='ltr'>Pindarus,</span> <span class='ocrx_word' id='word_1_134' title='bbox 509 1951 560 1981; x_wconf 90' lang='lat'>01.</span> <span class='ocrx_word' id='word_1_135' title='bbox 575 1950 626 1980; x_wconf 85' lang='lat' dir='ltr'>vii.</span> <span class='ocrx_word' id='word_1_136' title='bbox 643 1953 692 1980; x_wconf 92' lang='lat'>87.</span> <span class='ocrx_word' id='word_1_137' title='bbox 719 1950 809 1990; x_wconf 82' lang='lat' dir='ltr'>cujus</span> <span class='ocrx_word' id='word_1_138' title='bbox 824 1951 935 1982; x_wconf 85' lang='lat' dir='ltr'>scholi-</span> 
     </span>
     <span class='ocr_line' id='line_1_27' title="bbox 206 2001 786 2040; baseline -0.002 -8"><span class='ocrx_word' id='word_1_139' title='bbox 206 2009 286 2032; x_wconf 82' lang='lat' dir='ltr'>astes</span> <span class='ocrx_word' id='word_1_140' title='bbox 302 2003 343 2032; x_wconf 88' lang='lat' dir='ltr'>ad</span> <span class='ocrx_word' id='word_1_141' title='bbox 358 2002 493 2032; x_wconf 88' lang='lat' dir='ltr'>Homeri</span> <span class='ocrx_word' id='word_1_142' title='bbox 509 2001 614 2032; x_wconf 89' lang='lat' dir='ltr'>locum</span> <span class='ocrx_word' id='word_1_143' title='bbox 629 2007 786 2040; x_wconf 87' lang='lat' dir='ltr'>provocat:</span> 
     </span>
    </p>
   </div>
   <div class='ocr_carea' id='block_1_9' title="bbox 323 2081 747 2154">
    <p class='ocr_par' dir='ltr' id='par_1_12' title="bbox 323 2081 747 2154">
     <span class='ocr_line' id='line_1_28' title="bbox 323 2081 711 2115; baseline 0.003 -9"><span class='ocrx_word' id='word_1_144' title='bbox 323 2084 373 2106; x_wconf 74' lang='grc' dir='ltr'>Κοω</span> <span class='ocrx_word' id='word_1_145' title='bbox 385 2091 422 2106; x_wconf 72' lang='grc' dir='ltr'>τοι</span> <span class='ocrx_word' id='word_1_146' title='bbox 435 2091 486 2115; x_wconf 71' lang='grc' dir='ltr'>γσιρ</span> <span class='ocrx_word' id='word_1_147' title='bbox 499 2081 605 2108; x_wconf 61' lang='lat' dir='ltr'>moturas</span> <span class='ocrx_word' id='word_1_148' title='bbox 617 2090 711 2114; x_wconf 78' lang='grc' dir='ltr'><strong><em>εχοντες</em></strong></span> 
     </span>
     <span class='ocr_line' id='line_1_29' title="bbox 324 2126 747 2154; baseline 0 -1"><span class='ocrx_word' id='word_1_149' title='bbox 324 2128 454 2154; x_wconf 81' lang='grc' dir='ltr'>ΣΠΕΡΜ’</span> <span class='ocrx_word' id='word_1_150' title='bbox 468 2126 557 2154; x_wconf 57' lang='lat' dir='ltr'>autem</span> <span class='ocrx_word' id='word_1_151' title='bbox 573 2129 711 2153; x_wconf 87' lang='grc' dir='ltr'><strong>ΦΛΟΓΟΣ</strong></span> <span class='ocrx_word' id='word_1_152' title='bbox 725 2138 747 2153; x_wconf 70' lang='grc' dir='ltr'>ε.</span> 
     </span>
    </p>
   </div>
   <div class='ocr_carea' id='block_1_10' title="bbox 206 2195 564 2236">
    <p class='ocr_par' dir='ltr' id='par_1_13' title="bbox 206 2195 564 2236">
     <span class='ocr_line' id='line_1_30' title="bbox 206 2195 564 2236; baseline -0.003 -10"><span class='ocrx_word' id='word_1_153' title='bbox 206 2196 371 2236; x_wconf 86' lang='lat' dir='ltr'>Virgilius,</span> <span class='ocrx_word' id='word_1_154' title='bbox 388 2197 467 2226; x_wconf 90' lang='lat' dir='ltr'>AEn.</span> <span class='ocrx_word' id='word_1_155' title='bbox 479 2195 517 2225; x_wconf 86' lang='lat' dir='ltr'>vi.</span> <span class='ocrx_word' id='word_1_156' title='bbox 533 2199 564 2226; x_wconf 89' lang='lat'>6.</span> 
     </span>
    </p>
   </div>
   <div class='ocr_carea' id='block_1_11' title="bbox 236 2268 865 2334">
    <p class='ocr_par' dir='ltr' id='par_1_14' title="bbox 236 2268 865 2334">
     <span class='ocr_line' id='line_1_31' title="bbox 463 2268 865 2300; baseline 0.002 -8"><span class='ocrx_word' id='word_1_157' title='bbox 463 2269 562 2300; x_wconf 85' lang='lat' dir='ltr'>quaerlt</span> <span class='ocrx_word' id='word_1_158' title='bbox 572 2275 631 2300; x_wconf 85' lang='lat' dir='ltr'>pars</span> <span class='ocrx_word' id='word_1_159' title='bbox 641 2268 736 2292; x_wconf 85' lang='lat' dir='ltr'>semina</span> <span class='ocrx_word' id='word_1_160' title='bbox 740 2268 865 2299; x_wconf 57' lang='lat' dir='ltr'>flammae,</span> 
     </span>
     <span class='ocr_line' id='line_1_32' title="bbox 236 2309 592 2334; baseline 0 -1"><span class='ocrx_word' id='word_1_161' title='bbox 236 2310 364 2334; x_wconf 82' lang='lat' dir='ltr'>Abstrusa</span> <span class='ocrx_word' id='word_1_162' title='bbox 375 2309 402 2333; x_wconf 85' lang='lat' dir='ltr'>in</span> <span class='ocrx_word' id='word_1_163' title='bbox 414 2309 489 2334; x_wconf 84' lang='lat' dir='ltr'>venis</span> <span class='ocrx_word' id='word_1_164' title='bbox 500 2309 592 2333; x_wconf 82' lang='lat' dir='ltr'>silicis:</span> 
     </span>
    </p>
   </div>
   <div class='ocr_carea' id='block_1_12' title="bbox 235 2281 359 2290">
    <p class='ocr_par' dir='ltr' id='par_1_15' title="bbox 235 2281 359 2290">
     <span class='ocr_line' id='line_1_33' title="bbox 235 2281 359 2290; baseline 0 0"><span class='ocrx_word' id='word_1_165' title='bbox 235 2281 359 2290; x_wconf 95' lang='lat' dir='ltr'> </span> 
     </span>
    </p>
   </div>
   <div class='ocr_carea' id='block_1_13' title="bbox 360 2282 453 2289">
    <p class='ocr_par' dir='ltr' id='par_1_16' title="bbox 360 2282 453 2289">
     <span class='ocr_line' id='line_1_34' title="bbox 360 2282 453 2289; baseline 0 0"><span class='ocrx_word' id='word_1_166' title='bbox 360 2282 453 2289; x_wconf 95' lang='lat' dir='ltr'> </span> 
     </span>
    </p>
   </div>
   <div class='ocr_carea' id='block_1_14' title="bbox 207 2373 870 2480">
    <p class='ocr_par' dir='ltr' id='par_1_17' title="bbox 207 2373 870 2480">
     <span class='ocr_line' id='line_1_35' title="bbox 207 2373 780 2413; baseline -0.002 -10"><span class='ocrx_word' id='word_1_167' title='bbox 207 2373 290 2403; x_wconf 89' lang='lat' dir='ltr'>unde</span> <span class='ocrx_word' id='word_1_168' title='bbox 305 2373 390 2403; x_wconf 88' lang='lat' dir='ltr'>idem</span> <span class='ocrx_word' id='word_1_169' title='bbox 405 2373 521 2412; x_wconf 84' lang='lat' dir='ltr'>pendet</span> <span class='ocrx_word' id='word_1_170' title='bbox 535 2373 574 2402; x_wconf 83' lang='lat' dir='ltr'>ad</span> <span class='ocrx_word' id='word_1_171' title='bbox 589 2383 659 2413; x_wconf 87' lang='lat' dir='ltr'>geo.</span> <span class='ocrx_word' id='word_1_172' title='bbox 671 2373 691 2402; x_wconf 91' lang='lat' dir='ltr'>i.</span> <span class='ocrx_word' id='word_1_173' title='bbox 712 2376 780 2403; x_wconf 83' lang='grc'><strong>151.</strong></span> 
     </span>
     <span class='ocr_line' id='line_1_36' title="bbox 234 2448 870 2480; baseline -0.002 -7"><span class='ocrx_word' id='word_1_174' title='bbox 234 2449 368 2480; x_wconf 81' lang='lat' dir='ltr'>Mellaque</span> <span class='ocrx_word' id='word_1_175' title='bbox 379 2449 494 2474; x_wconf 86' lang='lat' dir='ltr'>decussit</span> <span class='ocrx_word' id='word_1_176' title='bbox 508 2448 587 2479; x_wconf 77' lang='lat' dir='ltr'>foliis,</span> <span class='ocrx_word' id='word_1_177' title='bbox 603 2448 740 2480; x_wconf 82' lang='lat' dir='ltr'>ignemque</span> <span class='ocrx_word' id='word_1_178' title='bbox 750 2448 870 2473; x_wconf 76' lang='lat' dir='ltr'>removit.</span> 
     </span>
    </p>
   </div>
   <div class='ocr_carea' id='block_1_15' title="bbox 204 2512 935 2605">
    <p class='ocr_par' dir='ltr' id='par_1_18' title="bbox 204 2512 935 2605">
     <span class='ocr_line' id='line_1_37' title="bbox 206 2512 935 2550; baseline 0 -8"><span class='ocrx_word' id='word_1_179' title='bbox 206 2512 316 2550; x_wconf 87' lang='lat' dir='ltr'>Porro,</span> <span class='ocrx_word' id='word_1_180' title='bbox 332 2512 420 2542; x_wconf 89' lang='lat' dir='ltr'>locus</span> <span class='ocrx_word' id='word_1_181' title='bbox 435 2518 480 2542; x_wconf 86' lang='lat' dir='ltr'>est</span> <span class='ocrx_word' id='word_1_182' title='bbox 496 2512 623 2543; x_wconf 85' lang='lat' dir='ltr'>Manilii</span> <span class='ocrx_word' id='word_1_183' title='bbox 638 2512 678 2542; x_wconf 87' lang='lat' dir='ltr'>ad</span> <span class='ocrx_word' id='word_1_184' title='bbox 694 2512 833 2542; x_wconf 88' lang='lat' dir='ltr'>Lucretii</span> <span class='ocrx_word' id='word_1_185' title='bbox 848 2512 935 2543; x_wconf 88' lang='lat' dir='ltr'>illus-</span> 
     </span>
     <span class='ocr_line' id='line_1_38' title="bbox 204 2565 885 2605; baseline 0.001 -10"><span class='ocrx_word' id='word_1_186' title='bbox 204 2565 372 2595; x_wconf 85' lang='lat' dir='ltr'>trationem</span> <span class='ocrx_word' id='word_1_187' title='bbox 388 2576 480 2605; x_wconf 89' lang='lat' dir='ltr'>opere</span> <span class='ocrx_word' id='word_1_188' title='bbox 496 2576 622 2595; x_wconf 86' lang='lat' dir='ltr'>summo</span> <span class='ocrx_word' id='word_1_189' title='bbox 636 2565 766 2602; x_wconf 82' lang='lat' dir='ltr'>faciens,</span> <span class='ocrx_word' id='word_1_190' title='bbox 782 2565 802 2595; x_wconf 90' lang='lat' dir='ltr'>i.</span> <span class='ocrx_word' id='word_1_191' title='bbox 814 2568 885 2596; x_wconf 88' lang='grc'><strong>854.</strong></span> 
     </span>
    </p>
   </div>
   <div class='ocr_carea' id='block_1_16' title="bbox 233 2642 928 2791">
    <p class='ocr_par' dir='ltr' id='par_1_19' title="bbox 233 2642 928 2791">
     <span class='ocr_line' id='line_1_39' title="bbox 235 2642 903 2674; baseline 0.003 -9"><span class='ocrx_word' id='word_1_192' title='bbox 235 2643 301 2665; x_wconf 86' lang='lat' dir='ltr'>Sunt</span> <span class='ocrx_word' id='word_1_193' title='bbox 315 2645 409 2667; x_wconf 87' lang='lat' dir='ltr'>autem</span> <span class='ocrx_word' id='word_1_194' title='bbox 421 2643 525 2667; x_wconf 80' lang='lat' dir='ltr'>cunctis</span> <span class='ocrx_word' id='word_1_195' title='bbox 537 2642 669 2674; x_wconf 80' lang='lat' dir='ltr'>permixti</span> <span class='ocrx_word' id='word_1_196' title='bbox 683 2642 803 2674; x_wconf 82' lang='lat' dir='ltr'>partibus</span> <span class='ocrx_word' id='word_1_197' title='bbox 814 2642 903 2674; x_wconf 84' lang='lat' dir='ltr'>ignes;</span> 
     </span>
     <span class='ocr_line' id='line_1_40' title="bbox 234 2680 886 2713; baseline 0.003 -9"><span class='ocrx_word' id='word_1_198' title='bbox 234 2680 273 2704; x_wconf 84' lang='lat' dir='ltr'>Ac</span> <span class='ocrx_word' id='word_1_199' title='bbox 285 2681 357 2705; x_wconf 82' lang='lat' dir='ltr'>silice</span> <span class='ocrx_word' id='word_1_200' title='bbox 369 2682 396 2705; x_wconf 81' lang='lat' dir='ltr'>in</span> <span class='ocrx_word' id='word_1_201' title='bbox 408 2682 485 2712; x_wconf 68' lang='lat' dir='ltr'>dura,</span> <span class='ocrx_word' id='word_1_202' title='bbox 498 2681 637 2713; x_wconf 71' lang='lat' dir='ltr'>viridique</span> <span class='ocrx_word' id='word_1_203' title='bbox 648 2682 674 2706; x_wconf 91' lang='lat' dir='ltr'>in</span> <span class='ocrx_word' id='word_1_204' title='bbox 686 2682 783 2712; x_wconf 80' lang='lat' dir='ltr'>cortice,</span> <span class='ocrx_word' id='word_1_205' title='bbox 795 2682 886 2707; x_wconf 84' lang='lat' dir='ltr'>sedem</span> 
     </span>
     <span class='ocr_line' id='line_1_41' title="bbox 235 2719 884 2753; baseline 0.008 -12"><span class='ocrx_word' id='word_1_206' title='bbox 235 2719 391 2750; x_wconf 71' lang='lat' dir='ltr'>inveniunt,</span> <span class='ocrx_word' id='word_1_207' title='bbox 403 2728 467 2745; x_wconf 86' lang='lat' dir='ltr'>cum</span> <span class='ocrx_word' id='word_1_208' title='bbox 478 2721 567 2753; x_wconf 77' lang='lat' dir='ltr'>sylva,</span> <span class='ocrx_word' id='word_1_209' title='bbox 584 2721 628 2746; x_wconf 82' lang='lat' dir='ltr'>sibi</span> <span class='ocrx_word' id='word_1_210' title='bbox 640 2721 735 2751; x_wconf 82' lang='lat' dir='ltr'>collisu,</span> <span class='ocrx_word' id='word_1_211' title='bbox 746 2725 884 2746; x_wconf 79' lang='lat' dir='ltr'>crematur:</span> 
     </span>
     <span class='ocr_line' id='line_1_42' title="bbox 233 2758 928 2791; baseline 0.007 -11"><span class='ocrx_word' id='word_1_212' title='bbox 233 2758 341 2789; x_wconf 76' lang='lat' dir='ltr'>Ignibus</span> <span class='ocrx_word' id='word_1_213' title='bbox 352 2766 436 2791; x_wconf 85' lang='lat' dir='ltr'>usque</span> <span class='ocrx_word' id='word_1_214' title='bbox 448 2762 514 2785; x_wconf 89' lang='lat' dir='ltr'>adeo</span> <span class='ocrx_word' id='word_1_215' title='bbox 526 2765 622 2785; x_wconf 85' lang='lat' dir='ltr'>natura</span> <span class='ocrx_word' id='word_1_216' title='bbox 633 2764 672 2786; x_wconf 85' lang='lat' dir='ltr'>est</span> <span class='ocrx_word' id='word_1_217' title='bbox 685 2762 771 2786; x_wconf 87' lang='lat' dir='ltr'>omnis</span> <span class='ocrx_word' id='word_1_218' title='bbox 781 2762 928 2785; x_wconf 81' lang='lat' dir='ltr'>abundans.</span> 
     </span>
    </p>
   </div>
   <div class='ocr_carea' id='block_1_17' title="bbox 193 2820 933 2918">
    <p class='ocr_par' dir='ltr' id='par_1_20' title="bbox 193 2820 933 2918">
     <span class='ocr_line' id='line_1_43' title="bbox 246 2820 931 2866; baseline 0.009 -17"><span class='ocrx_word' id='word_1_219' title='bbox 246 2820 321 2851; x_wconf 88' lang='lat' dir='ltr'>Ver.</span> <span class='ocrx_word' id='word_1_220' title='bbox 333 2826 403 2853; x_wconf 79' lang='lat'>902.</span> <span class='ocrx_word' id='word_1_221' title='bbox 419 2835 507 2862; x_wconf 82' lang='lat' dir='ltr'>quom</span> <span class='ocrx_word' id='word_1_222' title='bbox 523 2827 709 2866; x_wconf 68' lang='lat' dir='ltr'>confluxere:</span> <span class='ocrx_word' id='word_1_223' title='bbox 734 2825 770 2856; x_wconf 89' lang='lat' dir='ltr'>P.</span> <span class='ocrx_word' id='word_1_224' title='bbox 786 2832 850 2856; x_wconf 77' lang='lat' dir='ltr'>tum</span> <span class='ocrx_word' id='word_1_225' title='bbox 863 2836 931 2856; x_wconf 82' lang='lat' dir='ltr'>cum</span> 
     </span>
     <span class='ocr_line' id='line_1_44' title="bbox 193 2873 933 2918; baseline 0.007 -15"><span class='ocrx_word' id='word_1_226' title='bbox 193 2874 332 2914; x_wconf 73' lang='lat' dir='ltr'>fluoeere:</span> <span class='ocrx_word' id='word_1_227' title='bbox 361 2873 400 2904; x_wconf 93' lang='lat' dir='ltr'>V.</span> <span class='ocrx_word' id='word_1_228' title='bbox 417 2874 464 2904; x_wconf 89' lang='lat' dir='ltr'>ed.</span> <span class='ocrx_word' id='word_1_229' title='bbox 481 2882 520 2905; x_wconf 88' lang='grc' dir='ltr'>Π.</span> <span class='ocrx_word' id='word_1_230' title='bbox 537 2879 751 2918; x_wconf 73' lang='lat' dir='ltr'>cumfluxere;</span> <span class='ocrx_word' id='word_1_231' title='bbox 777 2887 878 2908; x_wconf 86' lang='lat' dir='ltr'>errore</span> <span class='ocrx_word' id='word_1_232' title='bbox 894 2877 933 2907; x_wconf 90' lang='lat' dir='ltr'>ad</span> 
     </span>
    </p>
   </div>
   <div class='ocr_carea' id='block_1_18' title="bbox 203 2924 933 3015">
    <p class='ocr_par' dir='ltr' id='par_1_21' title="bbox 203 2924 933 3015">
     <span class='ocr_line' id='line_1_45' title="bbox 203 2924 933 2970; baseline 0.011 -16"><span class='ocrx_word' id='word_1_233' title='bbox 203 2935 279 2955; x_wconf 88' lang='lat' dir='ltr'>eum</span> <span class='ocrx_word' id='word_1_234' title='bbox 307 2924 429 2954; x_wconf 87' lang='lat' dir='ltr'>fontem</span> <span class='ocrx_word' id='word_1_235' title='bbox 459 2926 632 2964; x_wconf 81' lang='lat' dir='ltr'>referendo,</span> <span class='ocrx_word' id='word_1_236' title='bbox 663 2939 758 2970; x_wconf 89' lang='lat' dir='ltr'>quem</span> <span class='ocrx_word' id='word_1_237' title='bbox 787 2930 828 2960; x_wconf 88' lang='lat' dir='ltr'>ad</span> <span class='ocrx_word' id='word_1_238' title='bbox 856 2940 933 2962; x_wconf 86' lang='lat' dir='ltr'>verr.</span> 
     </span>
     <span class='ocr_line' id='line_1_46' title="bbox 203 2976 570 3015; baseline 0.005 -9"><span class='ocrx_word' id='word_1_239' title='bbox 203 2978 278 3013; x_wconf 69' lang='lat'>355,</span> <span class='ocrx_word' id='word_1_240' title='bbox 296 2978 366 3008; x_wconf 85' lang='grc'><em>855.</em></span> <span class='ocrx_word' id='word_1_241' title='bbox 383 2976 570 3015; x_wconf 85' lang='lat' dir='ltr'>aperuimus.</span> 
     </span>
    </p>
   </div>
   <div class='ocr_carea' id='block_1_19' title="bbox 984 1171 1715 1416">
    <p class='ocr_par' dir='ltr' id='par_1_22' title="bbox 984 1171 1715 1416">
     <span class='ocr_line' id='line_1_47' title="bbox 1030 1171 1714 1213; baseline 0 -9"><span class='ocrx_word' id='word_1_242' title='bbox 1030 1173 1112 1204; x_wconf 89' lang='lat' dir='ltr'>Ibid.</span> <span class='ocrx_word' id='word_1_243' title='bbox 1147 1175 1326 1213; x_wconf 75' lang='lat' dir='ltr'>confluxere.</span> <span class='ocrx_word' id='word_1_244' title='bbox 1373 1171 1512 1202; x_wconf 86' lang='lat' dir='ltr'>Multam</span> <span class='ocrx_word' id='word_1_245' title='bbox 1535 1172 1629 1203; x_wconf 84' lang='lat' dir='ltr'>habet</span> <span class='ocrx_word' id='word_1_246' title='bbox 1651 1173 1714 1204; x_wconf 85' lang='lat' dir='ltr'>ele-</span> 
     </span>
     <span class='ocr_line' id='line_1_48' title="bbox 984 1223 1714 1265; baseline 0.001 -11"><span class='ocrx_word' id='word_1_247' title='bbox 984 1226 1125 1265; x_wconf 85' lang='lat' dir='ltr'>gantiam</span> <span class='ocrx_word' id='word_1_248' title='bbox 1142 1226 1201 1254; x_wconf 88' lang='lat' dir='ltr'>hoc</span> <span class='ocrx_word' id='word_1_249' title='bbox 1222 1223 1410 1254; x_wconf 81' lang='lat' dir='ltr'>vocabulum</span> <span class='ocrx_word' id='word_1_250' title='bbox 1425 1224 1465 1254; x_wconf 87' lang='lat' dir='ltr'>de</span> <span class='ocrx_word' id='word_1_251' title='bbox 1488 1226 1609 1263; x_wconf 77' lang='lat' dir='ltr'>ignibus</span> <span class='ocrx_word' id='word_1_252' title='bbox 1625 1226 1714 1255; x_wconf 88' lang='lat' dir='ltr'>adhi-</span> 
     </span>
     <span class='ocr_line' id='line_1_49' title="bbox 984 1275 1715 1306; baseline 0.001 -1"><span class='ocrx_word' id='word_1_253' title='bbox 984 1277 1098 1306; x_wconf 86' lang='lat' dir='ltr'>bitum:</span> <span class='ocrx_word' id='word_1_254' title='bbox 1133 1276 1236 1306; x_wconf 89' lang='lat' dir='ltr'>videas</span> <span class='ocrx_word' id='word_1_255' title='bbox 1259 1275 1543 1305; x_wconf 88' lang='lat' dir='ltr'>animadversiones</span> <span class='ocrx_word' id='word_1_256' title='bbox 1568 1287 1655 1306; x_wconf 79' lang='lat' dir='ltr'>meas</span> <span class='ocrx_word' id='word_1_257' title='bbox 1681 1277 1715 1306; x_wconf 91' lang='lat' dir='ltr'>in</span> 
     </span>
     <span class='ocr_line' id='line_1_50' title="bbox 984 1326 1715 1367; baseline 0.003 -11"><span class='ocrx_word' id='word_1_258' title='bbox 984 1327 1014 1356; x_wconf 91' lang='lat' dir='ltr'>ii.</span> <span class='ocrx_word' id='word_1_259' title='bbox 1031 1330 1101 1356; x_wconf 81' lang='lat'>585.</span> <span class='ocrx_word' id='word_1_260' title='bbox 1127 1326 1273 1356; x_wconf 88' lang='lat' dir='ltr'>Alcimus</span> <span class='ocrx_word' id='word_1_261' title='bbox 1294 1326 1418 1364; x_wconf 84' lang='lat' dir='ltr'>Avitus,</span> <span class='ocrx_word' id='word_1_262' title='bbox 1445 1327 1475 1356; x_wconf 89' lang='lat' dir='ltr'>ii.</span> <span class='ocrx_word' id='word_1_263' title='bbox 1500 1330 1574 1358; x_wconf 82' lang='lat'>347.</span> <span class='ocrx_word' id='word_1_264' title='bbox 1599 1327 1715 1367; x_wconf 85' lang='lat' dir='ltr'>oppido</span> 
     </span>
     <span class='ocr_line' id='line_1_51' title="bbox 984 1377 1344 1416; baseline -0.003 -9"><span class='ocrx_word' id='word_1_265' title='bbox 984 1377 1122 1416; x_wconf 85' lang='lat' dir='ltr'>pulchre,</span> <span class='ocrx_word' id='word_1_266' title='bbox 1139 1377 1178 1407; x_wconf 89' lang='lat' dir='ltr'>de</span> <span class='ocrx_word' id='word_1_267' title='bbox 1196 1377 1344 1407; x_wconf 63' lang='lat' dir='ltr'>Sodomit:</span> 
     </span>
    </p>
   </div>
   <div class='ocr_carea' id='block_1_20' title="bbox 1016 1449 1666 1522">
    <p class='ocr_par' dir='ltr' id='par_1_23' title="bbox 1016 1449 1666 1522">
     <span class='ocr_line' id='line_1_52' title="bbox 1271 1449 1636 1481; baseline 0.005 -8"><span class='ocrx_word' id='word_1_268' title='bbox 1271 1449 1406 1481; x_wconf 76' lang='lat' dir='ltr'>restinguet</span> <span class='ocrx_word' id='word_1_269' title='bbox 1414 1450 1537 1480; x_wconf 81' lang='lat' dir='ltr'>fulminis</span> <span class='ocrx_word' id='word_1_270' title='bbox 1547 1451 1636 1481; x_wconf 82' lang='lat' dir='ltr'>imber,</span> 
     </span>
     <span class='ocr_line' id='line_1_53' title="bbox 1016 1490 1666 1522; baseline 0.005 -8"><span class='ocrx_word' id='word_1_271' title='bbox 1016 1492 1084 1522; x_wconf 65' lang='lat' dir='ltr'>Quat</span> <span class='ocrx_word' id='word_1_272' title='bbox 1097 1498 1151 1515; x_wconf 91' lang='lat' dir='ltr'>non</span> <span class='ocrx_word' id='word_1_273' title='bbox 1163 1490 1298 1515; x_wconf 76' lang='lat' dir='ltr'>exstinxit</span> <span class='ocrx_word' id='word_1_274' title='bbox 1310 1490 1443 1515; x_wconf 84' lang='lat' dir='ltr'>ferventia</span> <span class='ocrx_word' id='word_1_275' title='bbox 1454 1491 1566 1515; x_wconf 87' lang='lat' dir='ltr'>crimina</span> <span class='ocrx_word' id='word_1_276' title='bbox 1578 1491 1666 1517; x_wconf 85' lang='lat' dir='ltr'>fletus.</span> 
     </span>
    </p>
   </div>
   <div class='ocr_carea' id='block_1_21' title="bbox 979 1565 1714 2010">
    <p class='ocr_par' dir='ltr' id='par_1_24' title="bbox 979 1565 1714 2010">
     <span class='ocr_line' id='line_1_54' title="bbox 984 1565 1714 1598; baseline 0.004 -3"><span class='ocrx_word' id='word_1_277' title='bbox 984 1565 1071 1595; x_wconf 90' lang='lat' dir='ltr'>Hinc</span> <span class='ocrx_word' id='word_1_278' title='bbox 1101 1565 1266 1595; x_wconf 88' lang='lat' dir='ltr'>emendate</span> <span class='ocrx_word' id='word_1_279' title='bbox 1293 1565 1462 1595; x_wconf 86' lang='lat' dir='ltr'>constituas</span> <span class='ocrx_word' id='word_1_280' title='bbox 1492 1566 1531 1596; x_wconf 90' lang='lat' dir='ltr'>ad</span> <span class='ocrx_word' id='word_1_281' title='bbox 1561 1567 1714 1598; x_wconf 86' lang='lat' dir='ltr'>librorum</span> 
     </span>
     <span class='ocr_line' id='line_1_55' title="bbox 981 1616 1713 1657; baseline 0.004 -11"><span class='ocrx_word' id='word_1_282' title='bbox 981 1616 1075 1646; x_wconf 87' lang='lat' dir='ltr'>fidem</span> <span class='ocrx_word' id='word_1_283' title='bbox 1090 1616 1257 1646; x_wconf 88' lang='lat' dir='ltr'>Claudiani</span> <span class='ocrx_word' id='word_1_284' title='bbox 1273 1616 1377 1646; x_wconf 90' lang='lat' dir='ltr'>locum</span> <span class='ocrx_word' id='word_1_285' title='bbox 1393 1616 1634 1657; x_wconf 84' lang='lat' dir='ltr'>exquisitissimo</span> <span class='ocrx_word' id='word_1_286' title='bbox 1649 1629 1713 1649; x_wconf 86' lang='lat' dir='ltr'>ser-</span> 
     </span>
     <span class='ocr_line' id='line_1_56' title="bbox 980 1669 1714 1708; baseline 0.004 -9"><span class='ocrx_word' id='word_1_287' title='bbox 980 1669 1083 1699; x_wconf 85' lang='lat' dir='ltr'>monis</span> <span class='ocrx_word' id='word_1_288' title='bbox 1109 1669 1239 1699; x_wconf 78' lang='lat' dir='ltr'>artificio</span> <span class='ocrx_word' id='word_1_289' title='bbox 1255 1669 1453 1708; x_wconf 82' lang='lat' dir='ltr'>perpolitum.</span> <span class='ocrx_word' id='word_1_290' title='bbox 1499 1670 1640 1701; x_wconf 89' lang='lat' dir='ltr'>Imitatio</span> <span class='ocrx_word' id='word_1_291' title='bbox 1666 1678 1714 1702; x_wconf 87' lang='lat' dir='ltr'>est</span> 
     </span>
     <span class='ocr_line' id='line_1_57' title="bbox 981 1720 1710 1761; baseline 0.003 -11"><span class='ocrx_word' id='word_1_292' title='bbox 981 1721 1012 1750; x_wconf 89' lang='lat' dir='ltr'>V</span> <span class='ocrx_word' id='word_1_293' title='bbox 1015 1720 1159 1761; x_wconf 81' lang='lat' dir='ltr'>irgiljana</span> <span class='ocrx_word' id='word_1_294' title='bbox 1167 1732 1176 1757; x_wconf 84' lang='lat'>3</span> <span class='ocrx_word' id='word_1_295' title='bbox 1198 1726 1228 1750; x_wconf 87' lang='lat' dir='ltr'>et</span> <span class='ocrx_word' id='word_1_296' title='bbox 1255 1720 1422 1751; x_wconf 85' lang='lat' dir='ltr'>credideris</span> <span class='ocrx_word' id='word_1_297' title='bbox 1449 1731 1523 1750; x_wconf 89' lang='lat' dir='ltr'>eum</span> <span class='ocrx_word' id='word_1_298' title='bbox 1547 1732 1620 1751; x_wconf 90' lang='lat' dir='ltr'>cum</span> <span class='ocrx_word' id='word_1_299' title='bbox 1643 1733 1710 1752; x_wconf 87' lang='lat' dir='ltr'>ma-</span> 
     </span>
     <span class='ocr_line' id='line_1_58' title="bbox 979 1772 1712 1813; baseline 0.005 -11"><span class='ocrx_word' id='word_1_300' title='bbox 979 1773 1075 1813; x_wconf 85' lang='lat' dir='ltr'>gistro</span> <span class='ocrx_word' id='word_1_301' title='bbox 1090 1772 1128 1802; x_wconf 93' lang='lat' dir='ltr'>de</span> <span class='ocrx_word' id='word_1_302' title='bbox 1144 1772 1247 1812; x_wconf 65' lang='lat' dir='ltr'>palma</span> <span class='ocrx_word' id='word_1_303' title='bbox 1271 1778 1448 1803; x_wconf 84' lang='lat' dir='ltr'>concertare</span> <span class='ocrx_word' id='word_1_304' title='bbox 1463 1773 1605 1805; x_wconf 85' lang='lat' dir='ltr'>voluisse.</span> <span class='ocrx_word' id='word_1_305' title='bbox 1650 1774 1712 1806; x_wconf 89' lang='lat' dir='ltr'>Le-</span> 
     </span>
     <span class='ocr_line' id='line_1_59' title="bbox 979 1824 1711 1866; baseline 0.004 -12"><span class='ocrx_word' id='word_1_306' title='bbox 979 1825 1065 1866; x_wconf 88' lang='lat' dir='ltr'>gitur</span> <span class='ocrx_word' id='word_1_307' title='bbox 1089 1825 1129 1855; x_wconf 88' lang='lat' dir='ltr'>ad</span> <span class='ocrx_word' id='word_1_308' title='bbox 1155 1835 1215 1855; x_wconf 84' lang='lat' dir='ltr'>ver.</span> <span class='ocrx_word' id='word_1_309' title='bbox 1243 1828 1312 1856; x_wconf 86' lang='lat'>194.</span> <span class='ocrx_word' id='word_1_310' title='bbox 1343 1824 1383 1854; x_wconf 91' lang='lat' dir='ltr'>de</span> <span class='ocrx_word' id='word_1_311' title='bbox 1407 1830 1518 1865; x_wconf 86' lang='lat' dir='ltr'>quarto</span> <span class='ocrx_word' id='word_1_312' title='bbox 1546 1826 1711 1857; x_wconf 87' lang='lat' dir='ltr'>consulatu</span> 
     </span>
     <span class='ocr_line' id='line_1_60' title="bbox 981 1876 1135 1908; baseline -0.013 0"><span class='ocrx_word' id='word_1_313' title='bbox 981 1876 1135 1908; x_wconf 87' lang='lat' dir='ltr'>Honorii:</span> 
     </span>
     <span class='ocr_line' id='line_1_61' title="bbox 1393 1942 1635 1971; baseline -0.004 -7"><span class='ocrx_word' id='word_1_314' title='bbox 1393 1943 1508 1964; x_wconf 83' lang='lat' dir='ltr'>ventura</span> <span class='ocrx_word' id='word_1_315' title='bbox 1518 1942 1635 1971; x_wconf 85' lang='lat' dir='ltr'>potestas</span> 
     </span>
     <span class='ocr_line' id='line_1_62' title="bbox 1011 1979 1669 2010; baseline -0.003 -5"><span class='ocrx_word' id='word_1_316' title='bbox 1011 1981 1113 2005; x_wconf 79' lang='lat' dir='ltr'>Clamit</span> <span class='ocrx_word' id='word_1_317' title='bbox 1125 1980 1249 2009; x_wconf 84' lang='lat' dir='ltr'>Ascanio,</span> <span class='ocrx_word' id='word_1_318' title='bbox 1259 1979 1345 2004; x_wconf 67' lang='lat' dir='ltr'>subita</span> <span class='ocrx_word' id='word_1_319' title='bbox 1359 1986 1443 2010; x_wconf 88' lang='lat' dir='ltr'>quum</span> <span class='ocrx_word' id='word_1_320' title='bbox 1456 1979 1516 2004; x_wconf 88' lang='lat' dir='ltr'>luce</span> <span class='ocrx_word' id='word_1_321' title='bbox 1528 1985 1669 2003; x_wconf 86' lang='lat' dir='ltr'>comarum</span> 
     </span>
    </p>
   </div>
   <div class='ocr_carea' id='block_1_22' title="bbox 1010 2018 1649 2090">
    <p class='ocr_par' dir='ltr' id='par_1_25' title="bbox 1010 2018 1649 2090">
     <span class='ocr_line' id='line_1_63' title="bbox 1011 2018 1649 2052; baseline -0.003 -7"><span class='ocrx_word' id='word_1_322' title='bbox 1011 2022 1146 2045; x_wconf 89' lang='lat' dir='ltr'>Innocuus</span> <span class='ocrx_word' id='word_1_323' title='bbox 1158 2020 1283 2052; x_wconf 83' lang='lat' dir='ltr'>flagraret</span> <span class='ocrx_word' id='word_1_324' title='bbox 1294 2027 1364 2051; x_wconf 82' lang='lat' dir='ltr'>apex</span> <span class='ocrx_word' id='word_1_325' title='bbox 1373 2028 1381 2050; x_wconf 65' lang='grc' dir='ltr'><strong><em>ς</em></strong></span> <span class='ocrx_word' id='word_1_326' title='bbox 1391 2018 1530 2050; x_wconf 78' lang='lat' dir='ltr'>fluidoque</span> <span class='ocrx_word' id='word_1_327' title='bbox 1541 2019 1649 2043; x_wconf 88' lang='lat' dir='ltr'>volutus</span> 
     </span>
     <span class='ocr_line' id='line_1_64' title="bbox 1010 2059 1623 2090; baseline -0.003 -6"><span class='ocrx_word' id='word_1_328' title='bbox 1010 2060 1113 2089; x_wconf 72' lang='lat' dir='ltr'>Vertice,</span> <span class='ocrx_word' id='word_1_329' title='bbox 1124 2059 1211 2084; x_wconf 84' lang='lat' dir='ltr'>fatalis</span> <span class='ocrx_word' id='word_1_330' title='bbox 1223 2060 1362 2084; x_wconf 82' lang='lat' dir='ltr'>redimiret</span> <span class='ocrx_word' id='word_1_331' title='bbox 1373 2062 1498 2090; x_wconf 86' lang='lat' dir='ltr'>tempora</span> <span class='ocrx_word' id='word_1_332' title='bbox 1509 2059 1623 2083; x_wconf 87' lang='lat' dir='ltr'>candor:</span> 
     </span>
    </p>
   </div>
   <div class='ocr_carea' id='block_1_23' title="bbox 976 2130 1710 2416">
    <p class='ocr_par' dir='ltr' id='par_1_26' title="bbox 976 2130 1710 2416">
     <span class='ocr_line' id='line_1_65' title="bbox 978 2130 1710 2171; baseline 0 -11"><span class='ocrx_word' id='word_1_333' title='bbox 978 2130 998 2160; x_wconf 92' lang='lat' dir='ltr'>i.</span> <span class='ocrx_word' id='word_1_334' title='bbox 1011 2140 1037 2160; x_wconf 87' lang='lat' dir='ltr'>e.</span> <span class='ocrx_word' id='word_1_335' title='bbox 1055 2130 1160 2161; x_wconf 87' lang='lat' dir='ltr'>fluidis</span> <span class='ocrx_word' id='word_1_336' title='bbox 1174 2131 1352 2167; x_wconf 90' lang='lat' dir='ltr'>vorticibus,</span> <span class='ocrx_word' id='word_1_337' title='bbox 1369 2130 1417 2160; x_wconf 86' lang='lat' dir='ltr'>vel</span> <span class='ocrx_word' id='word_1_338' title='bbox 1430 2130 1607 2167; x_wconf 86' lang='lat' dir='ltr'>verticibus,</span> <span class='ocrx_word' id='word_1_339' title='bbox 1620 2131 1710 2171; x_wconf 87' lang='lat' dir='ltr'>(nam</span> 
     </span>
     <span class='ocr_line' id='line_1_66' title="bbox 978 2180 1709 2220; baseline -0.001 -9"><span class='ocrx_word' id='word_1_340' title='bbox 978 2182 1027 2211; x_wconf 86' lang='lat' dir='ltr'>hae</span> <span class='ocrx_word' id='word_1_341' title='bbox 1042 2191 1132 2211; x_wconf 88' lang='lat' dir='ltr'>voces</span> <span class='ocrx_word' id='word_1_342' title='bbox 1146 2192 1272 2220; x_wconf 87' lang='lat' dir='ltr'>prorsus</span> <span class='ocrx_word' id='word_1_343' title='bbox 1287 2181 1403 2211; x_wconf 84' lang='lat' dir='ltr'>eaedem</span> <span class='ocrx_word' id='word_1_344' title='bbox 1420 2186 1505 2218; x_wconf 90' lang='lat' dir='ltr'>sunt,</span> <span class='ocrx_word' id='word_1_345' title='bbox 1528 2180 1630 2218; x_wconf 87' lang='lat' dir='ltr'>priore</span> <span class='ocrx_word' id='word_1_346' title='bbox 1645 2181 1709 2211; x_wconf 88' lang='lat' dir='ltr'>for-</span> 
     </span>
     <span class='ocr_line' id='line_1_67' title="bbox 977 2231 1708 2271; baseline 0 -10"><span class='ocrx_word' id='word_1_347' title='bbox 977 2231 1031 2261; x_wconf 71' lang='lat' dir='ltr'>ma</span> <span class='ocrx_word' id='word_1_348' title='bbox 1055 2232 1094 2262; x_wconf 89' lang='lat' dir='ltr'>ad</span> <span class='ocrx_word' id='word_1_349' title='bbox 1120 2232 1320 2262; x_wconf 83' lang='lat' dir='ltr'>vetustiorem</span> <span class='ocrx_word' id='word_1_350' title='bbox 1344 2231 1597 2271; x_wconf 86' lang='lat' dir='ltr'>orthographiam</span> <span class='ocrx_word' id='word_1_351' title='bbox 1622 2242 1708 2262; x_wconf 91' lang='lat' dir='ltr'>com-</span> 
     </span>
     <span class='ocr_line' id='line_1_68' title="bbox 978 2282 1709 2323; baseline 0.001 -11"><span class='ocrx_word' id='word_1_352' title='bbox 978 2282 1090 2321; x_wconf 69' lang='lat' dir='ltr'>posita,</span> <span class='ocrx_word' id='word_1_353' title='bbox 1106 2283 1146 2314; x_wconf 89' lang='lat' dir='ltr'>ad</span> <span class='ocrx_word' id='word_1_354' title='bbox 1162 2293 1314 2322; x_wconf 87' lang='lat' dir='ltr'>nuperam</span> <span class='ocrx_word' id='word_1_355' title='bbox 1326 2283 1510 2323; x_wconf 81' lang='lat' dir='ltr'>posteriore)</span> <span class='ocrx_word' id='word_1_356' title='bbox 1527 2293 1559 2313; x_wconf 88' lang='lat' dir='ltr'>se</span> <span class='ocrx_word' id='word_1_357' title='bbox 1574 2282 1709 2313; x_wconf 81' lang='lat' dir='ltr'>volvens.</span> 
     </span>
     <span class='ocr_line' id='line_1_69' title="bbox 978 2333 1708 2374; baseline 0.003 -11"><span class='ocrx_word' id='word_1_358' title='bbox 978 2333 1087 2374; x_wconf 90' lang='lat' dir='ltr'>Vulgo</span> <span class='ocrx_word' id='word_1_359' title='bbox 1103 2334 1229 2374; x_wconf 80' lang='lat' dir='ltr'>legitur,</span> <span class='ocrx_word' id='word_1_360' title='bbox 1246 2336 1393 2374; x_wconf 70' lang='lat' dir='ltr'>Phrygio.</span> <span class='ocrx_word' id='word_1_361' title='bbox 1440 2334 1606 2374; x_wconf 85' lang='lat' dir='ltr'>Virgilius,</span> <span class='ocrx_word' id='word_1_362' title='bbox 1634 2334 1708 2365; x_wconf 85' lang='lat' dir='ltr'>AEn.</span> 
     </span>
     <span class='ocr_line' id='line_1_70' title="bbox 976 2385 1118 2416; baseline 0.007 -2"><span class='ocrx_word' id='word_1_363' title='bbox 976 2385 1029 2415; x_wconf 81' lang='lat' dir='ltr'>xii.</span> <span class='ocrx_word' id='word_1_364' title='bbox 1047 2389 1118 2416; x_wconf 79' lang='lat'>672.</span> 
     </span>
    </p>
   </div>
   <div class='ocr_carea' id='block_1_24' title="bbox 1008 2479 1163 2486">
    <p class='ocr_par' dir='ltr' id='par_1_27' title="bbox 1008 2479 1163 2486">
     <span class='ocr_line' id='line_1_71' title="bbox 1008 2479 1163 2486; baseline 0 0"><span class='ocrx_word' id='word_1_365' title='bbox 1008 2479 1163 2486; x_wconf 95' lang='lat' dir='ltr'> </span> 
     </span>
    </p>
   </div>
   <div class='ocr_carea' id='block_1_25' title="bbox 1011 2465 1629 2532">
    <p class='ocr_par' dir='ltr' id='par_1_28' title="bbox 1011 2465 1629 2532">
     <span class='ocr_line' id='line_1_72' title="bbox 1173 2465 1629 2495; baseline 0 -5"><span class='ocrx_word' id='word_1_366' title='bbox 1173 2466 1289 2490; x_wconf 83' lang='lat' dir='ltr'>flammis</span> <span class='ocrx_word' id='word_1_367' title='bbox 1300 2465 1370 2490; x_wconf 86' lang='lat' dir='ltr'>inter</span> <span class='ocrx_word' id='word_1_368' title='bbox 1381 2465 1501 2490; x_wconf 77' lang='lat' dir='ltr'>tabulata</span> <span class='ocrx_word' id='word_1_369' title='bbox 1512 2465 1629 2495; x_wconf 86' lang='lat' dir='ltr'>volutus,</span> 
     </span>
     <span class='ocr_line' id='line_1_73' title="bbox 1011 2506 1413 2532; baseline -0.002 -1"><span class='ocrx_word' id='word_1_370' title='bbox 1011 2507 1052 2532; x_wconf 78' lang='lat' dir='ltr'>Ad</span> <span class='ocrx_word' id='word_1_371' title='bbox 1064 2506 1166 2531; x_wconf 77' lang='lat' dir='ltr'>coelum</span> <span class='ocrx_word' id='word_1_372' title='bbox 1178 2506 1291 2531; x_wconf 83' lang='lat' dir='ltr'>undabat</span> <span class='ocrx_word' id='word_1_373' title='bbox 1307 2509 1413 2530; x_wconf 81' lang='lat' dir='ltr'>vortex.</span> 
     </span>
    </p>
   </div>
   <div class='ocr_carea' id='block_1_26' title="bbox 975 2569 1707 3022">
    <p class='ocr_par' dir='ltr' id='par_1_29' title="bbox 979 2569 1705 2711">
     <span class='ocr_line' id='line_1_74' title="bbox 983 2569 1705 2600; baseline -0.004 0"><span class='ocrx_word' id='word_1_374' title='bbox 983 2570 1196 2600; x_wconf 89' lang='lat' dir='ltr'>Communem</span> <span class='ocrx_word' id='word_1_375' title='bbox 1225 2576 1365 2600; x_wconf 87' lang='lat' dir='ltr'>nostram</span> <span class='ocrx_word' id='word_1_376' title='bbox 1394 2569 1624 2600; x_wconf 86' lang='lat' dir='ltr'>humanitatem</span> <span class='ocrx_word' id='word_1_377' title='bbox 1653 2577 1705 2597; x_wconf 92' lang='lat' dir='ltr'>ex-</span> 
     </span>
     <span class='ocr_line' id='line_1_75' title="bbox 980 2621 1705 2661; baseline -0.004 -10"><span class='ocrx_word' id='word_1_378' title='bbox 980 2627 1086 2661; x_wconf 86' lang='lat' dir='ltr'>pertus</span> <span class='ocrx_word' id='word_1_379' title='bbox 1100 2628 1146 2651; x_wconf 85' lang='lat' dir='ltr'>est</span> <span class='ocrx_word' id='word_1_380' title='bbox 1162 2621 1326 2657; x_wconf 86' lang='lat' dir='ltr'>Heinsius,</span> <span class='ocrx_word' id='word_1_381' title='bbox 1349 2621 1401 2661; x_wconf 92' lang='lat' dir='ltr'>qui</span> <span class='ocrx_word' id='word_1_382' title='bbox 1419 2635 1452 2651; x_wconf 80' lang='grc' dir='ltr'>·το</span> <span class='ocrx_word' id='word_1_383' title='bbox 1467 2622 1604 2661; x_wconf 71' lang='lat' dir='ltr'>Phrygio</span> <span class='ocrx_word' id='word_1_384' title='bbox 1619 2624 1705 2649; x_wconf 89' lang='lat' dir='ltr'>ante-</span> 
     </span>
     <span class='ocr_line' id='line_1_76' title="bbox 979 2672 1412 2711; baseline 0 -9"><span class='ocrx_word' id='word_1_385' title='bbox 979 2672 1163 2711; x_wconf 90' lang='lat' dir='ltr'>ponendum</span> <span class='ocrx_word' id='word_1_386' title='bbox 1178 2672 1344 2703; x_wconf 87' lang='lat' dir='ltr'>arbitratus</span> <span class='ocrx_word' id='word_1_387' title='bbox 1358 2678 1412 2702; x_wconf 87' lang='lat' dir='ltr'>est.</span> 
     </span>
    </p>

    <p class='ocr_par' dir='ltr' id='par_1_30' title="bbox 975 2721 1707 3022">
     <span class='ocr_line' id='line_1_77' title="bbox 1025 2721 1706 2765; baseline -0.003 -11"><span class='ocrx_word' id='word_1_388' title='bbox 1025 2725 1097 2755; x_wconf 89' lang='lat' dir='ltr'>Ver.</span> <span class='ocrx_word' id='word_1_389' title='bbox 1115 2729 1185 2756; x_wconf 81' lang='lat'><strong>903.</strong></span> <span class='ocrx_word' id='word_1_390' title='bbox 1198 2725 1302 2765; x_wconf 76' lang='lat' dir='ltr'>sacta.</span> <span class='ocrx_word' id='word_1_391' title='bbox 1349 2725 1398 2754; x_wconf 89' lang='lat' dir='ltr'>Sic</span> <span class='ocrx_word' id='word_1_392' title='bbox 1413 2733 1521 2753; x_wconf 86' lang='lat' dir='ltr'>omnes</span> <span class='ocrx_word' id='word_1_393' title='bbox 1536 2721 1652 2760; x_wconf 82' lang='lat' dir='ltr'>scripti,</span> <span class='ocrx_word' id='word_1_394' title='bbox 1675 2728 1706 2752; x_wconf 89' lang='lat' dir='ltr'>et</span> 
     </span>
     <span class='ocr_line' id='line_1_78' title="bbox 975 2773 1705 2816; baseline -0.007 -9"><span class='ocrx_word' id='word_1_395' title='bbox 975 2776 1052 2806; x_wconf 84' lang='lat' dir='ltr'>editi</span> <span class='ocrx_word' id='word_1_396' title='bbox 1068 2777 1171 2816; x_wconf 87' lang='lat' dir='ltr'>plures</span> <span class='ocrx_word' id='word_1_397' title='bbox 1193 2775 1419 2816; x_wconf 86' lang='lat' dir='ltr'>antiquissimi;</span> <span class='ocrx_word' id='word_1_398' title='bbox 1442 2780 1544 2811; x_wconf 78' lang='lat' dir='ltr'>tanta,</span> <span class='ocrx_word' id='word_1_399' title='bbox 1559 2773 1705 2803; x_wconf 82' lang='lat' dir='ltr'>nonnulli</span> 
     </span>
     <span class='ocr_line' id='line_1_79' title="bbox 976 2824 1706 2865; baseline -0.004 -8"><span class='ocrx_word' id='word_1_400' title='bbox 976 2838 1014 2857; x_wconf 80' lang='lat' dir='ltr'>ex</span> <span class='ocrx_word' id='word_1_401' title='bbox 1029 2827 1132 2858; x_wconf 85' lang='lat' dir='ltr'>editis:</span> <span class='ocrx_word' id='word_1_402' title='bbox 1160 2828 1248 2858; x_wconf 81' lang='lat' dir='ltr'>male.</span> <span class='ocrx_word' id='word_1_403' title='bbox 1294 2829 1392 2858; x_wconf 73' lang='lat' dir='ltr'>Facta</span> <span class='ocrx_word' id='word_1_404' title='bbox 1409 2826 1543 2865; x_wconf 83' lang='lat' dir='ltr'>flamma</span> <span class='ocrx_word' id='word_1_405' title='bbox 1570 2830 1615 2854; x_wconf 85' lang='lat' dir='ltr'>est</span> <span class='ocrx_word' id='word_1_406' title='bbox 1637 2824 1706 2864; x_wconf 84' lang='lat' dir='ltr'>jam</span> 
     </span>
     <span class='ocr_line' id='line_1_80' title="bbox 978 2875 1706 2915; baseline -0.007 -6"><span class='ocrx_word' id='word_1_407' title='bbox 978 2879 1120 2915; x_wconf 85' lang='lat' dir='ltr'>formata,</span> <span class='ocrx_word' id='word_1_408' title='bbox 1148 2884 1178 2908; x_wconf 88' lang='lat' dir='ltr'>et</span> <span class='ocrx_word' id='word_1_409' title='bbox 1201 2879 1235 2908; x_wconf 89' lang='lat' dir='ltr'>in</span> <span class='ocrx_word' id='word_1_410' title='bbox 1261 2887 1371 2915; x_wconf 89' lang='lat' dir='ltr'>corpus</span> <span class='ocrx_word' id='word_1_411' title='bbox 1395 2875 1544 2913; x_wconf 85' lang='lat' dir='ltr'>vividum,</span> <span class='ocrx_word' id='word_1_412' title='bbox 1576 2875 1706 2905; x_wconf 89' lang='lat' dir='ltr'>confluis</span> 
     </span>
     <span class='ocr_line' id='line_1_81' title="bbox 977 2926 1707 2969; baseline -0.003 -9"><span class='ocrx_word' id='word_1_413' title='bbox 977 2930 1159 2967; x_wconf 88' lang='lat' dir='ltr'>seminibus,</span> <span class='ocrx_word' id='word_1_414' title='bbox 1196 2928 1332 2969; x_wconf 85' lang='lat' dir='ltr'>globata:</span> <span class='ocrx_word' id='word_1_415' title='bbox 1374 2928 1393 2957; x_wconf 91' lang='lat' dir='ltr'>i.</span> <span class='ocrx_word' id='word_1_416' title='bbox 1416 2938 1442 2957; x_wconf 84' lang='lat' dir='ltr'>e.</span> <span class='ocrx_word' id='word_1_417' title='bbox 1481 2931 1502 2945; x_wconf 88' lang='lat'><strong>“</strong></span> <span class='ocrx_word' id='word_1_418' title='bbox 1523 2927 1547 2957; x_wconf 92' lang='lat' dir='ltr'>si</span> <span class='ocrx_word' id='word_1_419' title='bbox 1578 2926 1707 2958; x_wconf 80' lang='lat' dir='ltr'>flamma</span> 
     </span>
     <span class='ocr_line' id='line_1_82' title="bbox 977 2979 1702 3022; baseline -0.006 -10"><span class='ocrx_word' id='word_1_420' title='bbox 977 2982 1080 3022; x_wconf 82' lang='lat' dir='ltr'>“jam</span> <span class='ocrx_word' id='word_1_421' title='bbox 1095 2981 1230 3021; x_wconf 79' lang='lat' dir='ltr'>perfecta</span> <span class='ocrx_word' id='word_1_422' title='bbox 1245 2980 1279 3011; x_wconf 91' lang='lat' dir='ltr'>in</span> <span class='ocrx_word' id='word_1_423' title='bbox 1304 2979 1397 3021; x_wconf 80' lang='lat' dir='ltr'>sylvis</span> <span class='ocrx_word' id='word_1_424' title='bbox 1412 2979 1614 3018; x_wconf 87' lang='lat' dir='ltr'>delitesceret,</span> <span class='ocrx_word' id='word_1_425' title='bbox 1641 2984 1702 3009; x_wconf 84' lang='lat' dir='ltr'>sta-</span> 
     </span>
    </p>
   </div>
   <div class='ocr_carea' id='block_1_27' title="bbox 1874 2973 1894 3253">
    <p class='ocr_par' dir='ltr' id='par_1_31' title="bbox 1874 2973 1894 3253">
     <span class='ocr_line' id='line_1_83' title="bbox 1874 2973 1894 3253; baseline 0 0"><span class='ocrx_word' id='word_1_426' title='bbox 1874 2973 1894 3253; x_wconf 95' lang='lat' dir='ltr'> </span> 
     </span>
    </p>
   </div>
  </div>
 </body>
</html>
