1894 3253
606 255 842 304 LIBER
895 254 1205 306 PRIMUS.

1594 265 1648 303 21

218 389 272 429 75
306 388 445 444 Atque
466 402 589 430 omne
612 389 843 431 inmensum
866 390 1099 447 peragravit
1119 396 1257 431 mente
1278 389 1511 446 animoque:

299 462 427 505 Unde
448 463 570 505 refert
590 464 711 505 nobis
730 464 877 514 victor,
900 464 996 519 quid
1019 465 1147 519 possit
1168 463 1282 514 oriri,

296 537 411 586 Quid
431 546 624 593 nequeat3
659 537 777 578 finita
796 544 974 592 potestas
995 538 1172 594 denique
1192 538 1370 594 quoique

298 611 394 660 Qua
417 627 513 652 nam
533 612 585 652 sit
605 612 780 661 ratione,
806 619 928 666 atque
948 611 1027 652 alte
1047 613 1246 653 terminus
1265 612 1440 655 haerens.

186 757 251 791 Ονςῃ
263 754 288 780 δε
297 759 402 790 πλευρως
414 763 440 781 τε
451 764 498 781 και
508 763 585 789 texte.
595 755 748 790 amm-egum

188 806 345 833 Μωστιεται,
357 802 378 829 ἔε
390 802 412 828 δ’
424 812 496 828 αυτον
509 812 626 837 margum
637 802 816 836 μωχεσοισθσιι.

928 752 1074 784 Hilarius
1095 754 1191 785 etiam
1214 755 1249 785 in
1264 755 1416 796 genesIm‚
1441 765 1503 786 ver·
1521 757 1571 787 77.
1595 765 1659 786 non

927 810 974 835 est
989 805 1063 836 huic
1077 806 1218 837 Lucretii
1241 807 1309 837 loco
1324 807 1458 845 alienus,
1474 813 1505 838 et
1519 807 1558 837 ad
1574 807 1659 838 hunc

151 856 269 889 Ιηνίιᾶε
285 862 391 887 autem
406 862 562 886 contracte
584 866 640 895 pro
666 858 821 895 inritavit,
847 861 884 886 ut
927 858 1061 888 modum
1077 859 1262 890 emendatus
1277 860 1339 901 legi
1355 860 1460 891 debet:

153 908 289 946 videtur3
307 915 337 939 et
352 909 395 939 sic
411 909 525 948 iterum
541 914 646 939 noster
661 909 695 938 in
710 909 748 940 vi.
766 911 837 940 586.

407 974 472 998 quas
483 968 573 992 exitus
584 967 653 991 hicc’
664 967 765 991 animai·

211 1007 348 1032 Disturbdt
360 1007 455 1032 urbeis.

192 1056 266 1088 Ver.
283 1060 333 1088 73.
350 1059 451 1088 vivida
467 1058 512 1088 vis
527 1059 627 1087 αηὶιηὶ
635 1071 645 1088 .·
664 1067 760 1098 quam
776 1057 881 1087 Arno-

152 1108 232 1144 hius,
256 1107 309 1139 lib.
331 1119 359 1138 v.
377 1119 408 1147 p.
430 1111 498 1140 179.
522 1113 609 1138 vocat
624 1110 744 1147 ingenii
765 1110 878 1139 vivaci-

149 1166 254 1197 tatem,
271 1166 302 1189 et
313 1159 378 1199 ipse
388 1159 477 1189 aliter
489 1159 669 1189 nominavit
677 1170 769 1199 supra
781 1171 881 1190 acrem

154 1213 295 1242 virtutem
311 1213 419 1241 animi.
461 1210 629 1250 Virgilius,
652 1211 727 1240 AEn.
751 1210 792 1241 xi.
808 1214 882 1241 386.

407 1269 487 1294 Possit
498 1269 562 1300 quid
573 1268 678 1293 vivida
691 1269 791 1299 virtus,

211 1309 355 1341 Experiare
365 1309 437 1333 licet.

148 1358 211 1389 Pro
224 1358 337 1396 vivida,
355 1365 397 1388 Π.
415 1359 543 1396 vividas,
560 1368 663 1388 errore
677 1368 791 1389 crasso.

192 1408 266 1439 Ver·
281 1412 541 1451 74.flammantia
553 1412 664 1440 moenia
674 1411 802 1440 mundi:
820 1409 840 1440 i.
850 1420 877 1440 e-

146 1460 290 1491 flammas
311 1461 462 1498 aetherias,
486 1472 556 1502 quae
572 1461 688 1492 vallant
709 1461 876 1492 mundum.

147 1512 234 1543 Loco
248 1512 353 1543 lucem
367 1513 547 1553 impertient
558 1513 669 1554 optimi
682 1524 788 1544 versus
804 1514 877 1544 Ma-

149 1563 233 1601 nilii,
249 1563 268 1594 i.
288 1567 358 1596 149.

180 1623 249 1656 Ignis
260 1624 287 1648 in
299 1624 414 1649 aetherias
426 1626 535 1651 volucer
546 1633 573 1651 se
584 1626 690 1650 sustulit
701 1633 757 1650 oras
763 1632 775 1653 ;

179 1666 345 1695 Summaque
356 1665 516 1696 complexus
526 1664 648 1689 stellantis
657 1664 775 1689 culmina
788 1663 853 1694 coelt',

179 1703 349 1728 Flammarum
362 1704 436 1728 vallo
448 1708 553 1729 natura:
566 1703 658 1728 moem'a
670 1703 746 1729 fecit.

149 1751 202 1782 Ita
215 1752 387 1793 legendum
414 1753 593 1783 detexeram
623 1762 697 1782 cum
725 1750 882 1781 Bentleio.

149 1804 261 1845 Longe
275 1804 362 1834 aliud
378 1809 424 1833 est
439 1805 573 1834 oetkerz'oe
590 1814 696 1837 aurae;
716 1802 779 1831 illae
794 1811 883 1831 nem-

150 1865 201 1894 pe,
224 1855 338 1895 quibus
352 1854 507 1884 vescimur
522 1859 553 1883 et
567 1853 701 1882 vivimus
715 1852 884 1889 mortales3

153 1912 190 1936 ut
200 1906 291 1946 Virg.
310 1906 384 1935 AEn.
400 1905 421 1935 i.
437 1908 508 1935 546.
527 1905 652 1943 Noster,
676 1904 718 1935 vi.
733 1908 786 1934 86.

182 1966 252 1997 Quae
263 1972 342 1997 supra
354 1968 435 1997 caput
447 1964 554 1989 ether-iis
566 1968 713 1989 cernuntur
722 1964 748 1987 in
761 1963 819 1987 oris.

154 2013 309 2045 IManilius
327 2012 480 2043 Ovidium
496 2018 619 2042 secutus
634 2018 692 2050 est,
708 2018 781 2043 met.
798 2013 817 2043 i.
831 2016 881 2043 26.

183 2075 260 2104 Ignea
271 2071 390 2096 convexi
403 2071 449 2095 vis
460 2075 488 2096 et
499 2071 555 2096 sine
563 2072 682 2103 pondere
691 2071 746 2096 coeli

182 2111 309 2142 Emicuit,
319 2111 476 2143 summdque
487 2112 578 2136 locum
589 2112 637 2135 sibi
649 2112 713 2143 legit
725 2112 751 2136 in
764 2119 831 2136 arce.

150 2161 203 2192 Ex
224 2161 284 2191 hoc
300 2166 408 2191 autem
421 2159 563 2190 Lucretii
576 2159 728 2190 versiculo
750 2170 815 2190 non
831 2159 880 2190 ni-

152 2212 199 2243 hil
213 2212 303 2243 stilus
314 2211 438 2252 Papinii
454 2211 572 2249 libavit,
589 2211 622 2241 in
634 2211 699 2242 silv·
711 2211 749 2241 ἰν.
765 2215 795 2242 5.
811 2214 882 2243 156.

245 2271 306 2301 Ibis,
318 2270 371 2302 qua
383 2277 465 2302 vagus
478 2269 613 2300 Hercules,
625 2273 652 2294 et
664 2271 749 2300 Evan,

245 2311 318 2335 Ultra
330 2310 422 2340 sidera,
427 2310 627 2341 flammeumque
638 2310 724 2340 solem,

246 2351 278 2374 Et
290 2350 341 2374 Nili
351 2353 444 2381 caput,
456 2352 483 2374 et
495 2349 568 2374 nives
580 2348 708 2373 Atlantis:

154 2398 209 2429 ubi
220 2398 349 2428 fortasse
360 2398 431 2428 falsi
443 2397 563 2428 fuerint
572 2397 690 2428 librarii
706 2397 881 2437 scriptoreS,

154 2456 187 2481 et
201 2460 352 2488 reponere
367 2449 528 2488 debemus,

215 2509 293 2533 Ultra
303 2509 398 2538 sidera,
412 2509 625 2541 flammeumque
635 2508 721 2538 edem
728 2515 741 2536 ι·

153 2560 193 2590 ob
218 2557 506 2588 manifestissimam
534 2568 589 2597 per
621 2568 749 2588 omnem
777 2557 882 2588 locum

155 2610 303 2642 Maronis
318 2609 540 2647 imitationem,
558 2610 633 2639 ΖΕΗ.
648 2609 686 2639 vi.
705 2611 776 2640 795.

410 2675 488 2698 super
500 2672 527 2692 et
539 2668 715 2691 Garamantas
725 2671 752 2692 et
765 2667 840 2692 Indos

181 2707 300 2733 proferet
312 2707 466 2739 imperium.
501 2708 575 2738 Jacet
588 2710 662 2731 extra
673 2706 755 2731 sidera
764 2707 852 2737 tellus,

181 2749 268 2773 Extra
279 2748 342 2772 anni
352 2747 464 2778 solisque
476 2747 550 2777 vias,
561 2747 607 2771 ubi
619 2747 723 2772 coelifer
733 2748 805 2771 Atlas

958 910 1054 941 Igneus
1065 910 1108 935 ille
1115 911 1194 941 jubar
1204 911 1335 942 praecelso
1347 910 1448 935 vertice
1458 910 1539 941 tollit,

958 949 1010 973 Ore
1020 950 1116 974 rubens
1128 949 1238 981 patulo:
1256 949 1310 973 coeli
1321 956 1369 981 per
1377 950 1470 974 moenia
1484 950 1580 981 fertur,

957 990 1098 1014 Astrorum
1107 990 1315 1020 ductor‚mundi
1324 990 1401 1021 vigor
1409 994 1491 1022 atque
1499 991 1656 1016 elcmentzim.

929 1029 1041 1070 Vulgo
1056 1029 1184 1070 legitur,
1199 1032 1344 1061 elementa
1353 1045 1363 1066 ;
1384 1041 1442 1061 nec
1457 1038 1574 1070 puncta
1588 1042 1659 1071 pro-

925 1083 964 1112 be
989 1082 1208 1121 disponuntur.
1254 1083 1366 1120 Porro,
1391 1093 1450 1122 pro
1472 1086 1597 1122 maenia,
1624 1089 1659 1116 Σ.

926 1135 1064 1168 lamma,-
1083 1139 1114 1163 et
1123 1144 1180 1172 pro
1194 1136 1314 1169 mundi,
1332 1140 1369 1164 Δ.
1387 1137 1503 1165 mondc'.

970 1184 1046 1214 Ver.
1063 1186 1112 1214 75.
1128 1195 1233 1214 omne:
1256 1184 1295 1214 G.
1312 1184 1353 1214 V.
1366 1184 1415 1214 ed.
1432 1185 1470 1215 L.
1487 1190 1522 1216 Σ.
1534 1197 1659 1216 omnem.

970 1234 1054 1265 Ibid.
1062 1237 1243 1275 peragravit
1256 1241 1362 1265 mente.
1402 1235 1522 1274 Cicero,
1534 1236 1573 1266 de
1584 1236 1660 1266 finn.

928 1287 960 1318 ii.
975 1291 1026 1318 51.
1043 1291 1064 1305 “
1088 1287 1170 1317 Haec
1185 1297 1249 1317 non
1273 1293 1362 1317 erant
1384 1287 1464 1328 ejus,
1487 1288 1541 1329 qui
1563 1288 1659 1319 innu-

924 1342 947 1358 “
964 1339 1129 1369 merabiles
1154 1341 1295 1378 mundos,
1334 1339 1535 1381 infinitasque
1557 1341 1659 1382 regio-

925 1394 946 1409 “
963 1401 1029 1427 nes,
1040 1401 1174 1431 quarum
1186 1390 1275 1421 nulla
1289 1396 1368 1421 esset
1379 1401 1444 1428 ora,
1461 1392 1549 1422 nulla
1558 1399 1658 1424 extre-

924 1438 946 1452 “
961 1434 1064 1471 mitas,
1080 1440 1178 1465 mente
1188 1434 1444 1474 pe7·agravl'.sset.”
1476 1435 1519 1465 Et
1533 1437 1607 1466 satis
1621 1436 1659 1466 li-

921 1492 995 1528 quet
1006 1497 1043 1516 ex
1056 1486 1205 1516 orationis
1216 1486 1305 1525 serie,
1318 1487 1380 1517 huc
1389 1486 1496 1517 oculos
1507 1493 1539 1518 et
1553 1488 1660 1519 Hora-

921 1538 1003 1568 tium
1018 1537 1214 1576 convertisse,
1231 1548 1269 1567 ex
1285 1537 1374 1578 epist.
1391 1538 1411 1568 i.
1431 1542 1480 1569 14.
1499 1544 1529 1570 9.

1215 1599 1309 1621 tamen
1320 1597 1388 1621 istuc
1401 1604 1470 1621 mens
1481 1597 1630 1630 animusque

957 1637 1029 1666 Fert,
1041 1640 1068 1661 et
1080 1639 1142 1661 avet
1153 1636 1242 1668 spatiis
1252 1635 1377 1660 obstantia
1389 1640 1504 1668 rumpere
1515 1637 1636 1661 claustra.

971 1686 1052 1717 Ibid.
1074 1693 1171 1717 mente
1188 1688 1360 1726 animoque.
1407 1685 1481 1715 Hac
1503 1686 1598 1716 etiam
1613 1692 1659 1716 te-

928 1749 988 1768 nus
1009 1738 1097 1778 sequi
1120 1737 1219 1767 voluit
1240 1737 1427 1778 magistrum
1451 1737 1658 1774 lVIantuanus‚

928 1790 1003 1819 AEn.
1017 1789 1037 1819 i.
1054 1792 1126 1819 504.

1154 1847 1185 1870 In
1197 1846 1288 1878 primis
1298 1847 1390 1879 regina
1402 1847 1525 1878 quietum

957 1886 1065 1918 Adcipit
1075 1886 1102 1909 in
1113 1887 1235 1911 Teucros
1255 1885 1380 1916 animum,
1397 1890 1550 1918 mentemque
1567 1887 1658 1920 benig-

1050 1931 1125 1949 nam.

969 1974 1043 2005 Ver.
1060 1978 1109 2006 76.
1124 1975 1218 2015 refirt
1232 1977 1316 2006 nobis
1338 1977 1440 2007 victor.
1484 1977 1659 2008 Lambinus

925 2026 1055 2065 optime:
1084 2029 1107 2044 “
1124 2026 1196 2066 Ego
1211 2026 1324 2068 referre
1346 2027 1490 2058 hocloco
1512 2028 1556 2058 sic
1577 2029 1657 2059 acci-

927 2081 947 2095 “
962 2077 1114 2117 piendum
1136 2083 1224 2117 puto,
1247 2084 1283 2108 ut
1298 2078 1383 2118 apud
1406 2078 1495 2118 Virg.
1519 2080 1594 2110 AEn.
1618 2080 1658 2111 iv.

926 2133 948 2148 “
964 2133 1036 2161 614.

947 2184 969 2200 ‘⁵
986 2181 1158 2222 Egregiam
1172 2191 1245 2213 vero
1260 2182 1388 2213 laudem
1400 2188 1430 2213 et
1444 2185 1540 2223 spolia
1552 2184 1657 2223 ampla

925 2236 948 2252 “
963 2233 1102 2275 refertis:
1120 2244 1176 2273 pro
1191 2240 1347 2274 reportare
1353 2249 1364 2270 ;
1391 2240 1427 2263 ut
1442 2234 1481 2264 sit
1496 2234 1657 2264 translatio

926 2289 949 2304 “
965 2296 983 2315 a
998 2296 1031 2316 re
1045 2285 1209 2316 militari.‘’
1258 2286 1364 2327 Atque
1379 2286 1420 2316 ad
1435 2285 1572 2316 eundem
1587 2296 1655 2316 mo-

925 2337 1014 2375 dum,
1030 2343 1066 2367 ut
1076 2347 1131 2376 par
1146 2342 1223 2375 erat,
1239 2337 1316 2367 olim
1332 2337 1419 2368 Pius.

968 2389 1043 2419 Ver.
1061 2391 1111 2420 78.
1132 2386 1200 2424 Qaci
1215 2400 1288 2419 nam
1300 2402 1311 2420 .·
1332 2389 1372 2419 G.
1388 2389 1425 2419 P.
1444 2388 1481 2418 V.
1498 2387 1545 2418 ed.
1562 2388 1601 2418 B.
1620 2392 1656 2419 Δ.

928 2447 969 2471 Π.
990 2447 1034 2471 Ω.
1050 2447 1212 2481 quantum.

971 2492 1052 2523 Ibid.
1083 2495 1231 2524 terminus
1261 2495 1387 2523 lcaerens.

927 2544 1002 2574 AEn.
1018 2544 1058 2575 iv.
1074 2547 1147 2575 614.

957 2595 990 2618 Et
999 2594 1036 2619 sic
1047 2594 1105 2619 fata
1115 2595 1186 2626 Jovis
1197 2596 1322 2626 poscunt,
1334 2593 1378 2617 liic
1390 2592 1511 2616 terminus
1522 2593 1608 2617 haeret.

927 2635 1017 2666 Hinc
1042 2642 1149 2666 autem
1174 2635 1238 2664 vim
1263 2644 1353 2663 suam
1379 2643 1415 2663 ac
1437 2633 1655 2673 proprietatem

925 2692 1089 2716 mutuatur
1110 2685 1298 2716 vocabulum
1319 2687 1430 2720 lzaeret5
1456 2685 1540 2726 quod
1563 2695 1654 2725 agro-

926 2748 999 2767 rum
1012 2738 1150 2775 termini,
1167 2748 1221 2767 seu
1243 2736 1361 2776 lapides
1378 2736 1505 2773 fuerint,
1529 2737 1592 2767 sive
1606 2748 1655 2767 ar-

1447 2492 1655 2530 Mantuanus,

181 2789 273 2814 Axem
282 2788 395 2812 humero
402 2790 522 2818 torquet,
530 2787 877 2818 stellisardentibusaptum.
922 2789 1026 2826 bores,
1042 2788 1107 2818 5010
1122 2788 1339 2828 infigerentur,
1354 2794 1385 2818 et
1400 2790 1592 2819 inlloergrgnt,

182 2827 266 2858 Hujus
276 2827 303 2850 in
314 2826 462 2851 adventum
472 2827 528 2858 jam
541 2833 612 2851 nunc
625 2831 652 2851 et
665 2827 758 2858 Caspia
768 2834 850 2859 regna

183 2867 321 2899 Responsis
331 2867 441 2892 horrent
453 2867 564 2897 divfim5
582 2871 609 2892 et
620 2867 731 2891 Maeotia
741 2867 830 2897 tenus,

184 2907 217 2930 Et
227 2907 433 2939 septemgemini
444 2907 553 2931 turbant
565 2906 668 2938 trepida
680 2907 745 2931 ostia
756 2906 817 2931 Nili.

185 2947 239 2971 Nec
249 2953 312 2972 vero
324 2946 422 2973 Alcides
434 2949 542 2971 tantum
555 2945 655 2971 telluris
667 2946 759 2971 obivit.

967 2839 1040 2870 Ver.
1053 2843 1103 2871 79.
1113 2841 1242 2880 pedibus
1257 2835 1398 2880 suly'ecta.
1438 2839 1594 2870 Credibile
1611 2845 1657 2869 est

927 2890 1099 2931 Virgilium
1129 2891 1313 2921 convertisse
1343 2891 1486 2921 animum
1515 2891 1549 2920 in
1572 2892 1654 2920 hanc

925 2942 1126 2984 magnificam
1138 2943 1266 2984 Epicuri
1279 2943 1492 2974 laudationem
1508 2953 1525 2973 e
1536 2952 1603 2983 geo.
1623 2941 1667 2973 ii..
