1894 3253
218 272 248 312 01

252 273 280 312 10

721 266 781 313 Τ.
837 265 1220 315 LUCRETII

363 396 408 439 Si
429 396 591 452 penitus
610 396 776 450 perimit
796 411 1041 439 consumens
1060 399 1274 440 materiem
1293 412 1475 450 omnem,

363 470 490 512 Unde
510 469 685 511 animale
704 486 834 527 genus
853 473 1081 529 generatim
1101 473 1145 513 in
1165 473 1320 514 lumina
1339 473 1434 515 vitae

363 544 542 586 Reducit
562 545 704 586 Venus
711 563 723 596 3
757 554 797 588 et
816 547 1033 589 reductum
1054 548 1214 590 daedala
1233 548 1349 590 tellus

259 701 332 730 Ver.
350 703 422 730 250.
446 701 606 730 Punctum
622 701 785 732 Bentleius
801 717 842 743 τῳ
854 715 945 743 gene-

214 754 308 782 ratim
337 751 590 790 postponendum
611 752 713 792 jubet,
741 755 795 784 sed
815 756 946 786 omnino

215 804 310 834 male:
333 804 391 833 hoc
407 804 492 834 enim
507 804 584 834 dicit
598 806 707 843 po'e'ta:
735 812 754 823 “
767 805 861 837 Unde
877 807 944 837 ani-

215 860 237 874 “
252 856 359 894 malin,
384 867 441 886 suo
464 857 610 897 quodque
636 869 762 898 genere,
788 860 821 889 in
843 860 946 890 lucem

214 912 237 927 “
253 908 468 947 reducuntur3
493 915 524 938 et
546 910 678 948 pabulis,
702 912 815 951 cuique
837 913 946 951 generi

213 964 234 977 “
249 959 517 999 convenientibus,
540 961 800 993 sustentantur?'’
828 963 944 993 Confe-

213 1020 262 1040 ras
277 1021 338 1041 ver.
358 1013 427 1042 165.

255 1062 329 1093 Ver.
356 1066 426 1093 251.
454 1065 609 1103 ingenuei.
660 1063 709 1094 Sic
734 1064 791 1094 soli
812 1065 943 1095 castissi-

210 1113 264 1144 ma
280 1115 501 1155 orthographia
521 1116 557 1146 B.
574 1116 610 1146 L.
629 1116 676 1146 M.
693 1118 823 1156 ingenii,
838 1117 878 1147 V.
894 1118 943 1148 ed.

209 1167 355 1206 ingeniti,
369 1167 406 1196 P.
423 1166 461 1196 de
476 1166 539 1206 quit
554 1166 687 1196 lectione
703 1167 746 1197 sic
762 1167 941 1199 Bentleius:

210 1220 233 1235 “
257 1217 398 1253 Quidam
435 1218 555 1248 codices
597 1221 738 1257 ingeniti.
807 1219 944 1258 Optime.

210 1271 233 1286 “
250 1268 346 1298 Unde
364 1279 462 1306 mare,
488 1269 603 1309 inquit,
637 1272 687 1300 sui
714 1269 816 1299 fontes
839 1276 870 1300 et
886 1271 943 1300 flu-

212 1323 234 1338 “
250 1320 339 1350 mina
354 1326 483 1350 externa
498 1320 697 1360 suppeditant
713 1327 744 1351 et
759 1321 917 1362 integrant
931 1322 942 1354 ἓ

209 1375 232 1391 “
249 1371 334 1402 Vide
350 1383 413 1402 ver.
434 1375 525 1403 1051.
542 1372 575 1403 ii.
590 1376 662 1404 591.
678 1373 716 1404 vi.
733 1374 827 1404 615.”

211 1424 379 1454 Hactenus
394 1425 440 1454 vir
454 1424 672 1462 acutissimus;
696 1426 828 1455 omnino
839 1426 942 1456 infeli-

210 1476 299 1514 citer,
312 1487 413 1517 neque
427 1487 492 1516 prae
502 1476 942 1518 librisintegerrimisaudien-

209 1527 269 1557 dus
279 1527 390 1558 editori
406 1533 516 1565 caut03
533 1528 658 1568 qualem
671 1530 710 1559 ab
723 1529 944 1560 immutatione

209 1578 312 1608 textus
327 1578 417 1609 facile
440 1579 625 1609 deterruerit
651 1579 698 1609 vel
714 1580 844 1610 unicum
872 1581 940 1610 Au-

209 1629 290 1659 sonii
306 1630 535 1668 testimonium,
551 1630 584 1660 in
602 1630 727 1661 Riosell.
744 1634 794 1662 65.

240 1690 334 1719 thue
344 1689 392 1712 sub
403 1688 518 1720 ingenuis
529 1688 638 1720 agitatae
650 1690 768 1720 fontibus
781 1691 873 1716 herbae

238 1728 379 1753 vibrantes
390 1729 530 1760 patiuntur
542 1736 632 1759 aquas.

212 1779 408 1820 Suffragetur
422 1779 518 1809 etiam
529 1779 733 1816 Prudentius,
749 1781 882 1811 cathem.
898 1781 940 1811 iii.

208 1834 258 1862 51.

303 1882 402 1906 Fundit
414 1885 468 1913 opes
479 1889 542 1913 ager
553 1882 686 1913 ingenuas,

302 1923 382 1948 Dives
393 1924 531 1948 aristiferae
544 1926 639 1956 segetis
649 1933 655 1949 ε

208 1973 231 2003 i.
248 1983 276 2003 e.
298 1984 404 2012 puraS,
429 1974 598 2012 simplices,
623 1975 763 2012 nativas3
788 1986 852 2006 non
876 1983 942 2007 arte

207 2024 364 2064 quaesitas,
388 2029 419 2054 et
434 2024 557 2062 labore3
581 2025 641 2062 vel,
665 2031 700 2054 ut
716 2036 789 2055 cum
805 2026 943 2066 Virgilio

208 2075 330 2116 loquar,

467 2140 531 2164 quas
542 2133 596 2165 ipsa
607 2133 725 2159 volentia
736 2141 797 2159 rura

270 2177 370 2206 Sponte
385 2174 470 2198 tulere
481 2173 537 2197 sua.

209 2223 361 2255 Similiter
376 2223 518 2261 Boetius,
534 2223 589 2254 lib.
604 2223 648 2254 iii.
668 2229 740 2254 met.
759 2227 785 2254 l.
802 2223 869 2254 init.

269 2284 323 2315 Qui
333 2290 418 2308 serere
429 2283 567 2315 ingenuum
579 2283 651 2308 volet
663 2291 764 2315 agrum,

267 2325 375 2350 Liberat
386 2332 449 2349 arva
459 2325 531 2356 prius
543 2324 692 2349 fruticibus.

208 2375 321 2416 Neque
347 2376 468 2406 abludit
497 2375 618 2415 lepidus
649 2376 670 2407 J
673 2375 814 2406 uvenalis
843 2375 940 2412 locuS,

207 2427 261 2467 qui
278 2438 379 2468 neque
395 2428 491 2458 Pium
505 2427 609 2465 latuit,
625 2433 679 2458 sat.
696 2427 740 2457 iii.
761 2432 810 2458 20.

208 2486 239 2509 In
250 2485 347 2511 vallem
360 2487 462 2519 Egeriae
475 2486 670 2516 descendimm,
681 2491 708 2512 et
719 2487 858 2518 speluncas

210 2526 348 2550 Dissimiles
360 2526 432 2551 veris
444 2535 452 2552 .-
472 2530 574 2557 quanto
585 2527 755 2558 praestantius
766 2530 833 2551 esset

210 2567 316 2591 Numen
328 2574 418 2598 aquae,
427 2567 505 2591 viridi
515 2568 536 2591 si
548 2567 668 2598 margine
680 2567 800 2592 eluderet
811 2567 895 2591 undas

209 2605 306 2634 Herba,
318 2612 367 2630 nec
378 2606 515 2638 ingenuum
527 2607 658 2632 violarent
669 2614 805 2631 marmora
820 2607 919 2639 tophum
928 2607 941 2631 ἒ

216 2652 392 2693 Grangaeus
407 2666 464 2694 pro
474 2658 677 2696 proestantius
692 2656 845 2696 conjectat
857 2668 942 2697 prae-

210 2705 345 2738 sentia&
374 2707 458 2745 quod
480 2709 608 2746 probem
631 2708 788 2749 equidem,
811 2707 942 2746 caeteris,

215 2755 263 2784 uti
289 2765 375 2786 nunc
404 2756 564 2798 leguntur,
595 2761 763 2791 stantibus:
799 2760 852 2791 sed
880 2760 943 2790 loci

209 2806 296 2836 color
309 2807 389 2837 mihi
404 2809 494 2839 aliter
508 2813 674 2849 persuadet
689 2813 753 2843 veri
774 2823 839 2843 esse
854 2812 940 2843 simi-

210 2857 255 2888 les
269 2858 477 2890 divinationes
492 2868 626 2893 nostras:

499 2924 600 2951 quanto
611 2923 782 2954 praestantius
792 2922 849 2947 isset

272 2958 373 2985 Hitmen
385 2967 462 2991 aqua:
473 2968 480 2986 ε

990 705 1011 736 i.
1027 716 1052 736 e.
1077 706 1189 745 purius
1211 706 1405 748 suaviusque.
1449 708 1622 746 Ingenuum
1647 717 1721 737 vero

989 761 1121 798 tophum,
1139 767 1281 799 αυηφυη,
1306 770 1407 800 neque
1422 758 1630 798 lapicidarum
1644 759 1719 790 arti-

990 807 1068 839 ficiis
1093 810 1294 848 solicitatum,
1320 816 1413 851 atque
1439 811 1631 850 expolitum3
1655 821 1721 841 sca-

989 863 1083 892 brum
1109 861 1254 902 denique,
1281 863 1321 893 ad
1346 863 1637 902 interpretationem
1672 863 1721 894 Si-

989 914 1078 944 donii
1097 915 1300 953 Apollinaris,
1318 926 1346 945 v.
1365 920 1417 946 26.

1214 974 1293 998 scabri
1304 974 1377 999 fusus
1393 976 1441 999 sub
1453 975 1562 1007 pumice
1573 976 1648 1008 tophi.

991 1021 1109 1051 Confer
1131 1022 1180 1052 his
1205 1028 1344 1052 nostram
1372 1023 1444 1054 Silv.
1464 1024 1542 1054 Crit.
1559 1034 1586 1054 v.
1602 1035 1631 1063 p.
1651 1027 1720 1056 158.

989 1083 1062 1103 cum
1079 1074 1338 1104 Drakenborchio
1354 1074 1393 1104 ad
1409 1074 1475 1104 Liv.
1494 1075 1535 1105 iv,
1552 1079 1603 1106 50.

989 1124 1086 1164 ErgO,
1100 1125 1206 1166 fontes
1232 1128 1362 1165 ingenui
1383 1132 1459 1156 sunt
1480 1126 1594 1167 integri
1611 1133 1641 1157 et
1655 1127 1721 1158 sin-

989 1176 1050 1205 ceri
1067 1176 1182 1214 fontes;
1206 1188 1300 1207 merae
1316 1178 1519 1218 scaturigines
1540 1178 1636 1218 ipsius
1658 1185 1720 1209 ter-

988 1238 1047 1265 rae;
1070 1239 1134 1258 non
1151 1231 1294 1267 turbatae,
1311 1240 1374 1259 non
1391 1231 1581 1261 commixtae.
1621 1231 1722 1264 Nobis

988 1279 1110 1310 videtur
1126 1281 1222 1310 nimis
1236 1287 1387 1321 argutum
1405 1296 1437 1312 το
1453 1285 1596 1322 ingeniti.

991 1330 1161 1369 Caeterum,
1177 1331 1231 1372 qui
1243 1333 1391 1363 Lucretio
1407 1339 1452 1363 est
1463 1334 1541 1374 fons
1556 1337 1721 1374 ingenuus,

988 1382 1126 1412 incertus
1155 1389 1264 1413 auctor
1295 1385 1390 1424 Copae
1417 1391 1507 1415 vocat
1535 1389 1720 1426 virgineum,

989 1445 1050 1466 ver.
1072 1438 1119 1466 15.

1049 1496 1082 1519 Et
1092 1501 1156 1526 quae
1169 1495 1287 1527 virgineo
1299 1496 1379 1521 libata
1391 1497 1517 1522 Achelo'is
1530 1499 1563 1522 ab
1574 1505 1648 1523 amne

1082 1536 1149 1560 Lilia
1161 1536 1283 1561 vimineis
1293 1537 1390 1562 adtulit
1406 1538 1433 1561 in
1444 1538 1564 1563 calathis.

992 1592 1158 1622 Immerito
1200 1597 1357 1631 suspectas
1393 1593 1503 1622 habuit
1539 1593 1596 1622 has
1631 1603 1722 1624 voces

988 1644 1153 1680 Heinsius,
1192 1643 1247 1673 sed
1282 1644 1434 1682 probante
1463 1645 1650 1675 Burmanno
1680 1645 1721 1675 ad

988 1695 1087 1726 Anth.
1104 1695 1171 1725 Lat.
1189 1695 1211 1725 i.
1238 1705 1267 1734 p.
1285 1697 1356 1725 714.
1401 1695 1488 1730 Quid
1507 1695 1593 1725 enim
1615 1695 1720 1736 magis

987 1747 1148 1786 proprium
1165 1746 1227 1777 dici
1249 1746 1345 1785 possit
1364 1746 1539 1785 epithetum
1555 1748 1722 1787 Nympha-

987 1809 1055 1828 rum
1068 1799 1085 1827 ?
1119 1797 1266 1828 Clemens
1289 1797 1535 1836 Alexandrinus,
1563 1803 1671 1829 strom.
1695 1797 1719 1828 i.

989 1863 1020 1893 p.
1038 1857 1110 1884 521.
1128 1867 1182 1893 ’γῆν
1199 1855 1343 1894 παρθενιαν
1358 1858 1524 1882 memorat:
1551 1852 1605 1882 sed
1620 1852 1720 1882 maxi-

988 1917 1040 1937 me
1060 1907 1219 1947 appositus
1241 1912 1287 1936 est
1304 1906 1472 1946 AEschylus
1494 1906 1528 1935 in
1545 1905 1630 1936 Pers.
1647 1907 1719 1936 615.

987 1958 1042 1988 ubi
1058 1969 1152 1988 cassae
1168 1957 1390 1988 constructioni
1402 1968 1458 1997 per
1468 1956 1723 1987 emendationem

987 2009 1113 2039 facilem
1129 2008 1380 2039 subveniendum
1397 2013 1457 2039 est:

986 2076 1043 2102 ’Τῆς
1057 2073 1078 2099 τ’
1094 2073 1237 2108 ωνθεμκξγκ
1250 2082 1375 2106 σταγμσι,
1389 2081 1511 2107 tralucentes
1521 2077 1590 2107 μελι,

987 2120 1093 2148 Aream»
1105 2122 1220 2157 ιἰὂξηλαις
1238 2123 1431 2147 ΠΑΡΘΕΝΟΥ
1441 2122 1563 2146 ΠΗΓΗΣ
1579 2120 1677 2146 ΜΙΓΑ.

985 2175 1107 2215 Vulgo,
1120 2189 1207 2215 μετα.
1254 2176 1428 2212 Homerus,
1453 2173 1491 2204 11.
1510 2180 1550 2205 Θ.
1567 2176 1641 2204 457.

1064 2230 1144 2262 Μιγδ’
1158 2236 1257 2257 αλλοισι
1275 2231 1362 2256 Saum.

991 2276 1137 2315 Orpheus
1153 2276 1259 2314 etiam,
1269 2276 1401 2316 'Argon-
1418 2279 1490 2305 558.

986 2334 1124 2368 Λαιψκςες
1139 2333 1161 2359 τ’
1173 2343 1275 2367 mest-085,
1292 2334 1383 2368 Αυςαις
1405 2334 1493 2358 ΜΙΓΑ
1506 2342 1694 2368 χςυσεοταιξσως
1705 2343 1715 2360 .-

985 2385 1022 2409 ut
1038 2379 1122 2410 idem
1138 2378 1212 2409 alibi
1231 2378 1301 2418 plus
1324 2378 1432 2409 semel.
1481 2378 1541 2408 Ille
1558 2379 1717 2408 Burman-

985 2441 1046 2461 nus
1063 2430 1244 2461 subdubitat
1258 2430 1297 2460 de
1311 2430 1414 2469 phrasi
1429 2431 1524 2460 libata
1541 2442 1640 2467 amne,
1662 2439 1718 2469 per

986 2495 1018 2515 se
1040 2484 1192 2514 nimirum
1215 2483 1347 2513 minime
1370 2482 1577 2523 ambigend313
1600 2483 1640 2513 de
1654 2491 1717 2523 quo

986 2536 1042 2566 tibi
1057 2535 1152 2565 fuerit
1166 2535 1429 2575 locupletissimus
1443 2534 1530 2564 testis
1540 2534 1630 2573 po‘eta
1644 2543 1716 2563 nos-

986 2596 1043 2628 ter,
1065 2588 1104 2619 ad
1121 2599 1145 2618 V.
1164 2592 1236 2619 261.
1258 2587 1312 2617 ubi
1329 2587 1367 2617 de
1386 2586 1559 2617 rodentibus
1574 2584 1713 2614 flumini-

985 2645 1044 2674 bus
1062 2650 1127 2674 erat
1146 2643 1282 2673 locutus:

1048 2703 1117 2734 Ergo
1129 2705 1200 2727 terra
1210 2701 1259 2726 tibi
1269 2700 1364 2725 libatur
1374 2703 1401 2724 et
1412 2701 1491 2723 aucta
1501 2696 1633 2722 recrescit.

988 2755 1099 2791 Quum
1127 2764 1201 2784 vero
1229 2752 1355 2783 nullum
1385 2749 1497 2779 efficiat
1524 2747 1713 2778 laudabilem

988 2818 1116 2838 sensum
1132 2807 1164 2837 in
1181 2807 1240 2836 hoc
1255 2805 1333 2840 loco,
1350 2812 1444 2843 quem
1458 2807 1638 2839 tractamus,
1654 2800 1714 2830 ista

986 2861 1093 2898 dictio,
1118 2858 1289 2900 legendum
1303 2857 1365 2886 aio:

1120 2917 1239 2950 virgineo
1252 2915 1332 2940 libata
1343 2912 1468 2939 Achelois
1478 2912 1510 2937 ab
1522 2918 1604 2944 ungue

1018 2959 1094 2984 hilda.
