1894 3253
548 230 783 278 LIBER
837 228 1255 278 SECUNDUS.

1560 237 1650 277 :369

298 363 391 418 Ipse
412 378 503 404 suas
525 363 746 413 disturbet3
779 371 834 413 et,
857 363 900 403 in
921 363 1081 403 deserta
1101 361 1295 403 recedens

298 439 465 487 Saeviat,
488 452 681 478 exercens
702 438 846 486 telum3
881 436 993 491 quod
1014 451 1122 490 saepe
1143 436 1351 477 nocenteis

298 512 503 562 Praeterst,
526 513 816 568 exanimatque
835 511 1043 569 indignos,
1065 512 1191 567 inque
1211 512 1450 554 mercnteis?

357 585 590 643 Multaque,
612 594 706 642 post
725 586 871 628 mundi
891 595 1053 642 tempus
1073 587 1264 644 genitale,
1286 586 1478 644 diemque

158 667 262 703 1105
296 661 580 718 Primigenum
602 661 741 713 maris,
764 669 804 702 et
824 669 961 712 terrae,
984 661 1173 717 solisque,
1196 669 1401 712 coortum,

642 833 690 859 Ille
701 834 825 867 flagranti

166 878 221 902 Aut
233 876 316 906 Atho,
326 879 373 900 aut
384 875 544 907 Rhodopen,
555 879 602 900 aut
615 876 670 900 alta
681 878 823 907 Ceraunia,
834 877 880 903 telo

166 916 277 946 Dejicit:

152 994 183 1019 et
201 988 418 1024 Germanicus,
430 999 492 1019 ver.
504 992 576 1019 432.
593 990 797 1028 Arateorum,
807 990 882 1020 Vir-

152 1041 266 1082 gilium
281 1041 432 1077 imitatus‚
449 1041 482 1072 in
497 1041 567 1072 loco
582 1041 758 1083 insignibus
773 1043 883 1074 errori-

150 1095 210 1124 bus
225 1093 398 1132 deturpato:

184 1181 330 1211 AEgoceros
341 1179 449 1208 imbres,
459 1183 498 1208 et,
510 1179 604 1204 crebro
605 1179 721 1210 fulmine
732 1183 835 1211 ruptos,

183 1220 303 1244 Nubibus
313 1220 395 1244 elidet
405 1219 517 1249 sonitus,
528 1219 700 1250 tremuloque
712 1220 798 1245 nitore

180 1260 324 1293 Flagrantis
334 1260 376 1285 teli
386 1260 511 1285 mortalia
521 1260 619 1284 lumina
632 1260 732 1285 vincet.

150 1344 271 1385 Vulgo,
288 1346 416 1382 lumine,
432 1346 561 1374 numina
577 1345 706 1374 vincent.
745 1343 797 1374 De
811 1354 880 1383 per-

149 1396 278 1426 mutatis
291 1407 404 1426 numen
420 1401 452 1425 et
465 1397 580 1432 lumen,
603 1394 721 1434 inspice
738 1401 827 1425 notas
841 1395 882 1425 ad

151 1458 212 1478 ver.
229 1451 300 1479 740.
344 1448 389 1477 Et
411 1450 530 1477 vincere
553 1449 672 1476 lumina
695 1447 823 1487 elegans
838 1453 883 1476 est

150 1500 282 1537 locutio,
297 1509 353 1538 pro
370 1502 392 1517 “
405 1498 624 1538 praestringere
638 1498 792 1528 violenter
807 1509 881 1528 ocu-

152 1556 176 1570 “
191 1552 296 1584 lorum
322 1550 452 1582 aciem.‘'
498 1550 705 1591 Epigramma
732 1555 760 1581 6.
786 1550 838 1581 lib.
864 1551 883 1580 i.

155 1604 285 1636 Anthol.
301 1604 371 1634 Lat.
386 1604 498 1634 Burm.

183 1679 320 1710 Quaenam
342 1677 404 1701 haec
424 1676 530 1701 forma?
561 1676 620 1701 Dei.
655 1677 711 1701 Cur
731 1683 807 1702 versa
828 1678 882 1702 est?

276 1718 392 1749 Fulgura
402 1717 468 1741 lucis

214 1758 322 1783 Divinae
334 1764 389 1781 non
396 1756 450 1782 fert
460 1756 552 1782 debilis
563 1757 624 1781 haec
634 1757 712 1782 acies.

157 1835 326 1871 Caeterum‚
337 1833 440 1863 colore
449 1832 599 1863 orationis
608 1832 805 1863 Lucretianae
814 1831 884 1872 pul·

154 1888 244 1917 chros
281 1885 431 1926 quosdam
469 1895 573 1915 versus
604 1885 743 1924 penitius
773 1885 888 1915 imbuit

159 1937 364 1975 Claudianus,
381 1936 420 1966 de
434 1936 520 1967 laud.
540 1936 607 1967 Stil.
626 1936 660 1966 ii.
676 1940 728 1967 26.

186 2034 302 2059 AEtherii
312 2033 394 2064 patris
405 2032 548 2064 exemplo;
567 2032 624 2063 qui,
635 2034 734 2056 cuncta
743 2038 840 2056 sonoro

185 2074 331 2099 Concutiens
342 2072 449 2102 tonitru,
460 2072 613 2104 Cyclopum
624 2072 725 2103 spicula
737 2071 826 2096 defert

188 2116 221 2139 ln
230 2112 364 2144 scopulos,
373 2116 399 2137 et
409 2115 530 2136 monstra
538 2111 618 2135 maris
626 2120 633 2141 3
645 2111 783 2142 nostrique
790 2111 890 2135 cruoris

187 2156 294 2183 Parcus,
303 2153 331 2177 in
343 2152 443 2177 Oetaeis
453 2154 551 2176 exercet
553 2150 673 2182 fulmina
683 2150 777 2182 sylvis.

158 2238 224 2268 Pro
249 2248 366 2273 sonoro,
391 2235 462 2265 libri
484 2234 613 2276 quidam
639 2246 760 2270 sereno;
802 2233 887 2275 quod

158 2289 288 2319 sortasse
310 2297 433 2317 verum:
461 2286 486 2316 si
509 2296 592 2324 vero,
615 2286 655 2316 ad
677 2286 758 2316 illud
778 2286 888 2324 nostri,

159 2341 200 2374 vi.
217 2343 289 2370 246.
312 2338 500 2377 capiendum
525 2338 606 2368 foret
631 2349 705 2368 cum
728 2338 889 2369 nonnullis

160 2391 381 2431 interpretibus
395 2390 429 2419 in
446 2389 574 2419 Horatii
588 2389 708 2427 locum,
729 2389 778 2419 od.
801 2390 821 2418 i.
837 2393 888 2420 54.

159 2448 190 2475 8.
205 2450 236 2474 et
249 2441 403 2479 Maronis,
415 2451 483 2482 geo.
492 2440 512 2471 i.
525 2443 597 2471 487.
622 2440 701 2470 Vice
713 2442 888 2481 Cyclopum,

159 2495 317 2526 Heinsius
344 2493 444 2523 voluit
471 2494 634 2534 Cyclopia:
660 2492 887 2530 infelicissime,

159 2551 199 2580 ob
222 2552 386 2589 sequentes
407 2557 450 2585 sp.
495 2545 547 2575 De
569 2555 632 2585 quo
657 2544 757 2584 plura,
784 2544 824 2575 ad
847 2545 886 2575 iv.

161 2605 211 2633 77.

200 2661 276 2690 Ver.
296 2662 386 2689 1103.
410 2659 570 2689 Praeeerit:
597 2657 634 2688 P.
652 2660 887 2689 Perterz'c.—ex-

160 2715 296 2744 animat:
325 2717 365 2740 Π.
393 2716 437 2740 Ω.
459 2711 631 2740 examinat:
657 2709 711 2749 qui
737 2708 886 2747 solennis,

159 2763 256 2794 literis
279 2760 473 2800 transpositis
487 2766 608 2798 enatuS‚
632 2770 723 2790 error.
769 2760 887 2790 Exem-

158 2815 249 2854 plum
278 2819 323 2844 est
351 2813 385 2842 in
419 2812 507 2842 Ionis
539 2811 610 2841 Chii
639 2811 777 2841 versibus
805 2811 890 2850 apud

164 2867 368 2904 Athenaeum,
384 2866 415 2895 ii.
433 2868 461 2894 1.
478 2864 516 2895 de
532 2866 600 2895 vino
616 2863 787 2904 loquentis:

219 2936 335 2964 Ἠδιστον
344 2941 462 2971 treveron„
475 2937 641 2972 βαρυγδεπων
655 2937 818 2963 ΕΡΩΤΩΝι

926 836 1069 877 Con-ige,
1097 838 1278 867 ἘΟΡΤΩΝ-
1308 838 1478 876 epularum.
1533 836 1656 868 Eadem

925 888 1076 929 apotheca
1089 888 1213 919 medela
1229 888 1403 926 Plutarchi,
1431 889 1450 919 i.
1473 900 1502 929 p.
1518 893 1590 921 228.
1614 891 1656 921 A.

925 941 1049 972 videtur
1077 940 1302 980 depromenda:
1347 946 1466 981 Eyws-ro
1493 940 1519 972 δε
1547 954 1656 973 φακες-ον

927 994 996 1025 832»-
1012 1001 1111 1032 αλλα,
1128 993 1173 1024 δια,
1196 1005 1234 1023 ‘rs'
1248 992 1429 1032 στρατοπεδε
1444 1007 1500 1024 των
1515 1001 1660 1033 πολεμιων

927 1049 1077 1087 αχθεντες,
1109 1059 1302 1086 ενετυγχανον
1328 1060 1409 1086 munla
1434 1047 1500 1085 μετ’
1521 1052 1655 1077 OXAOT

927 1101 1113 1140 καθεζομενῳ,
1124 1113 1174 1129 και
1185 1103 1347 1141 βαρυτητος
1361 1111 1397 1130 εκ.
1408 1112 1540 1133 auem-m.
1557 1099 1656 1139 Lego,

926 1165 1006 1191 μετα
1036 1157 1182 1181 XOAOT:
1207 1160 1282 1179 nam
1307 1157 1391 1190 χαλε
1421 1165 1471 1181 και
1493 1155 1656 1193 βαρυτητος

927 1202 1011 1233 idem
1027 1208 1073 1232 est
1081 1212 1155 1232 cum
1167 1205 1253 1240 βαρυν
1262 1203 1366 1240 Suum,
1379 1201 1427 1231 vel
1437 1206 1550 1242 βαρειαν
1562 1216 1656 1244 οργην,

927 1253 1099 1291 Theocriti,
1123 1253 1142 1282 i.
1160 1257 1209 1284 96.
1236 1253 1426 1291 Apollonius
1443 1253 1600 1292 Rhodius,
1616 1254 1655 1283 iv.

927 1309 998 1337 585.

985 1381 1114 1411 ‘I’Soyyzv
1129 1389 1163 1409 τε,
1177 1381 1251 1408 Ζῆνος
1264 1389 1290 1406 τε
1302 1380 1415 1405 BAPYN
1429 1380 1597 1406 XOAoN—.

928 1443 990 1480 Ita,
1020 1442 1166 1482 denique,
1193 1440 1426 1480 persanandum
1446 1447 1557 1480 putem
1589 1444 1658 1474 Silii

926 1503 1060 1529 versum,
1087 1493 1268 1523 criticorum
1291 1493 1479 1534 conjecmris
1501 1495 1658 1526 vexatissi-

928 1555 1027 1581 mum,
1044 1544 1107 1574 viii.
1121 1546 1192 1574 550.

959 1618 1006 1642 me
1016 1618 1079 1642 viris
1089 1617 1152 1649 pila,
1161 1620 1188 1641 et
1200 1616 1272 1642 ferro
1282 1617 1451 1643 circumdare
1460 1621 1565 1650 pectus,

960 1657 1123 1682 Addiderat:
1141 1656 1242 1682 leviora
1252 1656 1334 1686 modo,
1345 1657 1379 1682 de
1390 1665 1467 1683 more
1477 1664 1633 1692 parentum,

960 1700 1109 1725 Gestabant
1121 1699 1185 1728 tela,
1194 1699 1330 1723 ambustas
1340 1699 1396 1724 sine
1403 1700 1513 1731 cuspide
1522 1708 1633 1726 cornus:

928 1776 1027 1805 modo:
1052 1773 1072 1803 i.
1091 1783 1115 1802 e.
1139 1778 1240 1808 antea,
1256 1771 1391 1811 dudum,
1416 1772 1463 1803 vel
1477 1774 1657 1815 antiquitus.

929 1825 1018 1857 Libri
1033 1824 1190 1860 exhibent,
1207 1826 1302 1854 domo.

975 1877 1049 1907 Ver.
1069 1880 1162 1906 1104.
1176 1882 1295 1915 tempus
1307 1878 1454 1915 genz'tale:
1473 1876 1492 1907 i.
1509 1887 1535 1907 e.
1551 1878 1661 1909 horam

931 1928 1076 1958 natalem.
1124 1925 1267 1963 ondins,
1285 1925 1328 1956 iii.
1348 1929 1394 1956 15,
1414 1929 1460 1957 17.

961 1997 1082 2027 Libaque
1093 1996 1156 2020 dem
1168 2002 1216 2026 pro
1228 2002 1283 2024 me,
1291 1993 1401 2026 genitale
1412 1995 1534 2020 notantia
1542 2000 1648 2029 tempus.

932 2056 1074 2088 Inversio
1099 2055 1219 2094 poetica
1244 2056 1410 2085 verborum
1437 2055 1512 2086 Silio
1532 2056 1660 2097 placuit,

934 2109 974 2140 ad
991 2109 1071 2139 Pun.
1088 2107 1151 2137 xiii.
1168 2110 1240 2138 528.

1114 2178 1200 2210 primo
1212 2176 1302 2201 mundi
1309 2176 1428 2208 genitalis
1438 2177 1471 2201 ab
1483 2184 1554 2201 «ενα.

974 2237 1051 2267 Ver.
1078 2238 1168 2266 1105.
1194 2240 1346 2265 coortum:
1373 2234 1413 2264 V.
1441 2234 1488 2264 ed.
1512 2237 1659 2271 coliem-m,-

932 2288 1052 2326 volens,
1072 2289 1238 2318 colzortum:
1265 2286 1312 2316 uti
1326 2286 1442 2325 passim
1457 2296 1531 2316 cum
1546 2287 1662 2326 aspira-

933 2340 1018 2370 tione
1046 2338 1165 2368 librarii
1193 2337 1306 2367 mediae
1329 2337 1428 2367 aetatis
1452 2338 1607 2376 scribunt;
1631 2344 1661 2369 et

932 2392 984 2422 hic
1000 2392 1033 2421 in
1051 2398 1096 2422 Ω.
1111 2390 1308 2430 scripserunt.

978 2443 1058 2474 Ibid.
1084 2445 1307 2483 Primigenum.
1349 2441 1546 2472 Glossarium
1560 2449 1657 2473 vetus:

933 2500 955 2515 “
973 2498 1185 2536 Primigenus,
1202 2494 1417 2537 ffpmwermnf
1462 2494 1606 2525 Avienus
1626 2495 1660 2525 in

931 2548 1042 2579 limine
1059 2548 1261 2586 Arateorum‚
1277 2547 1412 2587 eleganti
1427 2547 1579 2577 carmine:

963 2632 1023 2656 Flos
1033 2634 1060 2656 et
1071 2631 1183 2655 flamma
1194 2631 1308 2660 animae;
1321 2629 1377 2661 qui,
1385 2629 1550 2654 discurrente
1558 2633 1659 2662 meatu,

964 2672 1062 2696 Mentis
1069 2671 1217 2703 primigenae
1227 2670 1374 2703 penetralia
1384 2671 1451 2694 dura
1460 2670 1604 2701 resolvens,

963 2712 1090 2744 Implevit
1102 2711 1176 2744 largo
1188 2718 1269 2736 venas
1281 2714 1406 2742 operatus
1417 2718 1519 2737 amore.

935 2783 996 2814 Sed
1011 2794 1161 2824 quorsum
1172 2783 1251 2813 illud
1262 2783 1364 2813 dura?
1379 2783 1538 2824 Equidem
1549 2792 1659 2823 pamm

933 2844 1103 2875 concoquo.
1149 2835 1183 2864 Si
1198 2834 1344 2865 diffindas
1362 2834 1442 2866 illud
1459 2837 1480 2865 d
1504 2835 1539 2865 in
1562 2839 1661 2874 partes

933 2887 1000 2926 ejus
1015 2889 1052 2923 cl,
1069 2887 1196 2917 habebis
1210 2888 1313 2924 οἷαν-α,-
1331 2888 1416 2920 unde
1430 2887 1520 2919 nullo
1535 2885 1659 2927 negotio

933 2939 1073 2980 genuina
1087 2950 1146 2971 vox
1161 2940 1331 2972 enascitur:
