1894 3253
178 259 273 301 306

674 248 733 293 T.
785 244 1165 292 LUCRETII

319 382 515 440 Vagitum
536 379 580 419 in
605 377 730 419 Creta
752 376 962 433 quondam
985 377 1210 418 obcultasse
1234 376 1441 429 feruntur3

204 465 287 502 635
321 459 464 507 Quom
483 454 627 510 puerei
648 453 804 494 circum
824 467 999 507 puerum
1020 453 1186 507 pernice
1206 452 1374 504 chorea,

318 531 523 580 Armatei‚
555 529 599 569 in
621 542 841 569 numerum
863 527 1074 582 pulsarent
1094 527 1245 568 aeribus
1266 543 1367 578 aera,

317 607 385 649 Ne
407 606 610 647 Saturnus
631 619 727 645 eum
747 602 863 643 malis
883 602 1100 643 mandaret
1120 603 1308 657 adeptus,

317 680 625 735 AEternumque
645 679 762 720 daret
783 678 905 719 matri
926 677 1001 718 sub
1021 686 1188 732 pectore
1208 678 1365 719 volnus.

174 844 264 873 olim.-
283 840 374 871 male.
399 839 450 869 Ita
464 846 607 868 nostrum
623 846 819 875 corrumpere
835 835 903 876 qui-

174 895 250 925 dam
264 893 411 924 volebant
426 890 522 921 etiam
534 890 575 920 ad
586 890 605 920 i.
621 893 672 920 85.
689 894 725 919 ut
740 888 885 918 vidimus,

215 947 292 977 Ver.
308 949 379 977 654.
417 944 513 974 Hanc
535 953 602 973 rem
625 941 838 972 Callimachus
855 940 904 970 lu·

173 997 389 1029 culentissime
410 994 598 1034 descriptam
621 993 707 1024 dedit
735 993 775 1023 ad
797 993 904 1032 hymn.

173 1051 195 1083 J
198 1061 244 1081 ov.
260 1053 310 1081 52.

212 1131 288 1155 Ουλοι
299 1129 324 1154 δε
336 1131 443 1163 Κερκτες
455 1136 482 1153 σε
494 1136 545 1161 περι
557 1130 640 1161 πρυλιν
651 1134 807 1160 ωρχησοιντο,

211 1178 319 1209 Τευχεοι
330 1180 504 1206 fferam-sowa,
519 1175 560 1200 lm
572 1177 656 1208 Κρονος
670 1182 743 1198 εαισιν
754 1182 818 1206 κχκν

214 1223 325 1251 Ασιτιδος
340 1224 430 1253 exentiat,
451 1233 498 1248 και
510 1233 549 1255 μη
559 1231 599 1248 σεο
610 1222 756 1256 κεριζοντος.

176 1290 241 1322 Ubi
263 1289 367 1330 glossa
389 1288 572 1325 scholiastis,
596 1286 770 1317 admodum
792 1285 906 1315 intem-

173 1341 302 1381 pestiva,
317 1347 413 1371 007.oe-
432 1345 537 1370 ΚΑΤΑ
551 1343 709 1375 KAHPON,
724 1339 862 1377 ὑγεεινως·
882 1335 907 1365 si

172 1393 299 1425 admitti
305 1398 418 1432 posset,
425 1391 677 1422 emendationem
688 1400 802 1424 meam,
810 1398 910 1427 nuper

174 1445 301 1482 factam,
321 1443 362 1474 ad
377 1452 440 1473 ver.
457 1446 529 1473 650.
547 1441 680 1470 mirifice
695 1439 908 1475 confirmaret;

174 1497 232 1528 sed
256 1507 326 1527 eam
349 1495 394 1525 sic
420 1504 485 1524 esse
515 1493 730 1533 castigandam
754 1492 901 1522 dixerim:

172 1555 268 1580 oum·
295 1545 390 1578 KAO’
413 1548 657 1581 ὀΛοΚΛΗΡοΝ,
684 1544 815 1584 aymam.
862 1542 906 1572 Il-

172 1599 230 1630 lud
245 1607 306 1630 ελοι
321 1597 449 1639 quidem
474 1595 622 1626 cruciavit
637 1595 782 1632 editores,
805 1600 841 1624 ut
856 1593 905 1623 ni-

172 1651 219 1682 hil
234 1661 335 1690 supra.
381 1649 575 1687 Interpretor
584 1646 743 1688 equidem,
759 1648 907 1677 leviter—

173 1705 319 1739 molliter5
332 1701 432 1742 facili
447 1699 572 1737 chorea,
596 1705 627 1729 et
637 1701 773 1739 pernice.
819 1697 908 1728 Hinc

173 1756 251 1787 olim
266 1753 507 1785 emendaveram
522 1752 711 1782 versiculum
735 1752 833 1790 po'e'tae
850 1761 904 1780 cu-

169 1806 309 1848 jusdam,
332 1815 427 1847 quem
450 1804 560 1834 laudat
583 1803 746 1834 Bentleius
768 1803 801 1832 in
819 1805 904 1833 Pha-

174 1861 313 1897 lav-ideis,
329 1869 358 1897 p.
372 1860 441 1888 147.
458 1856 505 1887 ed.
521 1856 661 1895 Lennep.
678 1856 733 1886 ubi
748 1855 818 1885 libri
831 1855 908 1885 dant

180 1910 283 1942 Belou:

252 1976 361 2008 Επτηζ,
377 1981 492 2011 αλεκτωρ
505 1981 562 2002 ελον
574 1977 603 2004 ὡς
616 1981 705 2003 zamam·
717 1980 809 2010 ττὲρσν·

174 2031 259 2062 molli
273 2028 402 2059 remissa
418 2028 533 2068 penna,
557 2036 593 2058 ut
614 2029 722 2058 animo
740 2028 855 2067 pariter
877 2033 907 2057 et

174 2082 295 2112 viribus
310 2080 489 2110 destitutus:
520 2079 570 2109 cui
594 2079 787 2109 contrarium
809 2085 855 2108 est
868 2078 906 2107 il-

174 2133 233 2163 lud
258 2131 386 2162 Horatii
415 2130 543 2167 scilicet,
579 2133 600 2146 “
630 2129 735 2168 penna
757 2135 906 2159 metuente

176 2188 199 2203 “
215 2183 319 2215 solvz'.”
366 2181 417 2212 Sic
434 2182 580 2216 Nonnus‚
605 2179 738 2220 Dionys.
754 2190 803 2210 xv.
819 2184 869 2211 90.

213 2264 306 2297 Τοφρα
319 2261 344 2287 δε
366 2261 469 2294 νηδυμος
483 2259 561 2290 samos,
581 2256 616 2284 ἑον
630 2258 774 2283 ΠΤΕΡΟΝ
787 2257 903 2283 ΟΥΛΟΝ

311 2309 404 2342 ἑλιξαις,

214 2358 339 2384 Azina-1»
349 2361 503 2391 σφαλεροισιν
514 2365 630 2390 επεχρκεν
641 2364 756 2388 ομμασιν
768 2355 845 2380 Ινδων.

176 2410 291 2448 Aliter,
315 2409 493 2450 intelligam
514 2408 647 2438 libenter
670 2418 745 2438 cum
767 2406 905 2443 Ernesti,

175 2470 237 2494 ἕλω
251 2463 404 2504 ορχεισθοιι·
429 2467 630 2503 vapra-asmo&
648 2472 723 2490 vrum.
768 2459 832 2489 His
848 2469 903 2489 au-

173 2520 243 2544 tem
271 2512 443 2554 adJungam
473 2512 622 2549 Aratum,
654 2511 756 2550 phaen.
785 2514 837 2541 50.
870 2515 906 2540 ut

176 2564 370 2595 emendatior
383 2563 579 2594 exhibeatur:

653 2650 669 2666 a
685 2649 744 2666 ετεωι
758 2640 788 2669 δη

213 2689 333 2724 Κρκτκθεν
345 2699 423 2716 xmus
436 2691 478 2714 ΓΕ
492 2689 551 2717 Διος
562 2693 670 2722 ,memma
681 2698 760 2716 tort-nrt

214 2738 321 2771 Ουροινον
332 2734 495 2766 ειςοινεῖῆσαν,
516 2736 528 2761 ὁ
538 2746 590 2769 μιν,
612 2737 712 2760 HOTE
724 2735 867 2770 κεριζσνται,

215 2783 307 2817 Arm-41
318 2793 338 2809 εν
350 2784 434 2814 ευωδει,
456 2794 516 2819 ορεος
531 2784 618 2818 σχεδον
631 2784 730 2813 Ιὸσιιοιο,

215 2831 304 2866 Avo-pa·
316 2832 483 2862 εγκαιτεθεντο,
506 2843 553 2858 και
565 2839 655 2868 ετρεῷον
670 2841 699 2859 εις
711 2841 817 2857 ενισιυτον

215 2878 335 2906 Amnum
347 2881 464 2913 Kapmtf,
483 2879 522 2904 ὅτε
535 2882 619 2914 Κρονον
630 2879 766 2912 §alambens-o.

177 2946 245 2976 Diu
261 2951 306 2977 est
321 2956 358 2977 ex
368 2955 430 2987 quo
445 2945 583 2977 videram
591 2946 634 2977 ita
643 2946 814 2988 legendum
825 2956 901 2984 esse,

948 845 1004 874 pro
1020 835 1046 866 δε
1064 842 1095 865 et
1112 848 1193 866 eron-s:
1222 844 1356 875 quarum
1373 833 1507 873 priorem
1523 834 1681 874 conjectu-

948 896 1017 915 ram
1035 886 1199 916 Diodorus
1227 885 1351 915 Siculus
1373 885 1500 923 stabilit,
1523 886 1563 916 ad
1577 886 1616 917 iv,
1633 890 1686 917 80.

949 939 1152 978 posteriorem
1182 948 1267 975 vero,
1297 938 1395 968 codex
1424 937 1588 978 Lennepio
1615 949 1682 969 me-

950 996 1090 1019 moratus
1115 990 1148 1019 in
1172 988 1331 1019 animadd.
1358 989 1400 1019 ad
1428 989 1556 1020 Coluth.
1577 1001 1606 1029 p.
1631 994 1682 1021 64.

953 1040 1135 1071 Germanici
1150 1051 1268 1079 versus,
1285 1051 1365 1081 quos
1379 1041 1511 1071 Grotius
1522 1041 1687 1082 ingeniose

950 1097 1092 1133 tentavit,
1108 1104 1208 1135 quum
1226 1093 1385 1124 commodi
1400 1094 1474 1132 sint,
1491 1104 1661 1134 apponam:

981 1169 1061 1200 Quod
1078 1167 1141 1192 fidae
1152 1168 1266 1193 comites
1279 1168 1366 1199 prima
1378 1168 1544 1193 incunabula
1555 1167 1649 1199 magni

982 1209 1110 1231 Tutarunt
1121 1207 1203 1238 Jovis,
1220 1207 1347 1232 attonitae
1359 1214 1423 1231 cum
1435 1206 1508 1231 furta
1519 1207 1648 1239 parentis,

981 1248 1061 1271 AErca
1073 1246 1208 1278 pulsantes
1219 1246 1345 1271 mendaci
1357 1246 1483 1278 cymbala
1495 1246 1607 1277 dextra,

981 1286 1091 1316 Vagitus
1102 1286 1178 1317 pueri
1188 1286 1286 1317 patrias
1299 1293 1333 1310 ne
1344 1289 1469 1317 tangeret
1479 1293 1568 1317 aures,

984 1326 1082 1350 Dictaei
1093 1329 1199 1355 texere,
1216 1325 1270 1349 deae
1281 1325 1387 1355 famuli,
1404 1326 1583 1356 Corybantes.

954 1389 1055 1428 Libri,
1078 1391 1258 1426 Fuderunt,
1276 1389 1309 1418 in
1325 1399 1416 1419 versu
1432 1389 1578 1420 secundo.
1623 1390 1682 1419 Ar-

954 1442 1078 1480 nobius,
1102 1442 1150 1472 uti
1165 1452 1233 1471 mos
1249 1448 1304 1477 est,
1333 1442 1519 1472 Lucretium
1533 1441 1616 1472 clare
1631 1451 1685 1472 ex-

950 1493 1068 1531 primit,
1091 1493 1143 1523 lib.
1166 1493 1209 1523 iii.
1234 1503 1263 1531 p.
1290 1497 1427 1523 124.—“
1446 1495 1575 1524 Curetas
1598 1493 1682 1531 illos,

951 1547 975 1562 “
991 1546 1046 1584 qui
1061 1545 1223 1574 occultasse
1242 1545 1440 1583 perhibentur
1464 1546 1547 1576 Jovis
1570 1545 1683 1575 aerz'bus

952 1598 975 1613 “
990 1597 1159 1635 aliquando
1175 1594 1344 1634 vugz'cum.’‘
1367 1595 1472 1625 Locus
1487 1595 1521 1625 in
1538 1596 1678 1625 Mamer-

950 1646 1009 1676 tini
1038 1646 1240 1687 panegyrico,
1272 1651 1343 1676 sect.
1370 1650 1400 1676 2.
1431 1647 1513 1676 hanc
1540 1645 1682 1677 fabulam

952 1704 1104 1737 spectans,
1120 1708 1184 1728 non
1197 1697 1346 1737 indignus
1355 1703 1411 1735 est,
1427 1698 1482 1738 qui
1493 1703 1681 1737 apponatur:

950 1753 972 1768 “
988 1751 1112 1780 -inter
1127 1749 1284 1780 discursus
1298 1754 1433 1778 strenuae
1444 1748 1631 1789 juventutis,
1647 1754 1680 1779 et

951 1806 974 1820 ‘⁶
990 1812 1152 1832 armorum
1162 1801 1285 1831 sonitus
1307 1801 1371 1830 tuis
1386 1801 1542 1841 vagitibus
1562 1802 1680 1831 obstre-

965 1857 987 1871 “
1003 1852 1132 1893 pentes?
1150 1853 1331 1893 Finguntur
1344 1853 1411 1882 haec
1427 1852 1466 1883 de
1477 1853 1568 1890 Jove,
1585 1852 1640 1882 sed
1650 1852 1691 1883 de

965 1909 987 1924 “
1004 1912 1034 1936 te
1049 1916 1122 1935 vera
1136 1910 1220 1941 sunt,
1231 1904 1428 1943 imperator.“
1464 1903 1613 1934 Demiror
1624 1903 1689 1934 edi-

951 1964 1033 1987 tores
1059 1968 1162 1987 veram
1194 1956 1361 1986 lectionem
1388 1965 1453 1985 non
1483 1955 1684 1995 dispicientes

951 2010 992 2040 ad
1020 2010 1204 2040 Minucium
1231 2008 1380 2046 Felicem,
1404 2013 1475 2038 sect.
1504 2011 1555 2038 21.
1602 2011 1624 2026 “
1640 2008 1684 2038 Et

952 2066 973 2080 ‘⁴
993 2071 1062 2102 quae
1089 2061 1176 2092 Jovis
1203 2070 1290 2090 sacra
1314 2066 1400 2097 sunt,
1424 2059 1540 2088 Nutrix
1563 2058 1683 2097 capella

951 2117 973 2132 “
991 2120 1052 2152 est;
1076 2119 1106 2143 et
1128 2113 1221 2143 avido
1246 2112 1326 2151 patri
1351 2111 1544 2141 subtrahitur
1568 2110 1683 2146 infans,

951 2168 973 2183 “
990 2175 1029 2194 ne
1053 2169 1193 2201 voretur;
1217 2170 1247 2193 et
1276 2163 1492 2202 Corybantum
1517 2161 1680 2201 cymbalis,

951 2219 974 2233 ‘⁴
990 2225 1030 2244 ne
1046 2221 1134 2254 pater
1149 2214 1256 2244 audiat
1277 2214 1410 2254 vagitus,
1433 2215 1567 2243 tinnitus
1583 2215 1682 2244 illidi-

951 2270 973 2284 “
989 2266 1072 2297 tur.”
1118 2266 1169 2295 Ita
1191 2265 1322 2304 ipsemet
1352 2270 1461 2304 sponte
1491 2264 1679 2295 emendave-

950 2328 1030 2356 ram,
1055 2322 1085 2348 et
1099 2317 1143 2347 ita
1154 2317 1231 2347 liber
1247 2317 1319 2347 MS.
1364 2316 1538 2347 Fedissime
1553 2316 1681 2356 evulga-

950 2377 1011 2406 tur,
1050 2373 1073 2388 “
1099 2369 1218 2407 audiat,
1243 2368 1367 2409 vagitus
1396 2369 1494 2398 initus
1520 2367 1681 2398 eliditur?

951 2423 1062 2458 Porro,
1085 2421 1216 2462 quidam
1237 2420 1325 2451 codd.
1352 2419 1544 2456 Germanici,
1569 2421 1684 2462 “fidei

950 2479 972 2494 “
989 2474 1156 2512 comites;”
1191 2473 1231 2504 ad
1255 2480 1390 2504 veterem
1415 2471 1682 2512 oithographiam‚

948 2537 1043 2567 quam
1058 2536 1116 2556 nos
1131 2525 1301 2566 sequimur.

993 2577 1067 2608 Ver.
1084 2579 1156 2608 655.
1173 2578 1292 2616 puerei.
1318 2576 1442 2615 Nempe
1464 2584 1571 2605 vocem
1591 2580 1679 2615 Κυρη-

951 2643 1005 2663 τεις
1038 2629 1183 2659 Graecam
1208 2634 1381 2668 εετνμολογει
1406 2626 1586 2657 Lucretius:
1623 2625 1681 2653 hos

951 2681 1038 2711 enim
1057 2693 1113 2715 νεες
1130 2694 1219 2716 τινας,
1243 2686 1274 2710 et
1301 2692 1358 2714 νεες
1382 2692 1432 2710 και
1455 2690 1546 2719 κορες,
1571 2676 1682 2706 Strabo

951 2738 1125 2772 nuncupat,
1148 2731 1187 2762 de
1203 2731 1264 2761 illis
1278 2731 1423 2771 loquens,
1445 2728 1500 2758 lib.
1516 2737 1545 2756 x.
1560 2736 1589 2765 p.
1607 2729 1679 2756 718.

950 2784 998 2814 ed.
1016 2785 1118 2814 Amst.
1137 2793 1232 2823 quem
1248 2781 1422 2812 Lambinus
1430 2776 1586 2808 indicavit.
1611 2776 1678 2808 Ke-

947 2852 1038 2882 pnres·
1049 2853 1147 2871 νεανιαι
1156 2853 1165 2869 .·
1193 2836 1380 2877 Hesychius,
1391 2831 1568 2872 respiciens,
1580 2830 1679 2862 Hom,

949 2892 988 2923 Il.
1017 2898 1048 2922 T.
1074 2895 1145 2922 248.
1173 2889 1335 2929 Hyginus,
1362 2886 1425 2915 fab.
1453 2882 1573 2914 cxxxix.
1597 2883 1678 2912 hanc

947 2943 1110 2975 materiem
1130 2941 1349 2972 tractans:-“
1367 2938 1418 2968 Ne
1442 2935 1532 2976 pueri
1555 2935 1678 2976 vagitus
