1894 3253
248 315 346 357 xviii
755 323 846 364 AD
898 321 1293 363 LECTOREM.

302 434 397 476 Jam
418 452 530 488 vero,
554 454 635 494 quo
650 438 793 479 melius
813 452 1062 488 caveremus,
1085 453 1138 479 ne
1151 438 1278 480 moles
1298 438 1451 479 inutilis
1467 438 1635 480 editioni
1651 454 1746 481 nos-

243 517 320 550 trae
341 526 393 552 ex
411 514 580 566 prolixis
610 514 920 568 repetitionibus
949 522 1211 564 accresceret,
1243 521 1284 555 et
1303 513 1480 568 pretium
1509 514 1662 568 pariter
1681 515 1744 555 in-

243 585 502 636 cenderetur3
534 587 659 628 libros
678 587 779 638 illos,
803 589 874 644 qui
903 588 1165 629 varietatibus
1196 588 1386 629 codicum
1418 587 1549 629 MSS.
1582 589 1662 628 sint
1681 589 1745 629 in-

243 661 399 709 structi,
422 669 462 701 et
482 661 590 715 ipsos
610 662 770 704 codices
791 670 987 704 tractatos
1004 662 1138 713 nobis,
1161 662 1477 717 compendiariis
1498 661 1744 704 characteri-

242 733 317 832 lius
337 734 626 791 significandos
647 751 732 777 esse
747 736 958 778 duximus:
977 751 1156 793 quorum
1174 751 1286 778 nunc
1305 737 1348 777 in
1364 736 1509 778 ordine
1525 738 1630 778 ratio
1650 736 1743 778 red-

243 807 258 832 (
274 793 379 833 enda
401 801 471 834 est.

301 955 352 997 V.
375 956 437 997 ed.
469 957 597 997 literae
628 955 845 1012 designant
880 957 1103 997 editionem
1140 957 1248 998 illam
1285 957 1555 1008 Veronensem,
1593 958 1646 999 de
1661 958 1740 1014 qui

240 1030 382 1080 modo,
405 1038 505 1086 quot
525 1030 741 1072 hwuerim
762 1030 951 1080 dicenda,
975 1030 1074 1071 dixi.

300 1180 349 1220 B.
382 1180 569 1236 designat
590 1180 774 1221 codicem
804 1182 1066 1221 Bodleimmm
1092 1180 1265 1230 Oxonii‚
1288 1181 1401 1235 cujus
1422 1189 1654 1222 accuratam
1685 1189 1745 1222 at-

237 1268 316 1309 que
337 1268 487 1294 novam
518 1255 775 1296 collationem
811 1270 852 1295 sc
881 1263 1049 1295 nactum
1079 1269 1163 1295 esse
1183 1254 1384 1311 gloriatur
1407 1255 1741 1311 Havercampus;

236 1343 334 1369 nam
367 1328 588 1369 Creechius
618 1329 732 1383 prior
762 1328 1017 1369 adhibuerat.
1081 1327 1190 1369 Cum
1220 1327 1300 1369 hoc
1331 1329 1472 1369 codice
1502 1337 1542 1370 et
1563 1329 1743 1371 editione

237 1401 466 1443 Veronensi
487 1411 601 1444 tanta
621 1412 680 1444 est
700 1404 914 1445 consensio
934 1403 1193 1453 varietatum,
1219 1411 1265 1443 ut
1285 1403 1402 1444 valde
1423 1404 1647 1459 suspicatus
1668 1405 1744 1444 sim

237 1476 378 1518 dolum
400 1477 575 1533 aliquem
597 1478 798 1519 collatoris
806 1495 818 1527 3
842 1492 975 1533 neque
990 1478 1104 1532 prius
1124 1476 1202 1518 hac
1219 1477 1447 1532 suspicione
1468 1493 1558 1519 sum
1574 1478 1743 1528 solutus,

236 1566 361 1607 quam
381 1553 434 1593 ad
455 1553 681 1594 secundum
701 1553 852 1594 librum
872 1568 983 1593 meas
997 1552 1370 1593 animadversiones
1391 1553 1743 1594 continuaveram:

233 1634 323 1667 tum
344 1626 511 1668 demum
524 1628 586 1668 vir
602 1627 888 1682 amplissimus,
913 1627 1415 1676 GULIELMUS-JACKSON,
1433 1627 1482 1668 B.
1500 1627 1557 1668 D.
1571 1628 1616 1668 in
1632 1628 1742 1669 Aca-

234 1699 370 1743 demia
390 1701 676 1743 florentissima
709 1701 940 1742 Oxoniensi
960 1701 1177 1755 praelector
1199 1700 1368 1742 Graecae
1386 1701 1539 1757 linguae
1560 1701 1745 1742 doctissi-

233 1789 339 1824 mus,
363 1789 458 1815 cum
479 1790 562 1830 quo
577 1775 682 1816 forte
701 1774 865 1816 fortuna
886 1776 930 1815 in
943 1775 1227 1830 bibliopolium
1244 1774 1454 1830 quoddam
1476 1774 1745 1817 Londinense

233 1863 520 1899 conveneram,
541 1857 580 1890 et
597 1865 717 1904 super
729 1850 808 1891 hac
824 1865 868 1890 re
881 1864 1089 1890 sermones
1105 1849 1322 1897 caederem,
1345 1846 1485 1888 falsam
1506 1856 1547 1888 et
1560 1849 1743 1904 iniquam

234 1923 488 1980 opinionem,
511 1923 589 1962 isto
610 1923 662 1963 de
683 1923 839 1971 codice,
862 1937 947 1962 non
969 1938 1022 1963 ex
1042 1924 1155 1963 vanis
1176 1922 1403 1963 rationibus
1433 1930 1662 1978 susceptam
1682 1932 1744 1964 ta-

231 2011 342 2046 men,
358 2011 425 2037 me
439 1996 673 2053 benigniter
686 1994 891 2035 dedocuit.
935 1995 1000 2035 Re
1012 1994 1106 2035 vera
1119 1995 1162 2034 in
1176 1994 1422 2035 bibliotheca
1438 1995 1663 2037 Bodleian&
1680 1997 1745 2038 ille

230 2071 362 2112 codex
376 2070 581 2126 hodieque
594 2076 839 2117 asservatum
871 2067 941 2108 sed
954 2082 1040 2108 non
1056 2082 1247 2124 magnam
1264 2076 1505 2109 vetustatem
1511 2069 1654 2124 jactat,
1669 2084 1742 2112 ne-

231 2160 311 2201 que
340 2145 482 2186 multae
501 2144 628 2201 frugis
647 2151 757 2193 sunt,
781 2157 874 2198 quae
904 2142 1150 2192 referuntur,
1173 2143 1417 2184 variationes
1436 2143 1543 2198 ejus:
1567 2143 1743 2201 ideoque

229 2234 316 2260 non
336 2219 462 2260 modo
483 2220 618 2260 minus
638 2218 812 2274 poenitet
831 2217 1110 2274 indiligentius
1131 2218 1334 2268 recensiti,
1357 2217 1427 2258 sed
1448 2232 1580 2275 angor
1598 2218 1739 2270 levius,

230 2293 588 2335 inhumanissimas
603 2292 862 2334 bibliothecae
877 2292 1116 2334 Bodleianae
1130 2292 1253 2349 leges,
1276 2291 1467 2334 omnibus
1481 2293 1739 2344 mortalibus,

228 2368 430 2410 levissimo
451 2369 592 2410 saltem
613 2369 810 2410 contactis
831 2383 976 2423 sapore
996 2367 1295 2417 doctrinarum,
1319 2367 1416 2408 odio
1432 2375 1554 2423 atque
1568 2382 1733 2409 execra-

230 2445 343 2484 tione
363 2443 682 2499 prosequendas,
715 2443 818 2483 mihi
839 2443 1010 2484 liberam
1030 2442 1318 2483 tractationem
1348 2442 1432 2496 ejus
1451 2441 1565 2482 haud
1584 2442 1736 2496 permi-

231 2517 337 2558 sisse.
400 2516 526 2568 Mox,
548 2526 595 2559 ut
615 2517 809 2574 augurari
840 2517 964 2567 soleo,
996 2516 1198 2558 illucescet
1227 2516 1293 2557 ille
1313 2515 1409 2561 dies,
1443 2530 1571 2571 quum
1591 2515 1733 2556 doctos

231 2590 418 2632 homines
439 2600 479 2633 et
497 2591 952 2646 literarumpenetralia
980 2591 1166 2646 pudebit,
1189 2605 1231 2631 se
1250 2598 1335 2631 tam
1355 2589 1427 2631 diu
1447 2588 1630 2630 barbaris
1650 2587 1733 2629 his-

231 2679 277 2705 ce
298 2665 601 2708 conditionibus
622 2666 824 2721 patienter
845 2680 929 2706 esse
950 2665 1457 2722 colligatos—Caeterum,
1480 2662 1575 2702 satis
1590 2661 1731 2703 saltem

229 2747 403 2788 constat,
427 2741 648 2795 exemplari
671 2740 913 2790 Bodleiano,
937 2748 977 2781 et
997 2739 1167 2781 editioni
1188 2740 1311 2780 dictae
1332 2735 1575 2786 Veronensi,
1598 2749 1728 2777 unum

225 2812 427 2863 codicem,
449 2813 511 2854 vel
524 2814 703 2869 ejusdem
722 2829 890 2870 prorsus
909 2812 1088 2864 familiae,
1110 2828 1188 2869 pro
1201 2812 1424 2868 archetypo
1444 2809 1634 2866 primitus
1655 2824 1727 2851 exz-

227 2895 392 2929 stltlssa„
