1894 3253
544 186 776 235 LIBER

829 185 1244 234 SECUNDUS.
1547 199 1637 243 357

292 321 406 371 Quin
428 321 550 362 ctiam
571 320 708 370 refert,
741 319 889 360 nostris
910 320 952 359 in
973 319 1155 360 versibus
1176 319 1287 375 ipsis,

291 396 399 438 Cum
419 396 582 452 quibus,
614 404 654 436 ct
675 394 784 451 quali
805 394 885 434 sint
906 393 1051 434 ordine
1071 409 1248 450 quaeque
1266 394 1407 436 locata.

290 471 481 527 Namque
501 470 644 512 eadem
665 469 829 518 coelum,
858 482 988 518 mare,
1017 476 1161 518 terras,
1195 469 1381 519 flumina,
1417 469 1556 519 solem,

152 550 255 586 1015
290 545 552 602 Significant3
586 543 729 585 eadem
748 541 901 598 frugeS‚
942 541 1121 592 arbusta,
1154 543 1408 585 animanteis.

291 620 335 661 Si
356 634 440 660 non
462 619 602 660 omnia
622 619 716 667 sint,
751 625 793 658 at
813 616 942 657 multo
962 631 1158 659 maxuma
1177 632 1271 672 pars
1292 628 1351 660 est

289 692 541 742 Consimilis;
574 706 716 733 verum
735 689 917 746 positura
940 690 1208 746 discrepitant
1228 707 1307 734 1·es;

288 768 357 810 Sic
377 768 473 823 ipsis
494 768 538 808 in
558 767 680 809 rebus
700 766 799 807 item
813 766 902 821 jam
922 766 1112 807 materiai

286 841 519 893 Intervalla,
549 842 643 891 viae,
669 855 895 891 connexus,
923 841 1125 895 pondera,
1151 841 1299 900 plagae,

147 921 254 958 1020
287 917 538 965 Concursus,
572 924 723 965 motus,
757 914 875 964 ordo,
914 915 1112 970 positura,
1148 916 1294 973 figurae

283 991 425 1040 Quom
445 998 748 1046 permutantur,
781 989 931 1030 mutari
952 1005 1015 1031 res
1036 1004 1203 1046 quoque
1223 992 1386 1035 debent.

343 1066 466 1107 Nunc
487 1067 670 1106 animum
691 1064 809 1105 nobis
830 1064 979 1105 adhibe
1000 1080 1137 1106 veram
1158 1066 1210 1107 ad
1232 1069 1446 1110 rationem:

285 1141 395 1182 Nam
417 1140 490 1181 tibi
510 1139 772 1181 vehementer
793 1154 901 1180 nova
921 1154 983 1180 res
1004 1140 1171 1182 molitur
1191 1142 1244 1183 ad
1265 1143 1395 1184 aureis

140 1297 214 1336 ipsae
228 1306 276 1326 res
290 1296 364 1326 inde
389 1295 569 1336 significatae
590 1295 728 1325 multum
750 1293 865 1324 discre-

139 1348 246 1388 pitent.

184 1409 258 1438 Ver.
276 1411 368 1438 1017.
392 1407 456 1438 Pro
470 1418 516 1438 res
538 1406 681 1437 omnium
701 1406 865 1443 librorum,

140 1460 230 1490 nobis
250 1462 314 1489 lzcec
336 1459 468 1488 obtrusit
489 1457 644 1488 editorum
658 1457 866 1496 impudentia,

146 1516 230 1541 recte
246 1509 391 1540 Bentleio
404 1509 499 1539 etiam
522 1510 728 1548 improbante:
756 1515 792 1539 ut
806 1520 868 1540 ver.

143 1566 233 1593 1021.
281 1561 321 1591 In
336 1571 426 1591 versu
442 1566 602 1601 sequente,
626 1561 666 1590 V.
680 1560 727 1590 cd.
740 1563 796 1597 ita,
812 1571 869 1599 pro

140 1615 220 1645 itern-

183 1673 256 1704 Ver.
287 1676 375 1704 1019.
398 1675 455 1703 vz'ae
476 1674 598 1713 plagoe:
628 1672 727 1703 Vind.
756 1673 796 1703 V.
820 1672 867 1703 ed.

139 1726 180 1756 B.
198 1725 234 1756 L.
253 1724 302 1755 M.
322 1732 362 1756 Π.
380 1730 413 1756 Σ.
437 1726 500 1756 vias
510 1727 638 1765 plagas;
662 1725 716 1755 sed
730 1735 786 1765 pro
801 1736 866 1755 cer-

140 1782 173 1808 to
188 1777 304 1807 vitiose.

180 1839 256 1869 Ver.
277 1841 370 1869 1022.
391 1839 500 1868 adhibe
515 1849 635 1868 veram:
671 1844 713 1868 11.
737 1840 868 1869 adhibu-

142 1902 235 1921 eram.

182 1952 258 1982 Ver.
290 1955 379 1983 1025.
402 1953 603 1983 vehementer:
630 1951 726 1982 Vind.
752 1952 792 1982 V.
819 1951 866 1982 ed.

142 2006 177 2034 Δ.
195 2010 236 2034 Π.
254 2009 297 2033 Ω.
314 2005 504 2034 vehementes.

185 2054 265 2084 Ibid.
280 2056 473 2085 vehementer.
499 2053 638 2094 Syllabas
649 2054 792 2084 similiter
803 2054 866 2084 col-

139 2105 321 2146 liquefactas
335 2105 408 2135 alibi
436 2111 541 2135 noster
556 2105 674 2136 extulit.
720 2106 795 2136 Non
809 2106 867 2135 ali-

140 2162 187 2186 ter
199 2156 421 2187 disertissimus
432 2162 621 2197 togatorum,
638 2156 671 2186 in
684 2157 794 2194 Arato,
810 2168 870 2188 ver.

143 2210 227 2239 119*

395 2307 494 2332 clinata
505 2312 545 2333 est
555 2310 658 2341 ungula
670 2310 806 2335 vehemens

172 2344 256 2368 Fortis
267 2345 329 2375 equi
339 2349 448 2377 propter
458 2348 568 2378 pennati
579 2349 695 2380 corporis
706 2349 786 2374 alam.

143 2436 230 2472 Quos
247 2437 399 2468 Horatius
414 2446 538 2470 secutus
553 2447 614 2479 est3
637 2442 684 2472 uti
695 2442 868 2483 Lambinus

141 2488 226 2527 prior
239 2489 375 2528 monuit,
398 2491 483 2529 epist.
501 2492 532 2522 ii
548 2496 577 2522 2.
595 2496 665 2523 1⁶20.

157 2579 298 2610 Vehemens,
314 2583 342 2605 et
353 2580 478 2612 liquidus,
495 2590 616 2614 puroque
626 2584 774 2610 simillimus
785 2587 867 2611 amni.

185 2667 257 2698 Ver.
278 2672 368 2699 1024.
393 2672 566 2702 Adciclere:
596 2672 693 2703 Vind.
709 2674 750 2703 V.
767 2674 814 2704 ed.
832 2676 867 2705 B.

142 2718 179 2749 L.
196 2719 244 2750 M.
262 2720 301 2751 O.
315 2726 348 2751 Δ.
367 2728 407 2752 Π.
425 2727 458 2754 Σ.
476 2730 520 2754 Ω.
537 2725 702 2761 Accedere,·
720 2725 773 2755 sed
783 2726 869 2756 haud

143 2767 236 2800 dubie
258 2771 496 2803 mendosissime
519 2776 723 2814 aberratione,
746 2783 777 2806 et
802 2778 867 2807 Lu-

142 2820 228 2850 cretii
247 2820 377 2854 librariis
392 2824 518 2855 usitata:
546 2826 615 2856 vide
636 2837 720 2864 mox,
743 2828 783 2858 ad
804 2838 865 2859 ver.

147 2873 235 2903 1076.
292 2875 387 2908 Hanc
412 2879 628 2911 confusionem
655 2880 865 2912 Ruhnkenius

910 1293 1011 1334 tetigit
1026 1294 1065 1325 ad
1089 1296 1186 1327 Rutil.
1210 1297 1289 1337 Lup.
1306 1299 1326 1329 i.
1346 1302 1371 1329 1.
1387 1300 1419 1330 in
1435 1301 1583 1332 omnibus
1597 1303 1637 1334 ad

910 1346 1005 1376 istum
1021 1347 1127 1378 locum
1142 1360 1204 1379 non
1221 1356 1337 1381 temere
1353 1352 1536 1384 audiendus.

957 1398 1037 1428 Ibid.
1062 1401 1215 1432 Adcidere
1230 1405 1271 1432 ad
1287 1405 1399 1434 aureis.
1444 1405 1481 1440 Q.
1498 1405 1636 1442 Curtius,

911 1448 950 1479 iv,
966 1453 995 1479 4.
1012 1454 1111 1481 6.—“
1127 1452 1256 1483 classem
1282 1454 1377 1492 litori,
1401 1466 1418 1485 e
1442 1466 1504 1496 quo
1529 1457 1637 1488 fremi-

914 1504 935 1520 “
951 1508 1002 1532 tus
1016 1506 1181 1539 acciderat,
1198 1504 1364 1536 admovit.’'
1390 1506 1568 1548 Utrumque
1580 1519 1638 1539 suo

913 1557 981 1587 loco
995 1559 1128 1597 probum
1145 1564 1199 1594 est,
1216 1562 1369 1597 accedere,
1386 1566 1416 1590 et
1431 1563 1581 1601 accidere,
1598 1563 1639 1593 ad

913 1619 1016 1647 aures3
1040 1610 1099 1639 nisi
1115 1620 1195 1640 verae
1220 1611 1282 1640 sint
1303 1612 1437 1642 rationes
1454 1613 1637 1644 Ruhnkenii

911 1663 951 1692 ad
975 1662 1134 1692 Rutilium
1156 1663 1294 1702 Lupum,
1320 1664 1339 1694 i.
1368 1668 1415 1695 17.
1441 1665 1493 1695 sed
1521 1666 1559 1696 de
1584 1677 1638 1697 vo-

911 1727 983 1746 cum
1000 1717 1238 1755 permutatione,
1256 1724 1286 1747 et
1301 1718 1367 1757 ipsa
1383 1720 1497 1757 phrasi,
1514 1720 1547 1749 in
1563 1730 1637 1750 con-

912 1767 1020 1798 cilium
1051 1769 1246 1799 adhibendus
1275 1775 1321 1798 est
1352 1770 1637 1805 Drakenborchius.

912 1820 951 1850 ad
967 1821 1033 1850 Liv.
1050 1831 1078 1850 x.
1096 1825 1145 1851 41.
1164 1824 1191 1851 7.
1208 1821 1298 1860 plura
1313 1822 1517 1860 cupientibus.
1552 1824 1635 1853 Con-

912 1872 991 1901 feras
1006 1872 1131 1911 insuper
1153 1873 1211 1902 sibi
1233 1874 1429 1912 Lucretium,
1453 1875 1492 1905 ad
1508 1875 1547 1905 iv.
1563 1880 1635 1906 57⁴2.

911 1924 1197 1960 S80.—Caeterum‚
1225 1926 1403 1965 argumenti
1428 1937 1478 1956 sui
1503 1927 1638 1957 illustra-

912 1977 996 2007 tione
1012 1976 1058 2013 ea,
1083 1988 1152 2017 quae
1167 1977 1315 2017 sequitur,
1332 1978 1411 2008 nihil
1423 1980 1524 2017 aptius
1540 1985 1571 2009 et
1586 1989 1638 2010 ex-

912 2028 1074 2058 cellentius
1088 2028 1255 2058 desiderari
1268 2035 1376 2067 potest.
1420 2037 1549 2071 Αφελειᾳ
1564 2042 1640 2071 qua-

913 2081 985 2110 dam
1001 2079 1115 2116 nativa,
1139 2086 1170 2109 et
1185 2080 1289 2118 lepore
1301 2091 1371 2110 vere
1384 2081 1585 2120 Lucretiano,
1601 2077 1640 2112 ad

913 2132 1217 2162 consummationem
1241 2132 1417 2167 venustatis,
1442 2143 1541 2172 usque
1563 2133 1641 2164 adeo

914 2189 1034 2213 naturae
1049 2183 1098 2213 hic
1113 2183 1264 2222 interpres
1283 2182 1481 2212 fidelissimus
1496 2183 1640 2214 condivit.

959 2235 1031 2265 Ver.
1049 2238 1141 2265 1025.
1159 2236 1221 2264 ulla
1236 2234 1322 2264 deest
1338 2238 1515 2274 1’1.—quin:
1536 2234 1574 2265 V.
1591 2235 1639 2265 ed.

914 2294 954 2318 Π.
970 2289 1100 2327 quando.

955 2339 1029 2368 Ver.
1048 2342 1139 2369 1026.
1163 2344 1290 2369 constet:
1318 2338 1358 2367 V.
1374 2337 1422 2368 ed.
1438 2344 1556 2369 crescet.
1585 2338 1645 2375 Et,

910 2391 942 2421 in
958 2400 1047 2420 versu
1072 2396 1230 2431 sequente,
1254 2401 1308 2421 nec
1331 2389 1424 2420 Vind.
1451 2391 1489 2426 Q.
1521 2397 1561 2421 Π.
1583 2401 1640 2430 pro

910 2454 1014 2483 neque.
1208 2439 1211 2440 ⁷

956 2498 1031 2527 Ver.
1050 2501 1140 2527 1028.
1161 2497 1235 2527 Non
1250 2497 1375 2527 minuas
1390 2497 1503 2527 iterum
1519 2498 1638 2536 mirari,

912 2548 1021 2586 lector,
1037 2549 1193 2579 editorum
1209 2554 1386 2578 nostrorum
1399 2548 1640 2587 perditissimam

913 2600 1138 2637 temeritatem3
1162 2600 1216 2640 qui
1233 2599 1289 2630 sua
1304 2599 1418 2629 incude
1433 2600 1476 2629 sic
1491 2600 1640 2631 reforma-

912 2656 961 2680 tos
982 2661 1096 2686 versus,
1120 2657 1227 2680 contra
1250 2650 1390 2680 fidelium
1414 2651 1642 2690 exemplarium

913 2703 1064 2732 unanime
1083 2702 1232 2740 edictum,
1256 2703 1323 2732 orbi
1348 2702 1470 2733 literato
1493 2704 1638 2734 exhibere

913 2764 977 2784 non
992 2754 1185 2784 erubuerint:

1230 2821 1279 2839 nec
1290 2818 1347 2839 tam
1359 2814 1481 2840 mirabile
1491 2815 1637 2846 quidquam

941 2853 1079 2886 Principio,
1095 2854 1167 2885 quod
1179 2861 1233 2879 non
1245 2855 1369 2880 minuant
1381 2855 1502 2881 mirarier
1515 2860 1608 2880 omnes

944 2893 1083 2918 Paullatim
1091 2901 1102 2922 ,·
1121 2897 1152 2919 ut
1164 2894 1266 2920 coeli-.
