1894 3253
655 285 746 327 AD
779 280 1174 326 LECTOREM.
1582 295 1664 323 xxv

165 408 266 449 sime
287 407 587 459 incumbentes,
609 410 722 465 prius
743 409 950 459 volumen,
973 415 1019 449 ut
1035 415 1340 448 antecursorem
1356 405 1578 461 quendam,
1597 406 1663 461 qui

162 480 369 537 publicam
391 485 628 539 opinionem
646 485 844 540 speculari
866 484 1014 540 quiret,
1038 491 1077 524 ct
1097 482 1274 539 gratiam
1294 481 1504 536 aucupari,
1527 496 1665 522 neces-

164 571 255 597 sum
276 556 401 598 habui
422 560 688 613 praemittere:
721 568 761 600 et
782 566 919 599 actum
941 566 1000 598 est
1020 557 1205 612 profecto
1226 556 1278 597 de
1298 556 1471 597 fortunis
1491 556 1606 605 meis,
1625 563 1665 596 et

164 631 413 673 editionibus
434 634 649 687 poetarum
671 641 854 674 veterum
874 647 948 687 per
969 631 1137 672 sudores
1167 646 1280 671 meos
1301 631 1343 670 in
1364 630 1548 671 futurum
1568 645 1665 685 pro-

164 706 371 756 curandis,
404 707 478 747 nisi
503 708 553 748 sit
574 707 653 748 hoc
675 708 880 762 specimen
910 706 1029 748 lautis
1042 704 1250 761 judicibus
1279 705 1497 747 liberaliter
1518 720 1664 760 excep-

162 787 267 820 tum:
301 781 412 836 quod
435 797 531 822 sane
552 781 614 822 vel
634 782 687 822 ad
708 782 821 822 omni
841 781 942 823 luxu
963 779 1264 837 typographico
1285 780 1663 830 condecorandum,

161 869 244 910 quo
274 855 483 910 pulchrius
514 857 669 897 veniret
699 856 951 913 elegantibus
971 855 1196 896 formarum
1228 855 1522 910 spectatoribus
1554 871 1665 897 com—

162 930 420 980 mendatum,
464 939 684 987 apparatus
723 946 775 971 nc
806 930 1145 986 sumptuosissimi
1185 929 1351 985 quidem
1391 938 1663 971 cessaverunt.

165 1004 343 1055 Interea,
377 1005 551 1046 candide
580 1005 722 1055 lector,
755 1013 795 1046 et
825 1004 999 1046 erudite!
1045 1004 1199 1045 indices
1230 1004 1329 1054 duo,
1362 1004 1463 1045 alter
1503 1005 1665 1045 criticus

164 1081 353 1121 omnium
374 1081 417 1120 in
439 1080 742 1121 commentariis
768 1080 1061 1121 notabilior-um
1083 1079 1328 1129 uberrimus,
1362 1087 1403 1120 et
1423 1079 1524 1120 alter
1552 1079 1664 1120 locu-

163 1154 409 1208 pletissimus
428 1156 663 1205 verborum,
696 1156 801 1196 libro
823 1164 939 1196 sexto
970 1155 1246 1210 subjicientur.
1309 1154 1418 1203 Quae
1448 1161 1665 1208 supersunt

163 1237 317 1278 autem,
340 1230 499 1284 prelum
521 1230 798 1271 strenuissime
820 1238 1029 1280 exercent,
1063 1238 1103 1271 et
1123 1229 1264 1285 paucis
1285 1228 1436 1270 abhinc
1456 1227 1667 1270 mensibus

165 1300 245 1343 hoc
266 1303 473 1354 volumen,
497 1304 593 1346 Deo
614 1304 789 1357 favente,
811 1306 1088 1362 insequentur.
1149 1302 1270 1346 Vale!

193 1453 235 1491 E
256 1452 410 1492 Mcsaeo
430 1468 511 1493 meo

157 1540 285 1579 prope
314 1527 558 1578 Londinum,

182 1600 367 1642 Novemb.
389 1603 454 1642 die
471 1618 536 1643 xx.
