1894 3253
548 231 784 282 LIBER

837 230 1253 282 SECUNDUS

1563 239 1656 280 325

359 365 580 417 Praeterea,
603 366 706 407 nihil
726 367 940 416 obiiciunt,
963 365 1223 421 obstantque,
1245 364 1391 422 figurae

301 439 543 492 Dissimiles,
566 456 649 497 quo
669 441 916 497 quadratum
938 440 1074 480 minus
1095 453 1219 479 omne
1239 439 1290 479 sit
1313 446 1448 480 extra:

189 515 269 555 785
302 516 361 556 At
383 517 504 557 varici
526 531 664 557 rerum
686 515 903 570 inpediunt
922 512 1227 569 prohibentque
1248 513 1421 563 colores,

300 589 399 639 Quo
420 591 556 631 minus
576 605 662 631 esse
684 604 770 631 uno
788 589 918 645 possit
938 603 1002 629 res
1023 595 1111 628 tota
1135 587 1283 627 nitore.

353 663 467 705 Tum
487 679 629 720 porro,
652 680 748 720 quae
769 664 882 705 ducit
904 671 944 704 et
964 662 1108 712 inlicit,
1140 670 1187 702 ut
1207 661 1436 702 tribuamus

297 737 517 793 Principiis
538 753 676 779 rerum
697 753 784 779 non
804 752 1050 794 numquam,
1072 751 1228 786 caussa,
1252 735 1424 786 colores,

294 810 483 863 Obcidit;
517 828 569 854 ex
590 813 689 855 albis
710 814 908 870 quoniam
933 827 1020 854 non
1041 811 1134 853 alba
1154 819 1363 861 creantur,

179 887 261 927 790
295 886 399 937 Nec,
421 902 515 943 quae
536 888 657 945 nigra
672 888 824 938 cluent,
847 887 899 929 de
919 887 1047 944 nigris
1055 904 1067 936 ;
1102 885 1171 926 sed
1193 884 1314 925 variis
1335 883 1400 925 de.

293 962 462 1019 Quippe
483 972 523 1005 et
543 964 654 1005 enim
674 964 806 1005 multo
827 962 1050 1019 proclivius
1071 961 1312 1002 exorientur

296 1037 501 1088 Candida,
526 1038 578 1079 de
599 1038 727 1089 nullo,
752 1053 876 1094 quam
899 1037 1037 1093 nigro,
1061 1042 1159 1076 nata
1180 1033 1336 1082 colore;

290 1111 378 1153 Aut
398 1112 478 1153 alio
499 1128 581 1168 quo
602 1114 676 1163 vis,
699 1113 769 1169 qui
791 1120 936 1154 contra
955 1116 1128 1167 pugnet,
1151 1116 1192 1150 et
1212 1107 1359 1149 obstet.

144 1270 163 1285 “
180 1267 240 1298 rio:
267 1269 325 1299 hoc
348 1274 467 1307 tamen,
498 1274 660 1309 utcunque
686 1267 874 1306 absurdum,

147 1328 167 1341 “
183 1323 251 1354 fieri
273 1323 350 1354 solet
365 1335 402 1354 ex
419 1324 646 1363 opponentium
661 1323 875 1363 opinionibus,

146 1379 166 1392 “
178 1375 297 1405 colores
308 1375 499 1414 corpusculis
508 1374 619 1415 primis
628 1374 877 1406 attribuentium.

147 1433 166 1446 ¹‘
185 1428 318 1459 Occidat
331 1440 406 1470 ergo
421 1440 545 1460 necesse
568 1436 614 1460 est
629 1431 695 1460 haec
710 1429 876 1466 sententia,

147 1486 167 1499 “
183 1492 283 1522 quum
298 1482 355 1512 sibi
372 1483 438 1521 ipsa
452 1493 565 1521 parum
581 1481 729 1512 constet.”

188 1534 264 1564 Ver.
282 1536 352 1565 789.
376 1541 540 1565 creantur:
568 1534 605 1565 L.
623 1535 671 1566 M.
689 1538 724 1565 Δ.
741 1539 776 1567 Σ.
793 1545 878 1565 crea-

150 1591 211 1616 tur.

192 1637 268 1667 Ver.
293 1639 365 1668 790.
397 1638 482 1668 AVec:
511 1636 608 1668 Vind.
634 1637 676 1666 V.
701 1636 748 1667 ed.
778 1643 818 1667 11.
845 1641 881 1668 Σ.

150 1689 323 1728 Nan—qua?
344 1690 449 1728 nigra:
481 1694 516 1719 Δ.
539 1691 664 1728 migrata
676 1704 687 1725 ,-
709 1698 774 1718 non
789 1688 881 1719 male.

146 1741 306 1771 —clzcent:
325 1740 365 1770 V.
383 1739 430 1770 ed.
447 1742 560 1775 eluent;
582 1746 622 1770 Π.
640 1742 876 1771 ducunt—sed:

150 1798 190 1821 Π.
206 1797 247 1822 et:
273 1801 292 1821 a
305 1794 369 1829 sed,
384 1798 426 1822 set
442 1792 544 1829 venit3
568 1791 681 1822 deinde
696 1803 710 1822 s
726 1791 880 1821 omissum

146 1851 203 1881 est,
232 1849 268 1873 ut
293 1853 374 1882 saepe
400 1843 627 1874 alias—variis
650 1845 695 1873 de.
742 1843 824 1873 Haec
847 1853 879 1873 e-

151 1894 311 1924 mendatio
326 1900 372 1924 est
387 1894 615 1931 Lambiniana3
638 1893 700 1935 qua
715 1904 779 1924 non
795 1893 880 1924 dete-

151 1946 214 1975 rior
229 1945 320 1983 foret,
336 1947 432 1976 variis
447 1957 501 1976 er:
528 1945 582 1975 sed
597 1946 656 1975 hoc
672 1944 722 1975 vel
736 1944 791 1975 illo
803 1944 882 1974 nihil

151 1996 230 2026 mihi
245 1996 444 2027 verisimilius
458 1997 492 2027 in
508 2003 648 2027 mentem
662 1996 755 2027 venit.
778 1996 816 2026 L.
834 1997 882 2026 M.

151 2050 351 2080 vetustissimi
366 2050 486 2081 codices
497 2051 624 2088 habent,
636 2052 724 2081 varia
733 2060 780 2081 ea,
802 2050 880 2080 For-

150 2107 192 2140 te,
222 2105 360 2138 variata,·
395 2103 414 2133 i.
440 2113 466 2133 e.
504 2105 527 2121 “
543 2113 602 2141 res,
633 2102 790 2132 coloribus
818 2101 883 2132 suis

152 2158 175 2173 “
191 2155 368 2195 variegatae,
393 2166 474 2195 saepe
496 2166 534 2186 ex
557 2155 636 2186 albis
658 2155 787 2185 diversis
800 2154 882 2185 inter

152 2209 174 2224 “
191 2217 224 2236 se
253 2207 440 2243 commixtis,
472 2213 503 2237 et
525 2207 624 2248 nigris
649 2207 745 2237 etiam
769 2216 825 2245 per
850 2216 881 2236 se

152 2261 176 2276 “
193 2259 334 2289 similiter
349 2261 535 2299 compositis,
551 2260 636 2291 haud
650 2270 721 2292 raro
736 2259 882 2290 exoriun-

153 2313 176 2328 “
195 2310 276 2341 tur.''
322 2311 418 2341 Vind.
436 2313 476 2343 V.
493 2313 540 2343 ed.
558 2319 592 2343 Δ.
611 2319 652 2344 Π.
666 2318 700 2345 Σ.
715 2315 812 2344 variis
824 2324 879 2350 ea,-

156 2360 196 2391 Ο.
222 2367 265 2391 Ω.
288 2364 382 2392 variis
404 2370 491 2399 ειιηὶς
516 2364 554 2394 Ρ.
578 2367 702 2396 variant
724 2376 770 2401 se;
794 2371 826 2395 et
846 2364 881 2394 in
921 2368 924 2371 ’

154 2411 220 2452 ejus
234 2412 341 2450 priscis
353 2413 581 2453 exemplaribus
593 2426 623 2445 se
635 2426 699 2445 non
711 2416 879 2446 invenitur.

155 2462 345 2493 Posteriores
354 2464 515 2494 varietates
521 2472 731 2496 correctorem
742 2466 867 2505 sapiunt
871 2479 881 2505 ς

155 2520 185 2544 et
201 2514 423 2544 difficillimum
438 2522 493 2552 est,
519 2516 602 2556 quod
630 2517 759 2548 lectores
773 2517 880 2548 devin-

154 2571 216 2604 cat,
243 2566 403 2605 expiscari.
449 2567 685 2606 Praepositionis
711 2575 816 2599 autem
839 2569 882 2600 sic

156 2619 346 2658 postpositae,
371 2618 477 2649 nullus
492 2620 614 2659 dubito,
638 2621 715 2662 quin
731 2621 885 2662 Virgilius

156 2671 337 2710 exemplum
363 2671 496 2709 dederit,
521 2672 547 2701 si
563 2683 616 2711 per
630 2673 769 2704 librarios
785 2674 884 2704 stetis-

155 2727 212 2760 set,
229 2722 268 2753 ad
293 2723 366 2753 AEn.
382 2733 408 2753 V.
424 2727 497 2753 523.
521 2724 574 2764 qui
597 2725 745 2756 rariorem
763 2725 883 2755 formu-

157 2773 220 2804 lam
235 2786 427 2816 concoquere
443 2776 605 2817 nequiere:

190 2859 388 2892 Euryalumque
409 2862 536 2886 Helemus
556 2862 692 2893 sequitur:
719 2869 768 2894 quo
789 2862 886 2887 deinde

285 2900 329 2924 sub
340 2900 391 2932 ipse

194 2939 260 2964 Eece
270 2940 353 2971 volat,
363 2942 521 2975 calcemque
532 2943 593 2968 terit
602 2944 659 2974 jam
672 2942 756 2972 calce,
769 2942 874 2967 Diores:

919 1266 939 1296 i.
955 1276 982 1295 e.
1001 1267 1063 1305 ipse
1077 1265 1192 1294 Diores
1197 1278 1208 1299 ;
1233 1261 1318 1302 quod
1330 1260 1423 1291 facile
1438 1266 1496 1299 est,
1512 1271 1548 1291 ac
1563 1268 1655 1292 natu.

922 1317 1000 1347 rale:
1027 1322 1058 1346 et
1073 1316 1149 1345 hinc
1165 1325 1203 1344 ea
1218 1313 1352 1344 varietas
1375 1313 1460 1352 apud
1475 1314 1658 1353 grammati.

923 1380 996 1400 cum
1014 1367 1215 1399 Diomedem.
1260 1365 1361 1404 Libri,
1378 1367 1451 1405 ipso.

966 1421 1042 1451 Ver.
1073 1422 1145 1451 791.
1174 1419 1360 1458 proclivius:
1388 1423 1430 1448 Π.
1456 1419 1656 1457 proclivis.—

922 1475 1114 1505 exorientur:
1141 1477 1182 1501 Π.
1204 1471 1400 1504 επονίιιηῐωη
1430 1476 1477 1500 Ω..
1503 1472 1656 1501 exoriren-

923 1533 975 1556 tur
980 1541 990 1561 ;
1015 1522 1155 1554 fortassis
1172 1532 1256 1552 vere:
1283 1526 1314 1551 et
1325 1521 1376 1558 sit,
1392 1520 1419 1550 si
1431 1521 1541 1560 mavis,
1557 1533 1656 1553 exore-

924 1582 1048 1608 renlur:
1075 1574 1114 1605 de
1128 1583 1191 1614 quo
1213 1572 1327 1603 alicubi
1343 1572 1482 1602 diximus
1492 1572 1525 1602 in
1541 1583 1654 1613 praece-

925 1628 1079 1659 dentibus·

970 1689 1045 1719 Ver.
1072 1691 1144 1719 792.
1170 1685 1258 1717 Ordo
1281 1691 1340 1716 est:
1372 1688 1394 1704 “
1412 1685 1497 1716 Nam
1524 1686 1656 1718 candida

925 1747 948 1762 “
964 1741 1066 1773 multo
1075 1739 1201 1771 facilius
1212 1740 1417 1779 apparebunt,
1430 1745 1514 1777 nata,
1524 1739 1573 1769 vel
1585 1750 1655 1769 nas-

926 1798 948 1813 “
965 1793 1079 1832 centia,
1103 1792 1142 1823 de
1157 1792 1246 1823 nullo
1261 1791 1392 1830 semine,
1415 1802 1510 1832 quam
1533 1791 1657 1832 nigro.”

926 1846 1022 1876 Hanc
1034 1844 1299 1874 constructionem
1310 1843 1428 1873 librarii
1440 1853 1505 1873 non
1515 1849 1657 1874 tenentes

926 1897 1079 1929 dederunt
1105 1896 1139 1926 in
1169 1896 1207 1927 P.
1228 1897 1326 1936 pullo,
1351 1895 1417 1925 vice
1439 1897 1540 1931 nullm
1564 1902 1657 1935 atque

926 1950 1068 1985 editores,
1083 1948 1228 1978 similiter
1244 1947 1454 1985 caecutientes,
1478 1957 1516 1977 ex
1532 1947 1656 1978 arbitrio

927 2012 984 2031 suo
1013 2001 1208 2031 intruserunt
1238 1999 1329 2029 nobis
1358 2001 1395 2029 de
1423 2000 1577 2037 nigrante,
1601 2008 1658 2037 pro

924 2053 1057 2084 lectione
1072 2051 1218 2083 omnium
1234 2050 1472 2090 exemplarium,
1493 2052 1583 2090 nigro
1598 2062 1656 2081 na·

925 2114 975 2139 ta:
1000 2106 1128 2138 licentia
1153 2106 1286 2136 minime
1310 2105 1450 2144 ferenda,
1477 2105 1528 2136 vel
1551 2105 1656 2145 ignos-

925 2158 1037 2197 cenda,
1053 2160 1087 2189 in
1103 2158 1290 2189 Lucretium
1305 2156 1494 2188 debacchati.

969 2210 1043 2241 Ver.
1070 2213 1142 2242 795.
1164 2211 1331 2241 ewsistunt:
1363 2208 1385 2238 i.
1416 2218 1443 2238 e.
1473 2211 1657 2247 exsurgunt,

925 2263 1110 2294 exoriuntur
1117 2274 1126 2300 ;
1148 2268 1184 2292 ut
1199 2271 1280 2300 saepe
1301 2261 1412 2291 Carus.
1458 2259 1508 2290 M.
1533 2258 1659 2290 Tullius

925 2315 959 2345 in
976 2317 1089 2346 Arato:

988 2391 1095 2416 Exsistit
1105 2389 1204 2423 pariter
1214 2388 1287 2421 larga
1299 2395 1363 2414 cum
1374 2387 1435 2413 luce
1445 2388 1552 2412 Bootes.

927 2457 1001 2487 Hoc
1030 2462 1137 2487 autem
1167 2455 1296 2495 Epicuri
1327 2454 1443 2496 dogma
1469 2453 1658 2485 Plutarchus

926 2508 1070 2548 exposuit
1092 2508 1126 2538 in
1151 2506 1259 2538 libello
1283 2505 1429 2537 adversus
1454 2504 1607 2540 Colotem‚
1628 2515 1659 2543 p.

929 2564 1020 2591 1110.
1047 2560 1083 2591 C.
1115 2566 1146 2590 et
1174 2558 1293 2589 ibidem
1323 2557 1464 2588 refellere
1494 2566 1658 2597 aggressus

927 2619 987 2643 est:
1015 2619 1108 2646 Αυτος
1125 2625 1183 2653 γαρ
1199 2624 1228 2642 εν
1245 2612 1256 2641 ὅ
1274 2615 1507 2652 Emnepo;‚-8x
1530 2621 1594 2639 ειναιι
1610 2615 1658 2639 λε-

930 2678 988 2704 νγων
1004 2677 1045 2694 «τοι
1059 2675 1211 2705 χρωματοι
1223 2669 1337 2701 συμφυῆ
1354 2674 1411 2695 τοις
1424 2673 1560 2700 captatam,
1573 2666 1660 2690 αλλαι

930 2717 1079 2756 assumerem
1103 2727 1186 2745 nam
1214 2727 1296 2747 ποιας
1326 2726 1403 2747 τινας
1436 2713 1540 2751 ταξεις,
1574 2711 1659 2754 (Vide

929 2777 1022 2806 supra
1034 2770 1188 2802 nostrum,
1208 2774 1268 2794 ver.
1286 2764 1373 2803 760.)
1400 2777 1450 2795 και
1473 2765 1564 2798 Sea-213
1593 2775 1657 2805 προς

931 2830 982 2850 «την
998 2819 1205 2855 σχὼν-κατα
1221 2816 1294 2853 λέξιν
1308 2828 1407 2846 ταυτα
1423 2822 1576 2858 γεγραφεν·
1593 2820 1657 2844 Αλ-

931 2876 974 2900 λοι
989 2882 1038 2899 και
1053 2882 1140 2910 xmp&
1158 2880 1234 2899 τετε
1249 2880 1287 2899 τε
1310 2879 1405 2910 'aspi-35,
1431 2880 1468 2898 εκ
1494 2866 1563 2905 ωδα,
1581 2867 1656 2897 ὅπως

931 2922 968 2953 Σει
985 2935 1024 2953 τοι
1042 2935 1065 2954 εν
1081 2934 1177 2954 enom-en
1193 2934 1293 2953 ταυτα
1309 2934 1377 2953 οντα
1397 2928 1486 2961 onom
1508 2930 1659 2961 χρωματι
