1894 3253
209 275 239 312 [Ο

693 263 753 311 Τ.
804 261 1185 311 LUCRETII

353 396 462 446 Quae
491 410 604 437 mare
634 394 890 451 navigerum,
922 407 1015 448 quae
1045 401 1173 434 terras
1202 392 1514 450 frugiferenteis,

353 471 624 512 Concelebras
632 488 644 520 3
676 485 750 525 per
779 477 820 510 te
850 468 1046 524 quoniam
1075 483 1205 525 genus
1235 483 1359 509 omne
1389 467 1646 509 animantum

206 607 297 638 Hinc
332 605 453 646 proprie
499 605 654 644 imprimis
690 605 724 635 in
770 605 851 646 epig.
889 608 939 637 85.

206 659 258 690 lib.
282 659 327 689 iii.
355 658 484 688 Anthol.
499 658 568 688 Lat.
593 659 701 688 Burm.
724 667 785 689 ver.
816 658 937 697 penult.

207 712 356 751 scriptum
380 710 508 750 legitur:

239 773 305 797 Vina
314 772 385 795 sitim
397 769 507 801 sedent;
524 771 590 795 natis
602 773 684 796 Venus
693 772 762 795 alma
773 771 888 796 creandis

268 819 383 843 Serviat:
402 818 453 842 hoc
465 818 529 843 fines
541 818 699 843 transiluisse
711 821 800 843 nocet.

207 869 326 900 Statius
340 868 421 899 forte
436 879 477 898 an
501 869 563 898 huc
578 869 755 908 respexerit,
776 869 851 900 Silv.
869 869 889 899 i.
907 873 935 899 2.

211 924 224 951 l
234 924 261 951 1.

237 982 296 1012 Ipsa
307 987 389 1005 manu
401 984 513 1012 nuptam
522 980 640 1012 genetrix
652 983 750 1005 AEne'ia
763 981 848 1010 ducit,

235 1024 352 1048 Lumina
363 1024 515 1053 demissam,
524 1027 551 1048 et
562 1023 632 1047 dulci
642 1023 773 1054 probitate
783 1023 936 1047 rubentem.

248 1073 329 1103 Ibid.
339 1075 495 1104 hominum
505 1072 661 1113 (Zizaimque
672 1075 818 1113 voluptas.
866 1072 940 1102 Hoc

205 1124 244 1154 de
267 1127 346 1155 divis
369 1124 555 1165 generaliter
588 1124 691 1162 potius
716 1123 840 1154 videtur
872 1123 936 1153 dic-

204 1183 274 1207 tum
290 1177 330 1206 ad
353 1176 517 1215 populares
538 1176 577 1205 de
603 1175 665 1205 illis
689 1175 862 1214 opiniones,
891 1181 937 1205 at-

205 1240 266 1271 que
288 1228 489 1258 rotunditatis
511 1226 626 1267 gratia,
660 1237 753 1267 quam
780 1227 866 1267 quod
897 1227 937 1257 sit

205 1282 436 1322 Epicureorum
451 1280 627 1310 rationibus
642 1279 749 1309 affine:
769 1289 833 1308 non
863 1278 935 1309 ideo

205 1334 245 1365 ad
260 1333 444 1364 morosiores
469 1331 620 1362 orationis
643 1330 847 1369 proprietates
864 1330 930 1359 exi-

204 1388 354 1429 gendum.
401 1387 482 1422 Quae
505 1386 733 1424 disputavimus
745 1390 851 1414 autem
870 1395 930 1414 nu-

204 1452 260 1481 per
288 1441 322 1470 in
349 1439 454 1470 nostra
479 1438 561 1469 Silva
591 1437 717 1475 Criticzi,
743 1444 820 1467 tom.
849 1447 877 1467 ν.
903 1448 931 1476 p.

205 1497 255 1525 49.
280 1492 319 1523 ad
344 1493 373 1522 S.
398 1492 512 1522 Matth.
539 1490 643 1519 xxviii.
682 1493 729 1519 18.
756 1499 848 1528 super
870 1484 930 1520 ha'c

204 1545 376 1582 locutione,
398 1543 488 1573 nobis
509 1542 611 1572 otium
643 1548 787 1572 excusate
820 1542 935 1572 facient

205 1609 291 1629 nunc
302 1599 381 1639 jam,
400 1596 439 1626 ad
465 1595 652 1634 opusculum
673 1594 754 1624 illud
777 1594 932 1625 studiosos

205 1651 381 1691 philologos
403 1659 477 1679 cum
497 1647 580 1678 bona
603 1647 725 1678 lectoris
747 1645 848 1683 venia,
883 1658 930 1677 re-

205 1703 411 1734 mittentibus.

208 1755 270 1786 Sed
292 1760 394 1784 totum
417 1754 476 1782 hoc
501 1752 666 1782 exordium
688 1751 767 1781 nihil
783 1751 933 1790 proximi-

205 1819 244 1839 us
265 1806 403 1846 attingit,
428 1811 482 1835 aut
507 1804 666 1843 potentius
689 1803 834 1841 illustrat,
868 1814 935 1833 ver-

204 1859 290 1889 sibus
316 1857 515 1898 quibusdam,
552 1856 708 1895 hymnum
739 1854 773 1884 in
799 1855 934 1885 eandem

207 1909 365 1939 Venerem
379 1907 622 1946 auspicantibus,
636 1907 772 1936 Homeri
799 1906 934 1945 dictum;

205 1971 283 2002 quos
299 1966 380 1990 certe
398 1960 497 1989 Carus
513 1958 546 1988 in
566 1958 665 1988 oculis
679 1959 823 1988 habebat:

245 2031 338 2058 Mune,
350 2037 393 2061 μοι
404 2036 476 2052 ewen-s
487 2036 549 2061 εςγοι
559 2030 702 2060 πολυχξυσε
714 2025 849 2060 Aegean-ng

245 2075 378 2110 Kvw'cho;‚
391 2075 405 2101 ἦ
417 2083 443 2099 τε
455 2074 546 2099 Semo-zv
559 2082 595 2099 sert
608 2078 704 2103 γλυκυν
715 2072 793 2107 ι’μεςον
803 2082 871 2107 wgo-e,

246 2126 298 2149 Και
310 2122 337 2148 ’τ’
351 2122 523 2154 εδοιμ-σιατοιτο
534 2125 602 2153 φαλκ
613 2120 776 2149 merueras-m
788 2120 921 2155 aevOgonwr,

247 2173 338 2198 oms.»
351 2179 377 2195 τε
389 2169 520 2199 adn-mm,
530 2179 576 2194 zm
590 2169 670 2203 5}ngoe
681 2179 778 2199 eroewroe,

245 2221 269 2244 H
281 2228 325 2253 μεν
340 2218 376 2244 o‘c’
387 2227 477 2253 ηπίιςος
489 2223 576 2243 πολλοι
586 2225 669 2252 egaea,
681 2217 718 2246 ἠδ’
730 2217 780 2242 ὅσοι
791 2223 884 2245 πως-σς·

244 2270 335 2295 ΠΑΣῙ
355 2270 396 2293 ΓΕ
409 2278 472 2303 εςγα.
481 2273 592 2302 μεμκλεν
604 2270 738 2300 eima-zema
750 2267 875 2302 Κυθεξειης.

208 2330 260 2360 Ita
278 2338 385 2359 versus
409 2327 540 2357 ultimus
563 2326 627 2357 leni
650 2324 808 2356 medicina
831 2336 935 2364 persa·

206 2382 331 2412 naudus
343 2386 398 2411 est.
444 2379 563 2420 Vulgo,
582 2386 678 2410 Hoeem
698 2379 718 2409 δ’
743 2379 935 2418 ineptissime

206 2433 431 2474 undequaque3
462 2437 492 2461 et
508 2437 615 2461 contra
630 2431 730 2471 justas
753 2431 871 2471 linguae
887 2442 934 2461 ra.

206 2486 319 2523 tiones,
343 2489 435 2523 prout
448 2483 577 2520 videbis,
610 2483 636 2512 si
662 2482 801 2523 perlegas
827 2484 935 2514 statim

206 2535 367 2577 sequentia
381 2535 414 2564 in
427 2535 485 2564 isto
497 2533 645 2564 carmine.

250 2589 325 2618 Ver.
343 2592 372 2617 2.
392 2589 483 2617 Alma
508 2588 625 2617 Venus:
644 2591 680 2615 ut
703 2585 795 2626 Virg.
819 2587 893 2617 AEn.
915 2588 933 2618 i.

208 2643 281 2672 618.
312 2648 342 2668 x·
371 2642 443 2668 352.
471 2639 572 2669 Vetus
593 2637 793 2678 glossarium:
826 2642 846 2656 “
874 2639 933 2669 Al.

206 2702 269 2729 ma,
287 2698 384 2724 κλυτη
397 2691 427 2720 .·”
455 2692 505 2721 cui
538 2692 717 2722 conveniret
747 2692 930 2732 interpreta-

207 2742 287 2773 tioni
302 2751 376 2771 mox
392 2742 519 2772 veniens
528 2753 588 2774 ver.
605 2747 655 2774 41.

237 2815 300 2822 —-
309 2805 402 2833 petens
413 2801 544 2833 placidam
558 2804 692 2834 Romanis,
703 2804 810 2834 incluta,
821 2811 930 2835 pacem:

208 2852 239 2877 et
269 2845 309 2876 de
339 2847 397 2876 sole
423 2854 519 2884 quem
546 2852 634 2876 vocat
654 2849 768 2878 almum
794 2846 932 2882 Flaccus,

209 2908 303 2929 carm.
326 2907 383 2927 sec.
412 2897 562 2933 Avienus,
594 2899 681 2929 Arat.
709 2909 820 2939 progn.
849 2898 932 2935 dicit,

211 2956 232 2970 ‘⁴
260 2951 305 2982 vis
341 2952 450 2983 inclita
489 2950 598 2982 solis:’'
646 2951 700 2982 sed
730 2951 847 2984 invitus
882 2961 933 2983 ac—

984 603 1128 633 cesserim
1158 603 1305 644 equidem
1329 604 1403 634 huic
1433 604 1554 645 glossae,
1581 610 1613 635 et
1635 607 1707 637 sub-

978 654 1077 695 jectas
1115 656 1261 696 ejusdem
1290 655 1362 686 libri
1388 657 1491 695 potius
1521 657 1708 697 amplectar:

985 712 1004 724 “
1024 707 1132 746 Alma,
1165 710 1336 750 Spsvrrstpa:
1376 709 1505 747 Almus,
1540 709 1662 752 ζειδωςας
1675 709 1710 739 .·”

981 760 1021 789 ab
1049 762 1098 790 alo
1122 760 1253 797 scilicet;
1295 763 1447 801 genetrici
1471 761 1573 791 multo
1603 762 1710 802 magis

981 815 1170 846 commodas.
1216 816 1305 846 Hinc
1320 822 1378 855 est,
1408 817 1492 858 quod
1514 828 1578 848 non
1608 821 1706 849 Venus

979 875 1115 906 tantum,
1145 869 1331 908 procreatrix
1366 880 1471 900 rerum
1498 876 1529 900 et
1557 871 1704 901 animali-

981 933 1048 958 um,
1077 921 1258 952 nominetur
1288 922 1386 961 po'etis
1408 924 1503 960 alma,
1535 923 1589 953 sed
1617 923 1711 954 Juno

982 979 1140 1013 praeterea,
1163 976 1237 1004 toris
1251 973 1420 1012 praesidens
1432 975 1619 1013 genialibus,
1636 984 1712 1004 cum

983 1026 1112 1057 Tellure
1132 1027 1351 1065 omniparente.

1028 1079 1108 1109 Ibid.
1132 1080 1207 1109 coelz'.
1242 1079 1323 1108 Haec
1345 1078 1567 1118 orthographia
1594 1089 1716 1118 semper

982 1133 1062 1163 mihi
1078 1132 1142 1163 visa
1165 1138 1211 1162 est
1241 1132 1461 1170 sincerissima,
1485 1142 1584 1173 quum
1606 1134 1713 1162 coelum

983 1185 1171 1216 Latinorum
1187 1184 1265 1214 nihil
1288 1184 1327 1214 sit
1342 1184 1429 1214 aliud
1449 1195 1545 1225 quam
1563 1185 1714 1215 Graecum

982 1245 1084 1268 κωλον.
1110 1237 1184 1266 Non
1200 1235 1343 1265 dissentit
1367 1236 1468 1265 Varro
1483 1235 1522 1265 de
1544 1234 1623 1276 ling.
1644 1236 1714 1267 Lat.

979 1289 1021 1320 iv.
1045 1292 1073 1319 5.
1094 1288 1149 1329 qui
1164 1287 1271 1317 laudat
1294 1298 1331 1317 ex
1347 1287 1484 1328 antiquis
1498 1288 1596 1326 po'etis
1612 1291 1634 1306 “
1658 1299 1711 1318 ca-

979 1342 999 1357 “
1024 1351 1092 1371 vum
1109 1341 1228 1376 coelum,
1245 1350 1318 1370 cava
1343 1341 1421 1376 coelz‘,
1438 1341 1505 1369 coelz'
1520 1341 1622 1379 clypeo
1633 1355 1644 1374 ‚·
1664 1350 1714 1369 ca-

978 1397 1001 1411 “
1026 1402 1101 1422 xum
1125 1393 1211 1421 enim
1231 1391 1386 1430 clypeum.
1435 1392 1478 1421 Et
1494 1391 1621 1421 Ennius
1635 1391 1713 1422 item

979 1448 1000 1463 ‘⁶
1030 1444 1070 1474 ad
1096 1443 1302 1480 cavationem,
1333 1442 1402 1472 coeli
1429 1443 1573 1482 ingentes
1604 1445 1714 1483 forni-

979 1500 1001 1515 “
1018 1496 1098 1527 ces.''
1125 1495 1207 1525 Vide
1217 1505 1273 1524 nos
1289 1494 1383 1531 infra,
1400 1493 1441 1523 ad
1456 1493 1494 1523 iv.
1515 1496 1584 1524 172.
1614 1493 1715 1524 Vetus

978 1558 1052 1578 sane
1063 1547 1250 1588 glossarium
1265 1545 1298 1575 in
1310 1545 1467 1575 diversum
1479 1544 1628 1574 abitz-—“
1644 1545 1713 1575 Cae-

978 1603 1000 1617 ‘⁵‘
1017 1598 1097 1635 lum,
1113 1611 1232 1639 ovpoer03,
1250 1596 1378 1638 τορνος.·”
1404 1607 1422 1625 a
1437 1597 1567 1627 laevitate
1581 1595 1713 1635 scilicet;

977 1662 1050 1682 cum
1073 1650 1180 1680 multis
1195 1650 1274 1686 aliis,
1299 1659 1435 1690 quorum
1451 1648 1547 1689 longa
1563 1649 1659 1679 fuerit
1682 1657 1714 1681 et

977 1704 1098 1735 inutilis
1113 1703 1286 1743 diligentiae
1301 1701 1454 1732 recensio:
1474 1702 1534 1731 nisi
1547 1703 1630 1743 quod
1647 1703 1713 1733 Pli-

979 1758 1060 1793 nius,
1083 1762 1146 1786 nat.
1164 1756 1235 1786 hist.
1258 1755 1277 1785 i.
1293 1759 1322 1785 4.
1346 1765 1411 1784 non
1436 1754 1476 1784 sit
1499 1754 1622 1785 silentio
1643 1765 1713 1795 pre-

979 1810 1124 1847 mendus,
1151 1809 1203 1839 cui
1229 1808 1315 1848 prius
1339 1808 1495 1838 Varronis
1519 1809 1620 1840 arrisit
1645 1817 1710 1853 ety.

978 1875 1063 1895 mon.
1109 1862 1232 1893 Marius
1248 1861 1369 1900 Victor,
1385 1862 1420 1891 in
1435 1872 1506 1903 gen.
1521 1862 1541 1892 i.
1556 1867 1606 1894 64.

1412 1929 1477 1953 quas
1488 1922 1579 1948 circite
1590 1926 1666 1948 vasto

996 1975 1103 2007 Contegit
1112 1974 1391 2003 aetherium,deducto
1401 1973 1463 1998 hinc
1473 1972 1591 2003 nomine,
1598 1973 1711 1998 coelum:

979 2023 1001 2053 i.
1027 2034 1052 2053 e.
1076 2024 1213 2062 operculo
1248 2022 1326 2062 tegit
1349 2032 1475 2062 magno,
1499 2033 1637 2058 concavo,
1660 2033 1710 2053 ro-

979 2075 1092 2105 tundo:
1123 2074 1148 2103 si
1170 2079 1311 2104 mentem
1334 2074 1433 2112 po'etae
1455 2073 1528 2103 satis
1552 2084 1709 2114 assequor,

977 2133 1115 2157 nostram
1139 2125 1326 2156 sententiam
1353 2124 1546 2155 stabilientis.
1593 2125 1713 2155 Confer

977 2179 1059 2209 dicta
1073 2178 1114 2209 ad
1128 2189 1158 2208 v.
1172 2181 1245 2208 201.

1023 2233 1099 2262 Ver.
1137 2235 1167 2262 5.
1197 2242 1282 2262 mare
1310 2233 1497 2270 navigerum.
1558 2231 1710 2261 Nostrum

980 2283 1180 2324 subsequitur
1203 2282 1356 2319 Avienus,
1380 2281 1587 2313 nitidissimus
1609 2283 1709 2322 poeta,

981 2342 1012 2366 et
1026 2335 1157 2366 omnino
1173 2334 1298 2375 dignuS,
1314 2334 1368 2374 qui
1384 2333 1513 2373 prodeat
1528 2335 1665 2365 ornatior
1679 2341 1710 2366 et

980 2387 1174 2418 emendatior
1188 2386 1222 2416 in
1234 2396 1346 2416 manus
1358 2385 1538 2424 hominum,
1551 2396 1593 2417 or.
1606 2387 1707 2417 marit.

979 2445 1051 2472 658.

1039 2506 1102 2512 -ι
1111 2492 1138 2516 in
1151 2495 1212 2516 ortu
1224 2494 1250 2516 et
1262 2490 1339 2516 fonte
1351 2490 1438 2522 primo
1450 2490 1563 2522 ,naviger
1571 2499 1581 2515 .-

978 2539 1071 2574 atque
1086 2543 1202 2568 rursus,
1219 2534 1282 2562 orb.
1299 2531 1379 2561 desc.
1397 2534 1470 2562 651.
1489 2549 1491 2551 ·

1009 2587 1055 2615 At,
1068 2585 1119 2615 quii
1132 2583 1259 2615 navigero
1271 2583 1348 2607 tellus
1360 2582 1471 2607 discedit
1483 2583 1515 2606 ab
1529 2585 1602 2611 aeitu,

1009 2627 1162 2650 innumera:
1175 2628 1276 2656 gentes,
1289 2623 1449 2654 populorum
1461 2621 1586 2647 examina
1597 2621 1681 2651 mille,

1008 2667 1079 2690 Arva
1087 2668 1191 2690 tenent.

982 2707 1031 2737 Sic
1053 2707 1157 2743 etiam,
1174 2711 1210 2736 ut
1232 2705 1284 2736 alii
1301 2715 1404 2744 porro,
1423 2702 1581 2740 Sedulius,
1597 2704 1701 2741 pasch.

978 2769 1071 2788 carm.
1094 2758 1149 2788 lib·
1174 2757 1216 2788 iii.
1240 2757 1278 2787 de
1296 2754 1420 2787 Christo
1440 2764 1527 2784 mare
1542 2764 1704 2793 superam-

976 2810 1116 2842 bulante:

1008 2871 1121 2894 Miratur
1131 2869 1280 2901 stupefacta
1291 2867 1395 2896 cohors,
1406 2867 1454 2891 sub
1465 2866 1531 2891 calle
1541 2865 1657 2897 pedestri

1009 2910 1156 2942 Navigeras
1167 2909 1280 2941 patuisse
1289 2907 1360 2931 vias.

1023 2950 1104 2981 Ibid.
1136 2956 1234 2981 terras
1245 2947 1499 2990 fiugg'fi’renteis:
1532 2959 1626 2989 apepoei
1648 2959 1703 2978 mr·
