1894 3253
606 266 839 316 LIBER
890 265 1200 314 PRIMUS.
1612 273 1642 316 9

292 401 356 443 Te
384 400 566 457 sequitur
595 403 758 458 cupide,
790 415 873 457 quo
903 414 1108 456 quamque
1137 396 1332 440 inducere
1360 397 1513 456 pergis.

283 476 492 531 Denique,
523 491 598 532 per
626 478 772 527 maria,
804 490 852 516 ac
881 475 1073 525 monteis,
1104 473 1329 530 fluviosque
1359 473 1557 529 rapaceis,

138 616 257 647 solutos
272 615 363 646 metri
380 615 511 655 legibus,
534 622 566 645 et
581 615 728 646 inclusos.
777 612 872 644 Unde

139 669 282 699 lubenter
297 669 504 698 obsecuturus
525 677 611 697 eram
627 665 774 698 Bentleio
796 665 870 696 scri-

139 720 241 750 benti:

201 779 266 804 inde
276 778 342 803 ferae
354 781 377 802 et
388 779 549 810 pecudes—3

142 827 235 862 atque
251 821 426 858 suscitanti,
446 831 508 851 ver.
529 824 597 851 164.

137 881 277 910 Armenta,
284 883 365 911 atque
370 879 552 912 aiiaepecndes;
561 887 644 912 genus
650 886 731 905 omne
731 880 852 912 ferarum
855 888 866 909 ;

138 930 190 960 cui
204 935 324 969 poterat
339 929 516 969 subjecisse,
533 940 560 960 v.
580 933 673 961 1057.

153 994 224 1017 Cum
233 991 338 1024 pecudes
349 996 447 1022 mutat,
457 999 520 1016 cum
531 992 647 1023 denique
658 992 727 1017 secla
731 992 868 1024 ferarum:

138 1047 170 1070 et
184 1040 371 1081 Virgilium,
387 1051 458 1081 geo.
475 1041 515 1070 iv.
534 1044 605 1070 225.

141 1101 208 1126 Hinc
214 1100 465 1133 pecudes‚armenta,
475 1100 554 1130 virm,
563 1101 869 1132 genusomneserarum:

141 1166 215 1186 cum
234 1155 332 1185 Statio
359 1154 505 1195 denique,
530 1160 565 1184 ut
581 1154 700 1193 finiam,
725 1155 825 1186 Theb.
842 1165 870 1185 x,

145 1210 215 1237 141.

173 1267 243 1291 Illius
254 1274 318 1291 aura
328 1266 383 1291 solo
396 1265 524 1296 volucres,
533 1265 702 1298 pecudesque,
705 1265 845 1298 ferasque,

172 1308 306 1340 Explicat.

142 1357 249 1388 Adeas
271 1359 367 1389 ctiam
390 1365 543 1395 nostrum,
568 1359 606 1389 iv.
634 1361 724 1391 1191.
742 1370 768 1390 v,
793 1363 866 1391 229.

141 1409 201 1440 Sed
216 1410 428 1440 emendationi
445 1409 653 1448 Bentleianae,
675 1421 771 1450 quam
787 1421 871 1440 seor-

137 1462 198 1492 sim
213 1470 337 1504 egomet
360 1462 554 1501 extudoram‚
579 1463 772 1502 praecipuam
794 1474 867 1494 auc-

139 1515 295 1546 toritatem
308 1516 474 1546 conciliare
486 1515 648 1545 videbatur
659 1516 867 1555 Mantuanus,

139 1568 179 1598 ad
190 1578 260 1608 geo.
285 1568 327 1598 iii.
348 1572 424 1599 242.
441 1568 591 1608 quoniam
606 1568 646 1597 sit
660 1568 747 1598 locus
762 1568 814 1599 ille
829 1579 868 1599 ex

139 1619 287 1659 professo,
310 1620 358 1650 uti
379 1620 452 1650 satis
472 1620 579 1660 liquet,
604 1619 644 1650 ad
659 1619 870 1651 imitationem

143 1672 216 1702 Cari
231 1672 329 1702 nostri
345 1672 549 1711 compositus:

171 1731 260 1756 Omne
271 1732 338 1756 adeo
348 1738 433 1763 genus
443 1730 470 1754 in
482 1730 567 1761 terris,
579 1730 786 1762 hominumque,
795 1732 871 1763 fera-

265 1779 378 1803 rumque

156 1814 189 1838 Et
199 1819 282 1845 genus
293 1820 450 1844 aequoreum
459 1812 585 1844 pecudes,
593 1812 730 1843 pictaeque
740 1813 873 1843 volucres,

158 1853 189 1876 ln
200 1852 280 1876 furias
292 1853 437 1883 ignemque
448 1854 546 1875 ruunt:

143 1901 198 1930 ubi
212 1900 354 1940 perlegas
369 1910 438 1940 quae
450 1899 588 1929 diximus
602 1899 636 1929 in
649 1899 787 1930 editione
799 1911 872 1931 nos·

142 1951 201 1990 tra,
216 1951 285 1982 loco
302 1951 445 1982 Maronis
460 1950 645 1991 explicando
663 1951 755 1981 unice
771 1952 869 1982 inser-

144 2003 270 2032 vientia:
305 2013 380 2032 nam
405 2002 624 2032 admonendus
651 2008 758 2040 restas,
777 2002 870 2043 feras

142 2065 198 2094 per
212 2065 244 2084 se
254 2064 311 2093 pro
320 2054 467 2084 omnibus
482 2053 671 2083 animalibus
686 2054 871 2093 probissime

143 2105 296 2145 usurpari,
319 2105 368 2135 vel
390 2104 527 2134 vicissim
544 2107 695 2144 pecudes:
723 2105 816 2136 adeas
838 2107 870 2137 ii.

144 2160 234 2188 1080.
260 2157 337 2187 Stat.
354 2156 453 2186 Theb.
477 2156 498 2186 i.
515 2160 589 2187 559.
613 2166 654 2186 ne
671 2156 731 2186 sim
754 2157 872 2188 nimius

143 2209 176 2239 in
192 2207 315 2239 infinita-'i
336 2219 378 2238 re.
424 2208 513 2238 Hinc
537 2208 622 2238 enim
638 2218 711 2238 vero
734 2209 872 2240 fortassis

142 2260 246 2296 fuerit,
263 2259 315 2290 cui
331 2269 395 2289 non
410 2259 587 2298 displicebit
609 2259 696 2290 aliud
711 2265 872 2291 tentamen

144 2316 296 2346 nostrum,
312 2316 343 2340 et
357 2309 480 2340 minore
495 2320 569 2340 cum
584 2310 750 2350 dispendio
766 2322 872 2352 recep-

145 2368 249 2392 tarum
263 2362 425 2392 literarum
440 2362 667 2402 excogitatum:

176 2421 241 2446 Inde
243 2420 302 2452 fere
313 2421 427 2452 pecudes
437 2421 582 2452 pei-saltant
595 2422 691 2453 pabula
701 2421 779 2447 laeta:

144 2467 332 2511 generaliori
356 2478 450 2498 sensu
476 2482 513 2499 w
531 2469 613 2510 fiere,
643 2469 728 2510 quali
758 2481 871 2510 nempe

144 2527 250 2551 noster
266 2519 305 2548 ad
321 2518 354 2548 ii.
372 2521 444 2549 570.

177 2579 218 2604 Ad
229 2584 275 2602 sua
287 2577 397 2608 quisque
398 2576 459 2607 fere
470 2577 615 2602 decurrunt
626 2579 707 2604 ubera
718 2579 802 2604 lactis.

147 2619 274 2650 Ennius
300 2616 384 2657 apud
410 2616 565 2656 Nonium,
591 2629 665 2648 voce
684 2621 797 2658 pulvis,
824 2619 870 2651 iii.

149 2673 220 2702 157.

175 2731 289 2761 Jamque
291 2730 350 2761 fere
362 2730 447 2762 pulvis
458 2730 492 2754 ad
504 2728 606 2754 coelum
618 2732 693 2753 vasta
703 2727 819 2754 videtur.

148 2770 221 2809 Sed,
237 2771 409 2802 rationibus
423 2771 570 2802 omnibus
580 2776 723 2800 accurate
738 2771 873 2801 subduc-

147 2821 198 2859 tis,
228 2822 309 2852 nihil
337 2823 371 2852 in
395 2822 544 2853 Lucretio
585 2821 760 2859 demutem;
800 2832 875 2852 nam

148 2873 334 2904 Bentleiana
355 2875 506 2904 divinatio
523 2874 716 2912 Martialem,
734 2873 774 2903 ad
789 2884 873 2912 spec-

148 2929 206 2954 tac.
219 2926 281 2956 xxi.
297 2926 391 2956 etiam
407 2926 628 2967 corrigendum
644 2924 828 2965 postularet:

166 2984 249 3010 Affuit
260 2985 421 3012 immixtum
430 2987 554 3019 pecudum
564 2992 646 3018 genus
656 2991 738 3011 omne
740 2985 875 3017 ferarum.-

915 613 988 643 huic
1004 618 1110 643 autem
1120 613 1202 644 facto
1217 624 1249 643 se
1263 613 1396 644 Ovidius
1411 613 1554 654 opponit,
1569 618 1645 646 met.

915 674 946 693 x.
968 666 1035 694 143.
1052 664 1091 694 de
1107 663 1219 694 eodem
1238 665 1366 704 Orpheo
1380 667 1473 696 verba
1488 665 1619 696 faciens:

945 721 1014 747 Tale
1025 728 1120 747 nemus
1131 725 1205 747 vates
1215 726 1382 754 attraxerat;
1399 724 1481 755 inque
1483 724 1606 756 ferarum

946 763 1077 794 Concilio,
1088 763 1192 789 medius
1203 764 1303 794 turbae,
1313 765 1510 796 volucrumque
1520 766 1645 791 sedebat:

913 810 956 841 sic
971 811 1058 841 enim
1073 811 1160 842 locus
1175 812 1233 842 iste
1244 812 1308 853 legi
1323 812 1425 850 debet,
1438 820 1530 855 atque
1546 814 1643 844 inter-

911 863 1028 903 pungi3
1052 862 1156 893 videas
1178 873 1230 894 me
1252 863 1292 893 ad
1309 864 1383 894 Silv-
1405 865 1481 895 Crit.
1497 865 1530 896 ii.
1546 876 1577 904 p.
1598 869 1646 896 16.

913 914 1141 954 Tertullianus,
1157 915 1191 945 in
1214 915 1293 946 libro
1307 915 1347 946 de
1358 916 1482 957 judicio
1499 917 1645 955 Domini,

915 976 976 996 ver.
993 970 1044 997 66.

932 1026 984 1050 sub
996 1026 1097 1051 ditione
1108 1026 1182 1052 dedit
1193 1029 1287 1057 terras,
1297 1026 1444 1058 animisque
1455 1027 1597 1052 volantum

931 1067 1075 1091 Pennallim
1083 1071 1203 1099 genus‚et
1208 1067 1333 1100 pecudum
1342 1074 1425 1099 genus
1431 1075 1513 1092 omne
1511 1067 1647 1099 ferarum,

931 1109 963 1133 Et
975 1115 1058 1140 genus
1075 1115 1245 1139 aequoreum,
1265 1112 1292 1133 et
1309 1107 1444 1133 deformia
1461 1112 1583 1133 monstra
1599 1115 1645 1133 na-

1039 1152 1157 1172 tantum.

916 1186 967 1216 Ita
982 1187 1115 1216 rescribo
1131 1197 1168 1217 ex
1185 1187 1376 1226 conjecturs,
1394 1198 1450 1227 pro

1280 1247 1434 1278 animasque
1445 1246 1598 1276 volantum,

961 1286 1154 1318 Pennatamqne
1166 1294 1264 1319 genus:
1283 1287 1485 1318 pecudum—
1491 1296 1500 1317 ;

913 1346 984 1376 quae
999 1346 1063 1366 non
1075 1336 1177 1375 capio:
1203 1338 1319 1367 animis
1341 1347 1426 1374 vero,
1442 1339 1529 1367 auris
1536 1351 1547 1372 ,·
1574 1336 1646 1367 vide

915 1388 1041 1419 Lucret.
1056 1399 1084 1419 v.
1101 1391 1174 1420 257.
1194 1390 1286 1420 1229.
1335 1388 1480 1419 Hilarius
1495 1388 1529 1419 in
1549 1399 1648 1429 gene-

917 1440 952 1476 si,
968 1451 1029 1470 ver.
1045 1444 1092 1471 11.

929 1500 1001 1524 Gens
1012 1500 1155 1524 hominum
1159 1523 1167 1535 ‚
1172 1500 1331 1532 pecudesque
1334 1501 1414 1532 ferae,
1423 1500 1497 1525 mille
1505 1503 1587 1531 atque
1597 1506 1644 1524 vo-

1036 1540 1132 1571 lucres,

929 1581 961 1603 Et
973 1586 1035 1610 quae
1048 1587 1094 1612 per
1105 1580 1218 1611 liquidos
1229 1580 1383 1605 discurrunt
1394 1581 1503 1613 agmina
1514 1587 1635 1612 camp08‚

932 1619 1029 1643 Omnia
1042 1626 1089 1650 per
1097 1623 1195 1644 temet.

916 1669 977 1700 Sed
992 1670 1026 1699 in
1037 1671 1086 1700 his
1102 1671 1221 1701 Hilarii
1232 1673 1379 1708 versibus,
1396 1682 1453 1711 pro
1466 1675 1488 1691 ‘⁶
1500 1674 1583 1703 mille
1599 1677 1648 1701 at-

917 1724 939 1738 “
955 1732 1012 1761 que
1028 1721 1202 1759 volucres,'‘
1219 1723 1345 1753 rescribi
1356 1723 1466 1763 jubeo:

1050 1773 1219 1803 pecudesque
1229 1773 1307 1803 ferae,
1319 1773 1450 1805 mollesque
1461 1772 1592 1798 volucres.

918 1812 1043 1842 Marius
1059 1812 1180 1851 Victor,
1203 1813 1236 1843 in
1251 1824 1322 1854 gen.
1346 1814 1366 1844 i.
1386 1817 1455 1846 119.
1471 1813 1645 1844 emendati-

917 1864 972 1894 oni
988 1863 1083 1895 fidem
1100 1864 1198 1894 dabit:

948 1924 1016 1949 Hinc
1027 1925 1146 1949 volucres
1163 1931 1281 1956 quoque,
1300 1924 1372 1949 molle
1380 1932 1470 1956 genus,
1487 1927 1598 1950 traxere
1609 1924 1649 1949 vi-

1039 1973 1142 1998 gorem.

958 2009 1043 2040 Ibid.
1057 2009 1177 2049 Vulgo,
1185 2010 1361 2049 persultant
1373 2022 1383 2039 .·
1411 2014 1452 2039 11.
1459 2010 1648 2048 persultant,

915 2061 1092 2102 antiquiore
1119 2060 1238 2099 form&
1266 2067 1370 2101 atque,
1399 2060 1524 2099 opinor,
1557 2071 1645 2091 vere:

914 2124 1014 2154 quum
1028 2114 1181 2144 usitatum
1196 2119 1302 2144 nostro
1315 2113 1354 2143 sit
1369 2112 1511 2143 vocalem
1525 2113 1647 2152 simpli-

915 2166 1000 2196 cium
1018 2167 1185 2197 verborum
1209 2166 1242 2196 in
1259 2165 1439 2204 compositis
1461 2175 1526 2195 non
1543 2171 1648 2195 muta-

916 2225 982 2249 tam
1004 2218 1076 2248 dare
1083 2230 1092 2256 ;
1116 2218 1210 2259 quod,
1228 2218 1282 2259 qui
1307 2228 1381 2248 eum
1396 2217 1552 2254 triverint,
1568 2217 1648 2247 fate—

915 2272 1043 2301 buntur.
1067 2270 1106 2301 V.
1123 2270 1169 2301 ed.
1180 2272 1356 2310 persultans
1362 2284 1373 2305 ‚·
1393 2275 1423 2299 et
1438 2278 1512 2299 mox
1527 2271 1649 2307 amnis,

916 2332 972 2360 pro
986 2324 1113 2353 amnez‘s.

960 2373 1042 2405 Ibid.
1066 2375 1239 2414 persultant
1265 2375 1390 2414 pabula.
1449 2373 1590 2402 Avienus
1615 2372 1650 2402 in

919 2425 1046 2455 Arateis
1054 2426 1112 2454 sub
1122 2424 1218 2454 finem
1230 2434 1294 2454 non
1307 2423 1506 2454 incommode
1522 2433 1648 2462 compa-

914 2476 1044 2513 rabitur,
1071 2475 1105 2504 in
1131 2476 1221 2506 tenui
1246 2475 1377 2505 materie
1401 2475 1491 2514 po'e'ta
1516 2474 1650 2505 minime

916 2526 1179 2558 contemnendus:

948 2588 991 2616 Et,
1003 2586 1024 2611 si
1031 2586 1176 2618 persultans
1186 2586 1251 2610 aries
1262 2585 1384 2609 lascivius
1395 2584 1482 2609 herbas

946 2627 1074 2658 Adpetat,
1085 2630 1132 2650 aut
1143 2632 1198 2650 sese
1209 2625 1356 2649 subtollant
1367 2625 1475 2650 saltibus
1486 2625 1601 2650 haedi—-

961 2677 1035 2708 Ver.
1063 2680 1110 2709 15.
1142 2679 1265 2717 rapidos
1296 2678 1423 2707 amneis.
1480 2676 1648 2717 Virgilius,

918 2730 993 2760 AEn.
1009 2729 1051 2758 xi.
1070 2731 1141 2760 297.

1328 2793 1394 2812 saxa
1405 2790 1548 2812 morantur

949 2829 1020 2852 Cum
1031 2827 1132 2859 rapidos
1142 2826 1234 2851 amnis.

921 2876 1016 2907 Unde
1031 2876 1132 2916 quivis
1145 2875 1248 2906 videat
1259 2874 1387 2906 Livium
1403 2886 1468 2906 esse
1483 2875 1643 2915 corrigen-

921 2930 1010 2967 dum,
1037 2928 1077 2958 ad
1106 2927 1178 2959 xxii.
1201 2931 1299 2960 5.—“
1321 2935 1445 2959 motum
1467 2933 1569 2965 terrae,
1593 2925 1650 2966 qui

923 2984 944 2999 ‘⁴
961 2980 1135 3012 multarum
1146 2981 1275 3012 urbium
1289 2979 1390 3012 Italiae
1405 2989 1536 3021 magnas
1547 2982 1650 3019 partes

858 3026 921 3056 Be
