1894 3253
191 365 281 413 TE
307 365 491 415 salvere
508 365 654 431 jubet
678 366 902 430 simplex,
928 367 966 413 si
991 367 1190 424 rustica,
1217 367 1387 428 Musa3

254 464 615 530 Angfigenfim,
641 464 788 512 Foxr!
827 463 1000 528 gloria,
1025 465 1190 522 robur,
1215 482 1363 513 amor.

191 563 336 622 Quae,
362 580 599 612 succensa
622 563 719 610 tuis
745 563 893 610 animi
918 563 1200 622 virtutibus,
1226 564 1375 612 audet

255 663 488 710 Desuetis
514 661 712 710 Latium
739 678 935 709 carmen
959 661 1084 708 inire
1109 662 1265 709 modis
1286 682 1300 720 ;

191 761 561 824 Prorepensque
586 760 758 808 humili
785 760 1116 825 caligantique
1140 777 1356 818 recessu,

257 860 502 925 Opposito
525 862 727 909 rutilum
752 869 991 926 provocat
1015 878 1099 908 ore
1125 861 1272 909 diem.

191 961 287 1010 Sed
312 979 491 1026 neque,
524 963 658 1026 quod
682 962 825 1010 sociis
850 979 997 1010 cursu
1025 979 1188 1010 comes
1212 962 1283 1010 ire
1309 962 1502 1026 negaris

256 1063 487 1120 Deflexo,
523 1063 816 1126 intrepidus,
851 1063 1187 1126 propositique
1216 1071 1391 1120 tenax,

188 1163 426 1225 Dumque
450 1162 582 1210 leves
608 1163 794 1211 animos
819 1164 966 1211 timor
991 1171 1257 1211 attentaret
1279 1164 1455 1222 inanis,

259 1263 501 1311 Institeris
526 1272 712 1311 rectam
738 1264 882 1322 fidus,
916 1272 973 1311 ut
998 1272 1129 1322 ante,
1165 1264 1315 1311 viam:

195 1364 292 1412 Sed
315 1381 495 1428 neque,
532 1365 665 1429 quod
689 1364 888 1423 referas,
925 1382 1071 1429 quem
1096 1365 1396 1413 mirabantur
1422 1365 1636 1413 Athenae

261 1465 556 1513 Torrentem
583 1465 782 1529 eloquii,
814 1465 897 1513 vel
924 1466 1168 1513 Cicerona
1192 1474 1358 1524 tones3

197 1566 348 1623 Quod
371 1567 528 1630 rapidi
552 1567 763 1631 ningues
780 1567 883 1631 jam
908 1567 1080 1631 lingua
1102 1566 1370 1630 profundat
1396 1565 1574 1624 Ulixis,

260 1667 291 1716 J
295 1684 371 1714 am
395 1674 562 1714 manet
588 1667 713 1731 Pylii
737 1667 924 1731 liquida
947 1667 1093 1715 mella
1117 1667 1269 1723 senis3

197 1767 432 1831 Dumque
456 1767 581 1831 logis
605 1767 794 1815 blatero
818 1768 1019 1815 tumidis
1045 1785 1300 1832 spumosus
1325 1766 1560 1824 abundat,

264 1867 523 1915 Fecundet
547 1884 716 1915 sensus
740 1868 851 1915 viva
874 1868 1091 1916 medulla
1113 1877 1248 1927 tuos;

199 1970 316 2017 Non
340 1968 448 2026 tibi,
485 1968 616 2032 quod
649 1968 819 2032 populi
842 1968 1043 2032 primos,
1078 1969 1434 2033 populumque,
1469 1967 1674 2033 loquelis

268 2070 505 2118 Suavibus
530 2069 728 2133 arripias
741 2069 919 2128 3—hoc
943 2070 1053 2119 leve
1081 2070 1238 2134 surgit
1263 2085 1399 2134 opus.

202 2172 387 2222 Nescia
411 2171 628 2229 mentiri,
662 2170 873 2219 blandiri
897 2172 1080 2229 nescia,
1119 2171 1266 2219 Musa

271 2273 485 2320 Materia
510 2273 649 2320 dotes
675 2272 912 2320 nobiliore
939 2272 1086 2320 canit.

207 2375 355 2432 Quod
379 2374 522 2434 mala,
561 2391 670 2438 quae
693 2374 912 2422 lacerant
936 2373 1159 2420 mortalia
1181 2380 1384 2436 pectora
1408 2372 1545 2419 saevis

272 2475 552 2540 Unguibus,
588 2475 721 2522 haud
747 2475 883 2522 cordi
909 2482 1023 2521 sunt
1048 2473 1205 2521 aliena
1229 2481 1340 2533 tuo;

210 2577 376 2638 Quod,
412 2577 536 2625 male
564 2576 804 2624 damnatis
829 2575 1070 2624 scelerato
1087 2574 1271 2638 judicis
1297 2591 1398 2632 ore,

273 2677 511 2741 Ingenuis
537 2694 756 2726 caussam
781 2676 956 2725 nobilis
981 2676 1112 2723 ultor
1136 2675 1262 2740 agis3

209 2777 359 2834 Quod
385 2794 607 2841 cuperes,
642 2777 757 2826 belli
782 2786 1081 2826 reserantem
1107 2776 1318 2824 claustra
1343 2773 1552 2830 cruenti,

274 2878 571 2943 Sacrilegam
593 2879 710 2927 heu!
748 2877 927 2927 frustra
952 2877 1252 2926 continuisse
1277 2891 1558 2924 manum.—
