1894 3253
519 250 751 301 LIBER

809 249 1226 299 SECUNDUS

302 388 353 430 In
373 400 680 444 quasquomque
700 383 814 425 dedit
833 383 984 438 parteis
1005 391 1154 424 natura
1173 384 1383 425 meatum?

306 463 405 504 Non
426 463 572 504 cadere
592 462 634 502 in
656 459 764 502 terra
786 458 932 508 stellas,
964 467 1005 499 et
1024 458 1172 509 sidera,
1203 458 1358 500 cernis?

187 543 274 578 ‘210
308 537 378 579 Sol
396 538 522 578 etiam
543 549 704 577 summo
724 533 776 575 de
796 532 951 574 vortice
971 532 1156 587 dissupat
1176 533 1334 574 omneis

185 694 220 718 At
231 699 299 718 once
310 699 386 716 came
396 691 470 716 forth
486 690 623 715 whatever
634 692 715 720 creeps
725 688 764 712 the
772 687 883 719 ground,

182 736 282 761 „lnsecn
302 740 331 756 or
345 739 440 756 worm.

157 783 277 820 Cicero,
294 782 333 812 de
350 781 423 811 finn.
439 780 470 811 ii.
480 783 600 811 54.-“
618 779 644 809 si
665 779 795 816 Xerxes,
811 788 885 808 cum

154 838 176 852 “
191 836 334 864 —maria
347 834 570 869 ambulavisset,
586 838 699 862 terram
711 831 884 869 navigavis-

154 888 175 905 “
191 886 307 917 set—.'’
355 886 561 916 Casaubonus
583 894 727 914 summus
742 882 782 912 ad
800 882 884 912 Stra-

153 939 281 976 bonem,
303 937 355 967 lib.
373 937 404 967 ii.
428 947 457 975 p.
483 939 553 966 178.
577 934 775 971 scribentem,
800 940 882 963 πλα-

154 994 274 1029 νηθεισιν,
298 993 342 1025 οὑς
361 1004 462 1030 zeuxi,
480 1002 582 1024 ‘roa-85·
606 989 736 1029 hujusce
746 988 882 1027 proprie-

151 1044 224 1074 tatis
234 1045 411 1081 immemor,
428 1043 554 1072 incaute
564 1040 782 1081 reponendum
794 1039 883 1077 dixit,

154 1110 213 1138 περι
230 1097 273 1130 οὑ,-
287 1109 387 1136 eti-⁹755,
412 1108 512 1128 φατες.
558 1093 729 1131 Arnobius,
752 1092 804 1122 lib.
822 1092 885 1121 i.—

152 1151 174 1166 “
194 1147 354 1187 Indigetes
362 1146 418 1182 illi,
431 1146 484 1186 qui
485 1148 609 1187 fiumen
629 1143 770 1184 repunt.'‘
797 1143 881 1173 Con-

152 1200 238 1230 sulas
255 1200 439 1236 Heinsium,
463 1198 502 1228 ad
528 1196 619 1228 Ovid.
647 1196 733 1234 epist.
757 1195 807 1225 vii.
829 1199 881 1225 40.

158 1251 252 1282 Unde
268 1257 349 1281 recte
365 1250 467 1289 capias
484 1249 676 1286 Homerum,
692 1246 752 1277 Od.
766 1253 798 1277 Η.
808 1249 881 1277 519.

357 1322 378 1348 οἱ
388 1322 410 1348 δ’
422 1327 511 1348 amm
526 1324 648 1352 γαληνην,
673 1317 722 1353 οφρ’
736 1329 767 1345 αν
782 1318 852 1348 ἶκποα

193 1370 314 1405 Hormidac
325 1379 375 1399 erm.

151 1432 172 1462 i.
188 1442 213 1462 e.
237 1435 260 1450 “
282 1442 341 1472 per
368 1430 578 1472 tranquillum
601 1429 718 1461 mare.'’
764 1429 883 1459 Barne-

149 1485 224 1520 sius,
248 1483 329 1514 male
343 1490 468 1523 accepto
491 1483 659 1520 scholiaste,
690 1491 817 1522 pravam
837 1480 885 1509 in-

150 1536 401 1576 terpretationem
417 1541 616 1566 commentus
625 1540 679 1565 est.
726 1535 827 1564 Hunc
838 1533 884 1563 lo-

151 1602 224 1622 cum
240 1591 373 1631 respexit
388 1590 586 1621 Phavorinus
600 1589 635 1619 in
655 1599 730 1618 voce
746 1595 862 1628 γαληνη
872 1600 882 1616 ,-

152 1657 209 1676 nec
225 1646 344 1683 dubito,
372 1645 449 1686 quin
468 1652 604 1684 γαληνως
630 1642 784 1682 scripserit
799 1643 888 1672 scho-

150 1697 264 1734 liastes,
647 1694 737 1724 Hinc
783 1693 889 1723 Ovidii

154 1748 407 1779 emendationem
438 1747 525 1778 haud
562 1745 731 1777 formidem
774 1750 886 1784 petere,

153 1799 235 1830 med.
258 1799 316 1829 fac.
331 1803 381 1829 40.

185 1867 238 1890 Nec
251 1865 349 1891 mediae
361 1866 450 1890 Marsis
452 1866 594 1897 findantur
606 1866 728 1890 cantibus
743 1871 857 1897 anguem

215 1906 268 1930 Nec
279 1905 364 1929 redeat
379 1905 468 1930 fontes
479 1905 552 1929 unda
568 1905 662 1936 supina
672 1911 742 1928 suos.

302 1707 367 1727 non
411 1703 588 1737 γαληναιως.

155 1962 272 2003 Vulgo,
294 1965 374 1994 redit
405 1965 454 1993 in:
494 1962 598 1993 videas
629 1962 745 1993 ibidem
776 1961 882 1992 Hein-

152 2017 235 2046 sium
242 2028 251 2054 ;
274 2027 368 2057 quem
391 2017 429 2047 de
445 2023 623 2056 temporum
645 2017 766 2046 ratione
787 2017 879 2046 veris-

153 2068 230 2098 sime
245 2068 387 2098 statuisse
398 2068 550 2108 judicem,
570 2068 712 2109 quamvis
725 2068 881 2098 Burman·

153 2129 212 2148 nus
227 2119 420 2160 obloquatur.
466 2120 547 2150 Haec
559 2120 675 2159 ellipsis
687 2126 794 2150 autem
808 2119 882 2149 viris

153 2170 288 2208 eximiis,
312 2171 448 2201 Heinsio
474 2177 505 2201 et
528 2171 732 2210 Marklando,
756 2172 881 2213 egregie

154 2219 312 2250 ludificata
327 2227 372 2251 est
386 2221 426 2251 ad
444 2222 532 2252 Statii
548 2222 615 2253 silv.
631 2223 670 2254 iv.
686 2227 714 2254 6.
732 2226 781 2254 61.

597 2284 709 2309 Pellaeus
719 2284 835 2309 habebat

187 2320 322 2350 Regnator
333 2321 402 2345 laetis
413 2329 515 2347 numen
526 2323 677 2348 venerabile
688 2324 795 2354 mensis,

186 2359 219 2382 Et
231 2360 366 2385 comitem·
373 2369 472 2386 occasus
483 2369 574 2387 secum
585 2363 712 2395 portabat,
729 2368 756 2389 et
767 2367 849 2389 orius.-

154 2408 174 2437 i.
202 2417 227 2438 e.
249 2411 302 2446 acl,
327 2409 387 2448 vel,
406 2421 474 2450 per,
498 2421 637 2450 occasus;
661 2423 701 2443 ne
726 2423 783 2452 pro
809 2425 881 2444 casu

155 2458 305 2499 gignendi
323 2461 433 2499 capias.
478 2462 577 2500 Hinc,
588 2463 734 2503 denique,
749 2474 883 2494 acumen

157 2521 265 2541 meum
295 2511 463 2542 Claudiani
487 2513 593 2544 locum
615 2515 775 2545 verissime
798 2517 883 2555 prius

156 2562 343 2601 restituerat,
366 2574 461 2604 quam
483 2564 547 2594 duo
568 2566 756 2605 exemplaria
782 2567 880 2597 MSS.

156 2615 331 2645 consentire
346 2615 580 2654 intellexissem,
601 2617 671 2648 bell.
690 2618 774 2648 Gild.
790 2622 860 2650 495.

189 2673 215 2696 Si
226 2673 346 2698 revolant
358 2674 454 2706 mergi,
468 2675 588 2707 graditur
599 2676 620 2700 si
630 2676 703 2701 litora
713 2678 819 2703 cornix.

158 2731 276 2773 Vulgo,
300 2735 404 2764 litore:
431 2735 485 2765 sed
507 2735 588 2765 nihil
610 2736 723 2775 verius,
746 2743 802 2768 aut
823 2737 883 2768 ele-

153 2785 298 2826 -gantius,
322 2787 380 2816 hac
397 2787 626 2818 emendatione.

150 2856 153 2858 -
201 2835 275 2866 Ver.
290 2840 362 2868 207.
387 2838 464 2868 Post
481 2840 618 2869 Aratum
634 2845 665 2870 et
679 2840 885 2880 Apollonium

161 2886 233 2916 huic
249 2888 386 2920 Lucretii
399 2890 470 2921 loco
493 2891 667 2931 plurimum
681 2892 795 2924 debent
811 2894 882 2924 Ma-

157 2939 244 2970 mnis
259 2950 363 2974 versus
378 2944 590 2982 excultissimi,
613 2956 680 2987 geo.
697 2946 717 2978 i.
732 2949 806 2979 565.

959 689 1036 719 Saepe
1047 687 1130 712 etiam
1141 687 1236 718 stethu,
1259 690 1342 712 vento
1353 688 1528 720 inpendente,
1546 688 1646 714 videbis

958 727 1102 760 Praecipites
1114 728 1185 753 coelo
1196 727 1258 758 labi,
1275 729 1415 759 noctisque
1426 736 1474 760 per
1486 730 1611 754 umbram

959 769 1131 793 Flammarum
1142 768 1226 800 longos
1237 775 1253 793 a
1264 772 1341 801 tergo
1355 768 1487 794 albescere
1497 772 1602 794 tractus.

931 817 1009 847 Huc
1024 817 1118 847 etiam
1134 817 1285 848 Lucanus
1300 818 1444 857 respexit,
1460 829 1486 848 v.
1500 822 1571 850 569..

1370 882 1440 913 lapsa
1452 889 1499 913 per
1509 883 1595 906 altum

957 920 1027 945 A'e'ra
1038 921 1166 953 dispersos
1177 924 1280 945 traxere
1296 920 1412 945 cadentia
1423 921 1502 946 sulcos

945 972 947 979 ι
957 959 1054 985 Sidera.

928 1007 1003 1037 Non
1018 1008 1161 1049 intelligo
1176 1015 1282 1040 tamen
1294 1010 1370 1050 quid
1385 1010 1443 1040 sibi
1454 1010 1530 1040 velit
1545 1010 1578 1040 in
1594 1011 1655 1040 hoc

928 1059 997 1090 loco
1023 1075 1056 1092 tro
1071 1063 1219 1101 dispersos
1234 1063 1347 1097 πάσσε,-
1371 1061 1455 1102 quod
1469 1063 1657 1101 accepissem

927 1121 1001 1141 sane
1012 1112 1170 1152 equidem,
1186 1119 1222 1142 ut
1231 1114 1399 1152 dispersam
1416 1125 1541 1144 arenam
1550 1127 1560 1144 .·
1578 1124 1655 1154 qua-

926 1163 951 1192 si
966 1163 1081 1194 scilicet
1103 1164 1264 1194 sulcorum
1290 1170 1389 1204 terga,
1413 1164 1478 1195 solo
1505 1165 1655 1204 disperso,

926 1215 1214 1253 complanarentur,
1244 1215 1285 1245 ad
1307 1225 1516 1245 communem
1538 1215 1658 1246 telluris

928 1265 1134 1303 superficiem.
1179 1266 1363 1306 Legendem
1374 1272 1495 1305 putem,
1511 1269 1654 1304 diversos;

926 1322 962 1346 ut
976 1316 1016 1346 ad
1033 1317 1124 1346 Arati
1139 1327 1245 1347 versus
1263 1316 1405 1347 Avienus
1420 1318 1649 1349 venustissime:

959 1367 1049 1398 Quod,
1066 1366 1087 1391 si
1097 1366 1210 1391 diversis
1220 1374 1248 1392 se
1259 1367 1353 1399 passim
1363 1367 1480 1399 partibus
1491 1368 1564 1400 ignes

959 1407 1118 1436 Excutiam,
1135 1410 1224 1432 verret
1235 1406 1344 1439 pelagus
1355 1407 1411 1432 sine
1422 1406 1476 1433 fine
1487 1408 1624 1439 modoque

959 1447 1052 1471 Turba
1064 1447 1252 1479 procellarum.

931 1495 1042 1534 Porro,
1065 1496 1272 1528 Lucretianos
1294 1508 1400 1528 versus
1421 1499 1588 1539 diligenter
1609 1498 1657 1529 in-

930 1549 1076 1577 tuebatur
1090 1548 1254 1588 Virgilius,
1272 1548 1366 1577 etiam
1378 1548 1418 1578 ad
1431 1550 1506 1579 AEn.
1522 1559 1548 1579 v·
1566 1552 1638 1580 527.

1325 1606 1384 1630 cae'lo
1395 1613 1446 1631 ceu
1457 1613 1530 1638 saepe
1541 1607 1627 1632 refixa

949 1651 1146 1681 Transcurrunt,
1157 1651 1314 1682 crinemque
1324 1650 1444 1675 volantia
1455 1650 1540 1675 sidera
1550 1651 1657 1676 ducunt.

933 1700 1064 1730 Manilii
1089 1711 1195 1731 versus
1217 1700 1387 1730 admodum
1403 1700 1570 1740 elegantes,
1594 1707 1659 1730 tam

932 1752 1130 1790 Lucretium,
1162 1762 1263 1793 quam
1294 1752 1462 1782 Maronem
1492 1752 1656 1791 imitantis,

931 1805 1025 1842 probe
1041 1805 1170 1843 scriptos
1185 1803 1347 1841 exhibebo,
1371 1803 1391 1833 i.
1408 1807 1479 1834 845.

946 1865 1099 1897 Praecipites
1109 1864 1206 1894 stellae,
1223 1864 1382 1895 passimque,
1400 1863 1490 1888 volare
1501 1863 1639 1894 videntur,

942 1904 1012 1928 Cum
1024 1911 1092 1936 vaga
1103 1911 1149 1935 per
1161 1903 1292 1934 liquidum
1301 1902 1446 1927 scintillant
1457 1902 1561 1927 lumina
1572 1909 1652 1928 mun-

1035 1944 1101 1967 dum
1108 1961 1116 1973 ‚

942 1983 974 2005 Et
988 1985 1099 2007 tenuem
1111 1982 1195 2014 longis
1204 1982 1356 2013 jaculantur
1368 1981 1484 2006 crinibus
1495 1982 1590 2013 ignem
1602 1991 1610 2012 3

941 2022 1150 2052 Excurruntque
1160 2022 1263 2053 procul,
1280 2022 1404 2046 volucres
1416 2022 1522 2045 imitata
1533 2021 1655 2053 sagittas,

940 2061 1032 2086 Albida
1043 2061 1104 2086 dum
1114 2062 1206 2093 gracili
1216 2065 1345 2086 tenuatur
1358 2061 1455 2086 semita
1465 2060 1520 2086 filo.

927 2110 1162 2140 Nonnullorum
1183 2110 1335 2140 librorum
1354 2113 1489 2142 nitidum
1507 2110 1540 2140 in
1564 2121 1654 2140 versu

926 2161 1062 2192 secundo
1077 2162 1231 2202 glossema
1246 2172 1370 2192 merum
1386 2168 1431 2192 est
1448 2163 1657 2202 exquisitioris

925 2215 1008 2245 vocis
1032 2216 1195 2254 liquidum.
1240 2215 1284 2244 Et
1309 2216 1434 2249 Albz'da,
1457 2224 1513 2252 pro
1539 2216 1654 2251 Arida,

925 2267 1048 2307 reposui
1073 2277 1111 2297 ex
1127 2265 1312 2306 conjectura,
1340 2266 1402 2306 qua
1423 2266 1512 2295 nulla
1538 2266 1650 2296 verior:

925 2319 996 2349 vide
1018 2319 1059 2349 sis
1079 2325 1218 2349 nostram
1243 2319 1314 2349 Silv.
1345 2318 1421 2348 Crit.
1435 2329 1462 2348 v.
1478 2328 1509 2357 p.
1530 2322 1579 2349 78.
1602 2318 1655 2348 sed

926 2373 1007 2401 hanc
1022 2381 1088 2400 rem
1103 2370 1216 2409 saepius
1229 2369 1400 2409 attigimus.

971 2422 1052 2452 Ibid.
1075 2424 1185 2452 ducere
1200 2427 1324 2452 tractus.
1371 2420 1464 2450 Idem
1488 2420 1653 2457 Manilius,

927 2475 947 2505 i.
965 2478 1037 2505 866.

959 2542 1018 2567 Sive
1029 2542 1084 2566 illas
1096 2544 1195 2566 Natura
1206 2541 1288 2571 faces,
1304 2544 1335 2565 ut
1349 2544 1448 2565 cuncta
1459 2540 1559 2565 creavit

958 2582 1058 2611 Sidera,
1073 2585 1216 2613 perpetuas
1227 2581 1300 2606 coelo
1311 2580 1428 2604 ducentia
1438 2580 1570 2604 flairimas.

928 2638 979 2668 Ita
1008 2638 1242 2678 castigandum:
1274 2637 1355 2673 libri,
1377 2638 1521 2666 lucentia.
1566 2635 1653 2666 Reli-

927 2699 989 2729 qua
1012 2689 1129 2729 optime
1156 2688 1327 2724 constituit,
1350 2698 1402 2717 me
1412 2687 1530 2728 judice,
1554 2687 1652 2717 Bent-

928 2740 1019 2778 leius,
1043 2741 1223 2770 criticorum
1238 2739 1395 2776 omnium,
1418 2749 1496 2779 quos
1512 2739 1653 2768 noverim

928 2793 1085 2834 equidem,
1108 2798 1163 2822 aut
1174 2792 1212 2822 de
1227 2792 1340 2832 quibus
1353 2791 1484 2832 legerim
1499 2791 1548 2821 vel
1562 2791 1652 2821 inau-

928 2843 1070 2881 diverim,
1093 2843 1187 2884 longe
1201 2843 1355 2884 longeque
1370 2842 1594 2884 sagacissimus.

971 2895 1048 2926 Ver.
1066 2898 1137 2926 208.
1154 2896 1290 2935 parteis:
1317 2899 1350 2925 Δ.
1359 2901 1481 2935 partem
1487 2910 1498 2930 ;
1516 2898 1552 2924 ut
1564 2892 1648 2932 lega-

928 2953 988 2978 tur:
