1894 3253
631 264 635 268 .
683 216 743 265 T.
793 214 1184 267 LUCRETII

240 353 291 390 15
323 348 380 391 Et
409 349 577 405 rapidos
608 357 778 391 tranant
808 348 984 390 amneis:
1018 349 1091 398 ita,
1124 354 1245 403 capta
1273 347 1427 403 lepore,

325 424 651 480 [inlecebrisque
680 425 761 466 tuis
791 424 926 465 omnis
956 431 1106 465 natura
1136 424 1417 476 animantum]

182 574 215 598 et
235 566 310 598 hinc
325 565 442 597 menda
463 575 480 595 e
500 564 577 596 Silio
599 564 739 596 tollenda
761 571 819 604 est,
836 566 917 597 Pun.

183 620 239 651 xii.
258 622 285 651 7.

248 681 320 704 Dum
333 678 445 711 Rhipaea
456 677 548 710 vigent
559 678 697 710 Aquilonis
709 677 832 704 flamina:

183 729 290 770 vulgo,
307 732 407 769 rigent
416 744 427 764 ,-
446 739 517 770 quae
531 739 591 759 vox
607 728 651 759 ibi
668 728 775 769 inepta
789 733 845 763 est,
863 737 920 758 nec

180 784 291 814 minus
313 782 353 812 ad
373 781 393 812 i.
409 784 482 813 588.
497 781 554 812 ubi
569 781 704 812 eandem
726 779 920 811 medicinam

182 834 327 866 fecerim:

197 895 331 920 Thracius
342 895 391 920 hos
401 895 498 920 Boreas
508 894 642 926 scopulos,
652 893 770 918 immitia
779 899 872 924 regna,

196 939 273 963 Solus
279 938 360 963 habet
364 947 371 968 ς
381 944 541 969 semperque
547 937 651 968 vigens,
658 942 731 959 nunc
737 935 816 959 litora
822 934 920 965 pulsat,

200 981 277 1006 Nunc
288 980 355 1012 ipsas
366 979 412 1004 alis
424 979 526 1011 plangit
538 976 710 1002 stridentibus
722 975 810 1007 Alpes.

226 1030 302 1060 Ver.
333 1033 380 1060 12.

182 1086 256 1115 991.
305 1081 423 1112 Statius
439 1080 599 1120 expressit.

199 1144 271 1173 Quas
278 1148 328 1173 ego
338 1148 392 1165 non
401 1143 506 1172 gentes,
515 1145 578 1170 quae
588 1144 645 1163 uon
653 1137 714 1162 face
722 1137 804 1161 corda
811 1137 918 1168 jugavi?

198 1183 322 1208 Alituum
334 1182 527 1213 pecudumque
537 1180 616 1209 mihi,
628 1179 742 1209 durique
753 1178 871 1202 ferarum

200 1223 260 1246 Non
272 1228 384 1246 renuere
396 1227 504 1252 greges:
523 1220 610 1251 ipsum
623 1219 650 1242 in
662 1217 796 1242 connubia
807 1219 903 1242 Terrae

199 1261 323 1291 Efflera,
334 1267 401 1285 cum
410 1259 507 1291 pluviis
517 1262 656 1284 rarescunt
668 1258 770 1287 nubila,
781 1257 865 1282 solvo.

688 1300 917 1330 BENTLmus.

184 1356 231 1387 Ut
247 1355 342 1385 etiam
361 1355 562 1394 Calpurnius,
580 1352 636 1383 eclv
654 1352 695 1383 xi.
714 1356 764 1382 26.

431 1029 531 1058 Hunc
546 1028 666 1065 locum,
693 1033 723 1056 et
747 1025 858 1063 alium,
883 1024 917 1054 ii.

651 1081 749 1110 Venus
765 1078 916 1119 loquitur:

199 1417 287 1441 Cerva
296 1423 400 1441 marem
410 1416 540 1446 sequitur,
549 1418 659 1438 taurum
668 1412 787 1436 formosa
793 1411 920 1442 juvenc-'⁴13

200 1457 233 1480 Et
246 1458 377 1480 Venerem
390 1462 494 1480 sensere
506 1454 589 1486 lupae,
601 1459 705 1478 sensere
716 1451 825 1479 leamae,

201 1497 245 1525 Et,
257 1502 340 1527 genus*
352 1495 467 1525 aErium,
478 1494 613 1522 volucres,
623 1497 649 1517 ct
661 1498 791 1522 squamea
801 1490 890 1519 turba,

201 1539 234 1562 Et
246 1542 363 1566 montes,
373 1536 519 1567 silvoeque:
537 1541 597 1558 suos
608 1533 689 1558 habet
702 1533 780 1557 arbor
790 1537 905 1555 amores.

191 1586 360 1621 Caeterum,
385 1591 420 1615 ut
436 1584 469 1614 id
484 1593 646 1620 moneam,
663 1581 721 1612 etsi
738 1580 851 1617 serius,
874 1577 922 1608 vel

185 1639 266 1670 illud
288 1641 383 1669 aeria>
409 1640 542 1669 volucres
569 1646 634 1666 non
657 1633 807 1674 praeteriit
830 1631 919 1661 inad-

185 1697 329 1731 spectum
344 1690 428 1720 idem
445 1688 615 1729 Virgilius,
632 1686 672 1717 ad
686 1685 746 1716 ecl.
764 1684 808 1714 iii.
826 1688 876 1714 69.

353 1748 432 1773 affriae
443 1755 496 1778 quo
508 1753 664 1778 congessere
672 1743 812 1776 palumbes.

187 1799 261 1829 Hos
276 1804 401 1828 secutus
417 1803 462 1827 est
480 1795 647 1832 Manilius,
657 1794 677 1824 i.
695 1796 767 1823 257.

250 1859 382 1890 Ar‘riaeqne
395 1857 488 1881 colunt
500 1856 620 1880 ‘volucres
631 1863 639 1879 .’

187 1908 298 1939 etalii.
346 1907 436 1936 Hinc
458 1905 642 1935 suavissime
664 1908 770 1932 noster
787 1899 917 1939 Popius:

250 1967 287 1990 Or
298 1965 374 1990 fetch
386 1965 420 1988 tlz'
432 1964 515 1988 zzz-'rial
526 1963 593 1994 engle
604 1966 634 1986 to
645 1962 693 1986 the
705 1959 820 1992 ground.

228 2015 306 2046 Ver.
333 2017 384 2044 15.
401 2015 532 2043 initum:
559 2012 609 2042 M.
637 2012 780 2043 initium,·
808 2005 862 2036 sed
886 2004 926 2034 V.

188 2069 236 2100 ed.
265 2074 299 2099 Δ.
329 2075 369 2099 n.
404 2073 531 2102 nutum;
571 2074 673 2095 errore
701 2062 866 2097 facillimo,
895 2063 926 2087 et

186 2131 314 2162 prorsus
329 2119 490 2150 inutiliter.
538 2117 684 2155 Receptae
702 2112 846 2144 lectionis
861 2109 924 2139 sin-

186 2175 351 2206 ceritatem
366 2177 520 2203 monstrat
542 2169 648 2200 On‘dii
673 2168 772 2204 locus,
798 2165 869 2195 fast.
886 2163 925 2192 iv.

189 2231 239 2260 91.
256 2227 370 2257 adver.
386 2229 414 2256 4.
423 2225 491 2266 jam
503 2223 624 2254 allatus.

234 2278 315 2309 Ibid.
323 2279 483 2317 perculsae.
530 2273 700 2305 Creechius
712 2270 799 2301 dedit
808 2274 877 2309 post
888 2278 921 2297 a·

188 2331 247 2362 lios
269 2329 421 2371 quosdam
438 2338 605 2368 percussas,
629 2325 683 2355 sed
709 2323 813 2353 invitis
834 2322 921 2352 libris

189 2383 325 2422 scriptis;
358 2387 387 2411 et
414 2385 497 2411 certe
530 2377 663 2408 suadent
692 2375 779 2406 aliud
813 2384 923 2404 omnes

189 2435 297 2465 nostri.
347 2440 466 2464 Κελλε,·ν
480 2432 590 2471 utique
606 2436 652 2459 est
669 2441 787 2468 ταχεως
806 2440 925 2469 τρεχειν,

190 2493 318 2516 auctore
345 2483 484 2525 Etymol.
507 2493 590 2522 mag.
610 2482 643 2511 in
663 2491 737 2509 voce
765 2486 923 2519 ijffiasf:

188 2543 220 2567 et
231 2539 438 2577 percellimur,
459 2545 532 2565 cum
554 2533 683 2574 agitatio
699 2531 844 2572 quaedam
861 2531 926 2560 vio-

190 2590 316 2627 lentior,
340 2589 388 2618 vel
412 2587 531 2618 laetitiae
556 2585 605 2615 vel
625 2583 758 2621 timoris,
782 2583 925 2612 membra

191 2640 299 2671 omnia
330 2644 501 2678 percurrat,
527 2644 558 2668 et
576 2635 742 2667 concutiat.
799 2633 860 2663 Sed
887 2644 927 2663 ne

191 2691 346 2722 desideres
362 2690 500 2719 Lucretii
516 2688 696 2728 peritiorem
710 2686 926 2724 interpretem,

192 2753 289 2784 quam
305 2753 337 2771 se
352 2741 494 2780 praestitit
509 2739 678 2779 Virgilius3
702 2737 755 2779 qui
779 2737 821 2767 sic
843 2736 927 2766 vide.

190 2803 244 2826 tur
263 2794 452 2825 enarravisse
467 2792 532 2822 vim
554 2791 698 2821 dictionis
715 2791 876 2830 perculsae,
893 2789 926 2819 in

191 2858 260 2889 geo.
276 2846 319 2876 iii.
336 2849 407 2877 2¹50.

222 2909 318 2931 Nonne
328 2905 412 2934 vides,
424 2907 454 2928 ut
467 2907 517 2927 tota
529 2907 621 2927 tremor
630 2905 750 2934 pertentet
760 2908 892 2932 equorum

219 2948 336 2978 Corpora,
349 2945 369 2970 si
381 2947 489 2970 tantum
507 2946 584 2968 notas
596 2942 662 2967 odor
674 2941 771 2966 adtulit
783 2942 869 2966 auras?

941 2979 963 3008 5

965 565 1008 595 In
1023 575 1057 595 re
1079 574 1205 604 prorsus
1228 562 1335 601 simili,
1352 562 1556 593 Thonisonus
1577 568 1693 603 noster,

963 616 1123 646 celebrans
1145 616 1256 647 itidem
1272 625 1394 645 amores
1416 614 1534 651 avium,
1549 615 1694 646 Lucreti-

964 679 1034 699 anae
1059 668 1206 698 dictionis
1231 672 1418 708 potestatem
1445 673 1605 698 assecutus
1637 672 1695 706 est,

965 726 997 751 et
1011 719 1150 750 efficacia
1165 730 1239 750 cum
1249 718 1430 750 felicissima
1444 719 1573 759 quidem
1584 729 1698 759 reprae-

965 772 1116 803 sentavit:

1025 831 1086 856 And
1096 830 1188 856 shiver
1198 837 1280 862 every
1289 829 1395 855 feather
1406 830 1473 854 with
1485 830 1599 862 delight.

963 873 986 905 J
988 883 1040 903 am
1054 883 1127 903 vero
1142 873 1278 912 paratior
1293 872 1457 902 accesseris
1471 872 1511 902 ad
1522 872 1696 912 percipien-

964 925 1038 956 dam
1077 924 1259 964 Sophoclem
1298 925 1445 963 phraseos
1488 930 1696 963 venustatem,

964 987 1062 1018 quam
1082 977 1108 1006 si
1122 983 1251 1006 centum
1274 977 1514 1006 scholiastarum
1536 986 1696 1007 commen-

964 1029 1058 1059 tarios
1095 1028 1270 1066 emlvisses,
1305 1028 1344 1058 ad
1370 1028 1460 1067 Ajac.
1498 1032 1569 1059 695.
1599 1029 1698 1070 Εφριξ·

965 1094 1060 1123 epm-u
1095 1091 1165 1121 quae
1191 1081 1285 1109 verba
1301 1079 1344 1108 sic
1368 1078 1528 1108 transtulit
1557 1079 1701 1109 conditor

965 1131 1159 1169 Thebaidos,
1172 1131 1193 1160 i.
1212 1134 1285 1162 495.
1301 1140 1376 1160 sane
1393 1140 1488 1170 quam
1503 1130 1652 1160 feliciter:

1351 1189 1480 1220 laetusque
1488 1192 1535 1220 per
1544 1192 1618 1212 artus

996 1231 1091 1253 Horror
1101 1229 1140 1253 iit.

967 1281 1138 1319 Compares
1161 1289 1234 1309 cum
1257 1279 1308 1308 his
1330 1284 1486 1316 nostrum,
1510 1278 1556 1308 iii.
1575 1282 1626 1308 28.
1649 1282 1701 1310 29.

967 1333 1060 1362 Idem
1077 1331 1195 1361 Statius
1223 1330 1404 1360 ulteriorem
1426 1340 1552 1369 operam
1576 1330 1703 1360 navabit

964 1384 1056 1414 nobis
1070 1394 1107 1414 ex
1125 1383 1267 1423 ejusdem
1282 1382 1437 1421 po'e'matis
1452 1392 1479 1412 v.
1499 1384 1572 1412 445.
1604 1382 1701 1412 Blan-

965 1436 1054 1466 tuani
1079 1435 1229 1476 vestigiis,
1245 1440 1281 1464 ut
1305 1444 1438 1473 semper,
1459 1433 1629 1474 diligenter
1651 1433 1702 1463 in-

967 1490 1153 1518 haeresccns:

982 1549 1051 1579 Ergo
1059 1548 1158 1572 iterum
1167 1548 1265 1576 Venus,
1274 1549 1301 1571 et
1309 1545 1406 1570 tacitus
1412 1544 1488 1570 corda
1497 1550 1588 1576 aspera
1588 1543 1704 1575 flammis

984 1588 1165 1612 Lemniadum
1176 1590 1302 1618 pus-tentat
1315 1594 1431 1610 amor.—

967 1639 1140 1669 Fructuose
1167 1635 1348 1665 restituatur
1379 1634 1477 1664 etiam
1501 1635 1569 1663 haec
1594 1633 1705 1664 eadem

966 1699 1024 1718 vox
1043 1689 1181 1725 Senecae,
1198 1687 1327 1726 Thyest.
1347 1689 1419 1714 822.

1015 1747 1178 1778 Trepidant,
1189 1746 1326 1777 trepidant
1338 1747 1459 1776 pectora,
1469 1750 1570 1776 magno

1012 1788 1134 1812 Perculsa
1146 1791 1234 1811 metu.

965 1836 1085 1877 Vulgo,
1126 1846 1291 1876 percussa:
1337 1833 1444 1863 minus
1477 1832 1643 1862 efficaciter
1678 1838 1710 1862 et

966 1888 1154 1929 tempestive
1182 1887 1303 1917 minus:
1331 1884 1386 1914 sed
1414 1894 1479 1913 non
1502 1889 1549 1913 est
1574 1883 1712 1924 cujusvis

969 1940 1129 1970 tenuiores
1155 1936 1379 1976 discrepantias
1406 1935 1575 1965 verborum
1589 1934 1711 1965 subtili-

971 1997 1019 2020 ter
1034 1990 1217 2020 discernere.
1262 1986 1412 2016 Valerius
1429 1985 1604 2020 Maximus,
1631 1985 1651 2014 i.
1679 1989 1708 2016 8.

1047 2045 1179 2072 ext.—“
1212 2039 1365 2078 inopinati
1402 2038 1534 2067 monstri
1564 2038 1708 2076 perculsa

972 2047 990 2056 1-

970 2055 1001 2073 ,3.

972 2100 993 2114 “
1017 2092 1223 2133 conspectu:”

971 2159 1043 2179 cum
1069 2146 1190 2187 judicio
1214 2143 1351 2173 vindicat
1385 2141 1571 2179 Tei-remus,
1606 2140 1710 2170 omui-

1316 2193 1494 2229 Nimimm,
1532 2192 1619 2222 haud
1641 2202 1711 2221 raro

1255 2101 1351 2131 quam
1385 2089 1554 2120 lectionem
1581 2098 1709 2118 summo

966 2211 1008 2231 uo
1038 2196 1258 2229 consulendus.

967 2252 1088 2283 eveniet
1110 2249 1159 2279 vel
1182 2249 1316 2288 percuti,
1343 2246 1393 2276 vel
1415 2247 1553 2285 percelli,
1574 2244 1617 2274 ita
1641 2243 1711 2274 loco

968 2302 1147 2339 convenire,
1170 2306 1206 2330 ut
1222 2309 1316 2329 nemo
1332 2296 1519 2337 prudentior
1545 2294 1709 2325 confiden-

966 2362 1012 2385 ter
1028 2354 1108 2384 ferat
1127 2351 1298 2393 judicium:
1325 2348 1380 2378 sed
1403 2346 1587 2377 memineris
1602 2351 1710 2375 tamen

970 2408 1048 2439 illud
1062 2406 1186 2447 proprie
1196 2403 1383 2445 significare,
1399 2405 1420 2420 ‘⁶
1438 2401 1470 2430 in
1485 2400 1623 2441 quidam
1640 2410 1711 2439 par-

972 2466 993 2480 “
1010 2468 1040 2490 te
1067 2457 1203 2497 corporis
1232 2457 1331 2486 ictum
1364 2453 1428 2494 pati
1441 2453 1470 2490 ;”
1505 2453 1563 2483 hoc
1594 2457 1712 2487 autem,

974 2517 995 2532 “
1012 2511 1162 2542 membris
1186 2508 1333 2539 omnibus
1358 2503 1582 2536 commoveri.'’
1627 2502 1712 2533 Vide

974 2564 1168 2600 Beussehnn,
1185 2561 1224 2591 ad
1239 2561 1352 2590 Horat.
1370 2557 1460 2597 epod.
1476 2557 1517 2586 xi.
1531 2560 1560 2586 52.
1577 2565 1640 2585 non
1657 2564 1712 2593 per

971 2616 1078 2647 omnia
1100 2621 1206 2643 tamen
1226 2611 1300 2642 satis
1323 2614 1466 2640 accurate
1487 2606 1712 2645 disputantem.

1014 2668 1089 2697 Ver.
1108 2669 1157 2694 14.
1164 2664 1248 2705 ferae
1255 2663 1386 2703 pecudes
1399 2658 1491 2689 lectio
1503 2662 1549 2686 est
1558 2656 1712 2685 librorum

973 2717 1129 2754 omnium,
1154 2723 1221 2746 tam
1252 2723 1351 2743 mauu
1377 2710 1576 2748 scriptorum,
1616 2715 1713 2746 quam

971 2771 1053 2811 typis
1076 2777 1262 2799 excusorum
1270 2778 1279 2804 ;
1302 2763 1356 2794 sed
1380 2759 1525 2792 Bentleio
1540 2768 1605 2788 non
1628 2757 1712 2797 inju-

971 2823 1019 2853 ria
1033 2826 1185 2861 suspecta:
1215 2828 1289 2849 nam
1309 2812 1468 2845 rarissime
1491 2809 1714 2842 consociantur

968 2876 1034 2904 haec
1061 2871 1228 2907 vocabula3
1252 2874 1283 2899 et
1305 2865 1420 2906 passim
1447 2863 1534 2892 inter
1557 2871 1590 2891 se
1615 2869 1713 2900 oppo-

973 2930 1096 2956 nuntur
1106 2924 1241 2965 pecudes
1256 2925 1287 2950 et
1297 2918 1383 2959 ferae
1401 2914 1488 2956 apud
1500 2912 1670 2950 universos,
1683 2915 1716 2941 et
