<?xml version="1.0" encoding="UTF-8"?>
<!DOCTYPE html PUBLIC "-//W3C//DTD XHTML 1.0 Transitional//EN"
    "http://www.w3.org/TR/xhtml1/DTD/xhtml1-transitional.dtd">
<html xmlns="http://www.w3.org/1999/xhtml" xml:lang="en" lang="en">
 <head>
  <title>
</title>
<meta http-equiv="Content-Type" content="text/html;charset=utf-8" />
  <meta name='ocr-system' content='tesseract 3.04.00' />
  <meta name='ocr-capabilities' content='ocr_page ocr_carea ocr_par ocr_line ocrx_word'/>
</head>
<body>
  <div class='ocr_page' id='page_1' title='image "./tlucretiicarider01lucruoft_0301.png"; bbox 0 0 1894 3253; ppageno 0'>
   <div class='ocr_carea' id='block_1_1' title="bbox 563 260 1267 323">
    <p class='ocr_par' dir='ltr' id='par_1_1' title="bbox 563 260 1267 323">
     <span class='ocr_line' id='line_1_1' title="bbox 563 260 1267 323; baseline -0.001 -12"><span class='ocrx_word' id='word_1_1' title='bbox 563 261 794 323; x_wconf 81' lang='lat' dir='ltr'>LIBER</span> <span class='ocrx_word' id='word_1_2' title='bbox 849 260 1267 312; x_wconf 86' lang='lat' dir='ltr'><strong>SECUNDUS.</strong></span> 
     </span>
    </p>
   </div>
   <div class='ocr_carea' id='block_1_2' title="bbox 1562 276 1656 316">
    <p class='ocr_par' dir='ltr' id='par_1_2' title="bbox 1562 276 1656 316">
     <span class='ocr_line' id='line_1_2' title="bbox 1562 276 1656 316; baseline 0.021 -2"><span class='ocrx_word' id='word_1_3' title='bbox 1562 276 1656 316; x_wconf 75' lang='lat'><strong>235</strong></span> 
     </span>
    </p>
   </div>
   <div class='ocr_carea' id='block_1_3' title="bbox 304 394 1611 453">
    <p class='ocr_par' dir='ltr' id='par_1_3' title="bbox 304 394 1611 453">
     <span class='ocr_line' id='line_1_3' title="bbox 304 394 1611 453; baseline -0.001 -13"><span class='ocrx_word' id='word_1_4' title='bbox 304 398 393 440; x_wconf 89' lang='lat' dir='ltr'><strong>Nec</strong></span> <span class='ocrx_word' id='word_1_5' title='bbox 414 405 552 439; x_wconf 88' lang='lat' dir='ltr'><strong>tamen</strong></span> <span class='ocrx_word' id='word_1_6' title='bbox 572 395 679 446; x_wconf 85' lang='lat' dir='ltr'><strong>haec,</strong></span> <span class='ocrx_word' id='word_1_7' title='bbox 711 403 912 452; x_wconf 81' lang='lat' dir='ltr'><strong>quantum</strong></span> <span class='ocrx_word' id='word_1_8' title='bbox 933 402 993 435; x_wconf 88' lang='lat' dir='ltr'><strong>est</strong></span> <span class='ocrx_word' id='word_1_9' title='bbox 1013 395 1054 435; x_wconf 92' lang='lat' dir='ltr'><strong>in</strong></span> <span class='ocrx_word' id='word_1_10' title='bbox 1076 410 1132 445; x_wconf 91' lang='lat' dir='ltr'><strong>se,</strong></span> <span class='ocrx_word' id='word_1_11' title='bbox 1165 394 1416 447; x_wconf 87' lang='lat' dir='ltr'><strong>dubitamus,</strong></span> <span class='ocrx_word' id='word_1_12' title='bbox 1447 397 1611 453; x_wconf 87' lang='lat' dir='ltr'>opinor,</span> 
     </span>
    </p>
   </div>
   <div class='ocr_carea' id='block_1_4' title="bbox 306 469 1455 526">
    <p class='ocr_par' dir='ltr' id='par_1_4' title="bbox 306 469 1455 526">
     <span class='ocr_line' id='line_1_4' title="bbox 306 469 1455 526; baseline -0.002 -12"><span class='ocrx_word' id='word_1_13' title='bbox 306 473 422 522; x_wconf 87' lang='lat' dir='ltr'><strong>Quin</strong></span> <span class='ocrx_word' id='word_1_14' title='bbox 443 487 619 514; x_wconf 84' lang='lat' dir='ltr'><strong>vacuum</strong></span> <span class='ocrx_word' id='word_1_15' title='bbox 640 486 714 526; x_wconf 88' lang='lat' dir='ltr'><strong>per</strong></span> <span class='ocrx_word' id='word_1_16' title='bbox 735 471 859 511; x_wconf 87' lang='lat' dir='ltr'><strong>inane</strong></span> <span class='ocrx_word' id='word_1_17' title='bbox 879 469 1071 510; x_wconf 90' lang='lat' dir='ltr'><strong>deorsum</strong></span> <span class='ocrx_word' id='word_1_18' title='bbox 1093 479 1243 512; x_wconf 89' lang='lat' dir='ltr'><strong>cuncta</strong></span> <span class='ocrx_word' id='word_1_19' title='bbox 1261 470 1455 513; x_wconf 85' lang='lat' dir='ltr'><strong>ferantur.</strong></span> 
     </span>
    </p>
   </div>
   <div class='ocr_carea' id='block_1_5' title="bbox 305 545 1439 604">
    <p class='ocr_par' dir='ltr' id='par_1_5' title="bbox 305 545 1439 604">
     <span class='ocr_line' id='line_1_5' title="bbox 305 545 1439 604; baseline -0.003 -14"><span class='ocrx_word' id='word_1_20' title='bbox 305 548 374 590; x_wconf 87' lang='lat' dir='ltr'><strong>Sic</strong></span> <span class='ocrx_word' id='word_1_21' title='bbox 395 548 520 604; x_wconf 87' lang='lat' dir='ltr'><strong>igitur</strong></span> <span class='ocrx_word' id='word_1_22' title='bbox 540 546 692 587; x_wconf 86' lang='lat' dir='ltr'><strong>debent</strong></span> <span class='ocrx_word' id='word_1_23' title='bbox 706 545 885 586; x_wconf 89' lang='lat' dir='ltr'><strong>flammae</strong></span> <span class='ocrx_word' id='word_1_24' title='bbox 906 558 1069 599; x_wconf 91' lang='lat' dir='ltr'><strong>quoque</strong></span> <span class='ocrx_word' id='word_1_25' title='bbox 1087 559 1206 599; x_wconf 91' lang='lat' dir='ltr'><strong>posse</strong></span> <span class='ocrx_word' id='word_1_26' title='bbox 1225 560 1299 600; x_wconf 86' lang='lat' dir='ltr'><strong>per</strong></span> <span class='ocrx_word' id='word_1_27' title='bbox 1320 561 1439 587; x_wconf 85' lang='lat' dir='ltr'><strong>auras</strong></span> 
     </span>
    </p>
   </div>
   <div class='ocr_carea' id='block_1_6' title="bbox 303 617 1426 675">
    <p class='ocr_par' dir='ltr' id='par_1_6' title="bbox 303 617 1426 675">
     <span class='ocr_line' id='line_1_6' title="bbox 303 617 1426 675; baseline -0.002 -13"><span class='ocrx_word' id='word_1_28' title='bbox 303 622 439 671; x_wconf 84' lang='lat' dir='ltr'><strong>A&#39;e‘ris,</strong></span> <span class='ocrx_word' id='word_1_29' title='bbox 472 634 675 675; x_wconf 77' lang='lat' dir='ltr'><strong>expressae</strong></span> <span class='ocrx_word' id='word_1_30' title='bbox 696 633 872 668; x_wconf 86' lang='lat' dir='ltr'><strong>sursum,</strong></span> <span class='ocrx_word' id='word_1_31' title='bbox 905 617 1141 669; x_wconf 85' lang='lat' dir='ltr'><strong>subcedere,</strong></span> <span class='ocrx_word' id='word_1_32' title='bbox 1174 634 1426 675; x_wconf 86' lang='lat' dir='ltr'><strong>quamquam</strong></span> 
     </span>
    </p>
   </div>
   <div class='ocr_carea' id='block_1_7' title="bbox 229 795 886 920">
    <p class='ocr_par' dir='ltr' id='par_1_7' title="bbox 229 795 886 920">
     <span class='ocr_line' id='line_1_7' title="bbox 230 795 797 830; baseline -0.004 -7"><span class='ocrx_word' id='word_1_33' title='bbox 230 798 279 825; x_wconf 84' lang='grc' dir='ltr'><strong>Ὠς</strong></span> <span class='ocrx_word' id='word_1_34' title='bbox 290 797 305 825; x_wconf 72' lang='grc' dir='ltr'>ἦ</span> <span class='ocrx_word' id='word_1_35' title='bbox 318 806 377 825; x_wconf 62' lang='grc' dir='ltr'><strong>παις</strong></span> <span class='ocrx_word' id='word_1_36' title='bbox 389 805 481 822; x_wconf 67' lang='lat' dir='ltr'><strong>summ</strong></span> <span class='ocrx_word' id='word_1_37' title='bbox 492 796 613 827; x_wconf 77' lang='grc' dir='ltr'><strong>γενειοεδος</strong></span> <span class='ocrx_word' id='word_1_38' title='bbox 627 795 693 824; x_wconf 73' lang='grc' dir='ltr'>ηθελε</span> <span class='ocrx_word' id='word_1_39' title='bbox 703 805 797 830; x_wconf 66' lang='grc' dir='ltr'><strong>ποια-ρος</strong></span> 
     </span>
     <span class='ocr_line' id='line_1_8' title="bbox 229 847 886 881; baseline -0.003 -8"><span class='ocrx_word' id='word_1_40' title='bbox 229 847 378 879; x_wconf 64' lang='grc' dir='ltr'><strong>Ἀψαθσα·</strong></span> <span class='ocrx_word' id='word_1_41' title='bbox 401 847 548 873; x_wconf 81' lang='grc' dir='ltr'><strong>ΠΟΛΛΑΣ</strong></span> <span class='ocrx_word' id='word_1_42' title='bbox 575 847 600 872; x_wconf 80' lang='grc' dir='ltr'><strong>δε</strong></span> <span class='ocrx_word' id='word_1_43' title='bbox 618 857 706 881; x_wconf 64' lang='lat' dir='ltr'><strong>,taam</strong></span> <span class='ocrx_word' id='word_1_44' title='bbox 731 854 886 872; x_wconf 68' lang='grc' dir='ltr'><strong>ετανυσσαιτο</strong></span> 
     </span>
     <span class='ocr_line' id='line_1_9' title="bbox 325 895 458 920; baseline -0.008 0"><span class='ocrx_word' id='word_1_45' title='bbox 325 895 458 920; x_wconf 81' lang='grc' dir='ltr'><strong>ΧΕΙΡΑΣ</strong></span> 
     </span>
    </p>
   </div>
   <div class='ocr_carea' id='block_1_8' title="bbox 227 943 518 979">
    <p class='ocr_par' dir='ltr' id='par_1_8' title="bbox 227 943 518 979">
     <span class='ocr_line' id='line_1_10' title="bbox 227 943 518 979; baseline 0 -10"><span class='ocrx_word' id='word_1_46' title='bbox 227 945 332 979; x_wconf 77' lang='grc' dir='ltr'><em>Μεχρις,</em></span> <span class='ocrx_word' id='word_1_47' title='bbox 352 943 393 969; x_wconf 65' lang='grc' dir='ltr'><strong>ἕνα</strong></span> <span class='ocrx_word' id='word_1_48' title='bbox 406 943 518 975; x_wconf 49' lang='lat' dir='ltr'><strong>dauveus.</strong></span> 
     </span>
    </p>
   </div>
   <div class='ocr_carea' id='block_1_9' title="bbox 149 1019 883 1322">
    <p class='ocr_par' dir='ltr' id='par_1_9' title="bbox 149 1019 883 1322">
     <span class='ocr_line' id='line_1_11' title="bbox 151 1019 880 1059; baseline 0 -9"><span class='ocrx_word' id='word_1_49' title='bbox 151 1020 203 1050; x_wconf 90' lang='lat' dir='ltr'><strong>De</strong></span> <span class='ocrx_word' id='word_1_50' title='bbox 213 1020 272 1050; x_wconf 87' lang='lat' dir='ltr'><strong>hoc</strong></span> <span class='ocrx_word' id='word_1_51' title='bbox 284 1020 352 1051; x_wconf 90' lang='lat' dir='ltr'><strong>loco</strong></span> <span class='ocrx_word' id='word_1_52' title='bbox 367 1020 459 1051; x_wconf 85' lang='lat' dir='ltr'><strong>adeas</strong></span> <span class='ocrx_word' id='word_1_53' title='bbox 470 1020 565 1050; x_wconf 88' lang='lat' dir='ltr'><strong>etiam</strong></span> <span class='ocrx_word' id='word_1_54' title='bbox 582 1019 824 1059; x_wconf 78' lang='lat' dir='ltr'><strong>Ruhnkenium,</strong></span> <span class='ocrx_word' id='word_1_55' title='bbox 840 1019 880 1050; x_wconf 89' lang='lat' dir='ltr'><strong>ad</strong></span> 
     </span>
     <span class='ocr_line' id='line_1_12' title="bbox 149 1073 878 1114; baseline -0.003 -9"><span class='ocrx_word' id='word_1_56' title='bbox 149 1075 240 1114; x_wconf 86' lang='lat' dir='ltr'><strong>epist.</strong></span> <span class='ocrx_word' id='word_1_57' title='bbox 268 1074 333 1104; x_wconf 89' lang='lat' dir='ltr'><strong>crit.</strong></span> <span class='ocrx_word' id='word_1_58' title='bbox 365 1074 396 1104; x_wconf 91' lang='lat' dir='ltr'><strong>ii.</strong></span> <span class='ocrx_word' id='word_1_59' title='bbox 423 1076 470 1113; x_wconf 53' lang='lat' dir='ltr'><strong>ps&lt;</strong></span> <span class='ocrx_word' id='word_1_60' title='bbox 484 1077 554 1104; x_wconf 81' lang='lat'><strong>142.</strong></span> <span class='ocrx_word' id='word_1_61' title='bbox 578 1073 766 1104; x_wconf 79' lang='lat' dir='ltr'><strong>sententiam</strong></span> <span class='ocrx_word' id='word_1_62' title='bbox 794 1073 878 1113; x_wconf 88' lang='lat' dir='ltr'><strong>prio-</strong></span> 
     </span>
     <span class='ocr_line' id='line_1_13' title="bbox 154 1124 883 1164; baseline -0.001 -9"><span class='ocrx_word' id='word_1_63' title='bbox 154 1135 222 1156; x_wconf 86' lang='lat' dir='ltr'><strong>rem</strong></span> <span class='ocrx_word' id='word_1_64' title='bbox 256 1124 385 1155; x_wconf 90' lang='lat' dir='ltr'><strong>meliore</strong></span> <span class='ocrx_word' id='word_1_65' title='bbox 422 1124 664 1164; x_wconf 82' lang='lat' dir='ltr'><strong>prudentissime</strong></span> <span class='ocrx_word' id='word_1_66' title='bbox 698 1131 883 1156; x_wconf 85' lang='lat' dir='ltr'><strong>mutantem.</strong></span> 
     </span>
     <span class='ocr_line' id='line_1_14' title="bbox 152 1177 882 1218; baseline 0 -11"><span class='ocrx_word' id='word_1_67' title='bbox 152 1178 248 1208; x_wconf 88' lang='lat' dir='ltr'><strong>Hanc</strong></span> <span class='ocrx_word' id='word_1_68' title='bbox 267 1182 373 1207; x_wconf 89' lang='lat' dir='ltr'><strong>autem</strong></span> <span class='ocrx_word' id='word_1_69' title='bbox 395 1177 584 1218; x_wconf 83' lang='lat' dir='ltr'><strong>elegantiam</strong></span> <span class='ocrx_word' id='word_1_70' title='bbox 609 1188 675 1207; x_wconf 91' lang='lat' dir='ltr'><strong>non</strong></span> <span class='ocrx_word' id='word_1_71' title='bbox 698 1177 788 1208; x_wconf 89' lang='lat' dir='ltr'><strong>nullo</strong></span> <span class='ocrx_word' id='word_1_72' title='bbox 808 1188 882 1208; x_wconf 88' lang='lat' dir='ltr'><strong>cum</strong></span> 
     </span>
     <span class='ocr_line' id='line_1_15' title="bbox 151 1233 880 1273; baseline 0 -11"><span class='ocrx_word' id='word_1_73' title='bbox 151 1242 295 1263; x_wconf 87' lang='lat' dir='ltr'><strong>successu</strong></span> <span class='ocrx_word' id='word_1_74' title='bbox 311 1233 476 1263; x_wconf 88' lang='lat' dir='ltr'><strong>aemulatus</strong></span> <span class='ocrx_word' id='word_1_75' title='bbox 492 1239 539 1263; x_wconf 88' lang='lat' dir='ltr'><strong>est</strong></span> <span class='ocrx_word' id='word_1_76' title='bbox 560 1233 644 1263; x_wconf 83' lang='lat' dir='ltr'><strong>haud</strong></span> <span class='ocrx_word' id='word_1_77' title='bbox 659 1233 791 1263; x_wconf 90' lang='lat' dir='ltr'><strong>ultimus</strong></span> <span class='ocrx_word' id='word_1_78' title='bbox 806 1233 880 1273; x_wconf 85' lang='lat' dir='ltr'><strong>po&#39;e&#39;-</strong></span> 
     </span>
     <span class='ocr_line' id='line_1_16' title="bbox 153 1283 812 1322; baseline -0.002 -8"><span class='ocrx_word' id='word_1_79' title='bbox 153 1289 258 1314; x_wconf 78' lang='lat' dir='ltr'><strong>tarum</strong></span> <span class='ocrx_word' id='word_1_80' title='bbox 270 1290 452 1314; x_wconf 87' lang='lat' dir='ltr'><strong>tenerorum</strong></span> <span class='ocrx_word' id='word_1_81' title='bbox 469 1284 564 1319; x_wconf 86' lang='lat' dir='ltr'>Naso,</span> <span class='ocrx_word' id='word_1_82' title='bbox 580 1284 667 1322; x_wconf 85' lang='lat' dir='ltr'><strong>epist.</strong></span> <span class='ocrx_word' id='word_1_83' title='bbox 683 1283 745 1313; x_wconf 71' lang='lat' dir='ltr'><strong>w&#39;ii.</strong></span> <span class='ocrx_word' id='word_1_84' title='bbox 763 1287 812 1314; x_wconf 82' lang='lat'><strong>93.</strong></span> 
     </span>
    </p>
   </div>
   <div class='ocr_carea' id='block_1_10' title="bbox 213 1355 842 1388">
    <p class='ocr_par' dir='ltr' id='par_1_10' title="bbox 213 1355 842 1388">
     <span class='ocr_line' id='line_1_17' title="bbox 213 1355 842 1388; baseline 0 -7"><span class='ocrx_word' id='word_1_85' title='bbox 213 1358 273 1381; x_wconf 83' lang='lat' dir='ltr'><strong>Non</strong></span> <span class='ocrx_word' id='word_1_86' title='bbox 284 1363 334 1388; x_wconf 86' lang='lat' dir='ltr'><strong>ego</strong></span> <span class='ocrx_word' id='word_1_87' title='bbox 345 1356 451 1388; x_wconf 82' lang='lat' dir='ltr'><strong>captavi</strong></span> <span class='ocrx_word' id='word_1_88' title='bbox 461 1355 583 1380; x_wconf 78' lang='lat' dir='ltr'><strong>brevibus</strong></span> <span class='ocrx_word' id='word_1_89' title='bbox 594 1359 641 1380; x_wconf 83' lang='lat' dir='ltr'><strong>tua</strong></span> <span class='ocrx_word' id='word_1_90' title='bbox 652 1355 721 1380; x_wconf 88' lang='lat' dir='ltr'><strong>colla</strong></span> <span class='ocrx_word' id='word_1_91' title='bbox 731 1355 842 1381; x_wconf 82' lang='lat' dir='ltr'><strong>lacertis.-</strong></span> 
     </span>
    </p>
   </div>
   <div class='ocr_carea' id='block_1_11' title="bbox 150 1429 885 2288">
    <p class='ocr_par' dir='ltr' id='par_1_11' title="bbox 151 1429 884 1720">
     <span class='ocr_line' id='line_1_18' title="bbox 152 1429 883 1471; baseline -0.001 -11"><span class='ocrx_word' id='word_1_92' title='bbox 152 1440 254 1471; x_wconf 85' lang='lat' dir='ltr'><strong>neque</strong></span> <span class='ocrx_word' id='word_1_93' title='bbox 269 1430 357 1460; x_wconf 77' lang='lat' dir='ltr'><strong>enim</strong></span> <span class='ocrx_word' id='word_1_94' title='bbox 372 1429 502 1461; x_wconf 87' lang='lat' dir='ltr'><strong>aliunde</strong></span> <span class='ocrx_word' id='word_1_95' title='bbox 516 1435 598 1460; x_wconf 89' lang='lat' dir='ltr'><strong>recte</strong></span> <span class='ocrx_word' id='word_1_96' title='bbox 620 1429 777 1470; x_wconf 80' lang='lat' dir='ltr'><strong>intelligas</strong></span> <span class='ocrx_word' id='word_1_97' title='bbox 791 1430 883 1469; x_wconf 82' lang='lat' dir='ltr'><strong>phra—</strong></span> 
     </span>
     <span class='ocr_line' id='line_1_19' title="bbox 151 1481 884 1515; baseline -0.001 -3"><span class='ocrx_word' id='word_1_98' title='bbox 151 1482 212 1512; x_wconf 87' lang='lat' dir='ltr'><strong>sim</strong></span> <span class='ocrx_word' id='word_1_99' title='bbox 228 1482 482 1512; x_wconf 84' lang='lat' dir='ltr'><strong>venustissimam</strong></span> <span class='ocrx_word' id='word_1_100' title='bbox 497 1483 632 1513; x_wconf 80' lang='lat' dir='ltr'><strong>brevibus</strong></span> <span class='ocrx_word' id='word_1_101' title='bbox 653 1483 777 1512; x_wconf 76' lang='lat' dir='ltr'><strong>lacertis</strong></span> <span class='ocrx_word' id='word_1_102' title='bbox 783 1495 793 1515; x_wconf 89' lang='lat'><em>;</em></span> <span class='ocrx_word' id='word_1_103' title='bbox 821 1481 841 1511; x_wconf 92' lang='lat' dir='ltr'><strong>i.</strong></span> <span class='ocrx_word' id='word_1_104' title='bbox 857 1491 884 1511; x_wconf 89' lang='lat' dir='ltr'><strong>e.</strong></span> 
     </span>
     <span class='ocr_line' id='line_1_20' title="bbox 151 1533 882 1575; baseline -0.001 -11"><span class='ocrx_word' id='word_1_105' title='bbox 151 1543 216 1564; x_wconf 89' lang='lat' dir='ltr'><strong>non</strong></span> <span class='ocrx_word' id='word_1_106' title='bbox 231 1534 495 1575; x_wconf 84' lang='lat' dir='ltr'><strong>pertingentibus:</strong></span> <span class='ocrx_word' id='word_1_107' title='bbox 523 1544 619 1574; x_wconf 90' lang='lat' dir='ltr'><strong>quam</strong></span> <span class='ocrx_word' id='word_1_108' title='bbox 633 1533 798 1564; x_wconf 88' lang='lat' dir='ltr'><strong>notionem</strong></span> <span class='ocrx_word' id='word_1_109' title='bbox 813 1539 882 1563; x_wconf 89' lang='lat' dir='ltr'><strong>ten·</strong></span> 
     </span>
     <span class='ocr_line' id='line_1_21' title="bbox 151 1585 884 1624; baseline 0 -10"><span class='ocrx_word' id='word_1_110' title='bbox 151 1585 278 1615; x_wconf 85' lang='lat' dir='ltr'><strong>taminis</strong></span> <span class='ocrx_word' id='word_1_111' title='bbox 294 1585 469 1624; x_wconf 81' lang='lat' dir='ltr'><strong>imperfecti</strong></span> <span class='ocrx_word' id='word_1_112' title='bbox 490 1585 670 1615; x_wconf 88' lang='lat' dir='ltr'><strong>felicissime</strong></span> <span class='ocrx_word' id='word_1_113' title='bbox 684 1590 884 1624; x_wconf 85' lang='lat' dir='ltr'><strong>repraesentat</strong></span> 
     </span>
     <span class='ocr_line' id='line_1_22' title="bbox 155 1636 881 1679; baseline 0.001 -13"><span class='ocrx_word' id='word_1_114' title='bbox 155 1649 188 1668; x_wconf 57' lang='lat' dir='ltr'><strong>‘ro</strong></span> <span class='ocrx_word' id='word_1_115' title='bbox 205 1636 455 1668; x_wconf 86' lang='lat' dir='ltr'><strong>Callimacheum</strong></span> <span class='ocrx_word' id='word_1_116' title='bbox 477 1650 576 1679; x_wconf 72' lang='grc' dir='ltr'><em>μεχρι,</em></span> <span class='ocrx_word' id='word_1_117' title='bbox 599 1637 640 1668; x_wconf 89' lang='lat' dir='ltr'><strong>ad</strong></span> <span class='ocrx_word' id='word_1_118' title='bbox 672 1636 756 1677; x_wconf 92' lang='lat' dir='ltr'><strong>quod</strong></span> <span class='ocrx_word' id='word_1_119' title='bbox 782 1647 881 1668; x_wconf 88' lang='lat' dir='ltr'><strong>caecn-</strong></span> 
     </span>
     <span class='ocr_line' id='line_1_23' title="bbox 153 1687 404 1720; baseline 0.008 -3"><span class='ocrx_word' id='word_1_120' title='bbox 153 1687 204 1717; x_wconf 92' lang='lat' dir='ltr'><strong>tiit</strong></span> <span class='ocrx_word' id='word_1_121' title='bbox 219 1688 404 1720; x_wconf 84' lang='lat' dir='ltr'><strong>scholiastes.</strong></span> 
     </span>
    </p>

    <p class='ocr_par' dir='ltr' id='par_1_12' title="bbox 150 1740 885 2288">
     <span class='ocr_line' id='line_1_24' title="bbox 193 1740 881 1782; baseline 0.003 -12"><span class='ocrx_word' id='word_1_122' title='bbox 193 1740 267 1771; x_wconf 88' lang='lat' dir='ltr'><strong>Ver.</strong></span> <span class='ocrx_word' id='word_1_123' title='bbox 285 1745 354 1773; x_wconf 89' lang='grc'>199.</span> <span class='ocrx_word' id='word_1_124' title='bbox 376 1740 470 1773; x_wconf 72' lang='lat' dir='ltr'><strong>Tam‘:</strong></span> <span class='ocrx_word' id='word_1_125' title='bbox 491 1748 531 1773; x_wconf 92' lang='grc' dir='ltr'><strong>Π.</strong></span> <span class='ocrx_word' id='word_1_126' title='bbox 555 1744 820 1782; x_wconf 69' lang='lat' dir='ltr'><strong>Tum—cupide:</strong></span> <span class='ocrx_word' id='word_1_127' title='bbox 840 1742 881 1772; x_wconf 88' lang='lat' dir='ltr'><strong>V.</strong></span> 
     </span>
     <span class='ocr_line' id='line_1_25' title="bbox 150 1791 885 1833; baseline 0.003 -11"><span class='ocrx_word' id='word_1_128' title='bbox 150 1791 197 1823; x_wconf 86' lang='lat' dir='ltr'><strong>ed.</strong></span> <span class='ocrx_word' id='word_1_129' title='bbox 229 1796 534 1833; x_wconf 60' lang='lat' dir='ltr'><strong>cupida—revomit.-</strong></span> <span class='ocrx_word' id='word_1_130' title='bbox 575 1795 620 1824; x_wconf 90' lang='lat' dir='ltr'><strong>sic</strong></span> <span class='ocrx_word' id='word_1_131' title='bbox 645 1794 721 1824; x_wconf 89' lang='lat' dir='ltr'><strong>Aldi</strong></span> <span class='ocrx_word' id='word_1_132' title='bbox 747 1794 885 1825; x_wconf 83' lang='lat' dir='ltr'><strong>secunda</strong></span> 
     </span>
     <span class='ocr_line' id='line_1_26' title="bbox 150 1844 884 1887; baseline 0.003 -13"><span class='ocrx_word' id='word_1_133' title='bbox 150 1844 258 1881; x_wconf 80' lang='lat' dir='ltr'><strong>editio,</strong></span> <span class='ocrx_word' id='word_1_134' title='bbox 291 1847 368 1876; x_wconf 86' lang='lat' dir='ltr'><strong>anni</strong></span> <span class='ocrx_word' id='word_1_135' title='bbox 397 1849 488 1877; x_wconf 86' lang='lat'><strong>1515.</strong></span> <span class='ocrx_word' id='word_1_136' title='bbox 517 1845 589 1876; x_wconf 88' lang='lat' dir='ltr'><strong>libri</strong></span> <span class='ocrx_word' id='word_1_137' title='bbox 619 1856 730 1876; x_wconf 89' lang='lat' dir='ltr'><strong>omnes</strong></span> <span class='ocrx_word' id='word_1_138' title='bbox 758 1846 884 1887; x_wconf 84' lang='lat' dir='ltr'><strong>reliqui,</strong></span> 
     </span>
     <span class='ocr_line' id='line_1_27' title="bbox 152 1896 881 1937; baseline 0.004 -12"><span class='ocrx_word' id='word_1_139' title='bbox 152 1901 218 1925; x_wconf 84' lang='lat' dir='ltr'><strong>tam</strong></span> <span class='ocrx_word' id='word_1_140' title='bbox 233 1896 350 1935; x_wconf 87' lang='lat' dir='ltr'><strong>scripti,</strong></span> <span class='ocrx_word' id='word_1_141' title='bbox 363 1907 458 1937; x_wconf 87' lang='lat' dir='ltr'><strong>quam</strong></span> <span class='ocrx_word' id='word_1_142' title='bbox 468 1896 611 1936; x_wconf 85' lang='lat' dir='ltr'><strong>impressi</strong></span> <span class='ocrx_word' id='word_1_143' title='bbox 626 1897 718 1937; x_wconf 88' lang='lat' dir='ltr'><strong>typis,</strong></span> <span class='ocrx_word' id='word_1_144' title='bbox 734 1904 800 1928; x_wconf 83' lang='lat' dir='ltr'><strong>tam</strong></span> <span class='ocrx_word' id='word_1_145' title='bbox 811 1908 881 1928; x_wconf 91' lang='lat' dir='ltr'><strong>nos-</strong></span> 
     </span>
     <span class='ocr_line' id='line_1_28' title="bbox 153 1947 882 1988; baseline 0.005 -12"><span class='ocrx_word' id='word_1_146' title='bbox 153 1947 204 1983; x_wconf 86' lang='lat' dir='ltr'><strong>tri,</strong></span> <span class='ocrx_word' id='word_1_147' title='bbox 227 1958 323 1988; x_wconf 88' lang='lat' dir='ltr'><strong>quam</strong></span> <span class='ocrx_word' id='word_1_148' title='bbox 338 1948 484 1986; x_wconf 87' lang='lat' dir='ltr'><strong>aliorum,</strong></span> <span class='ocrx_word' id='word_1_149' title='bbox 501 1954 536 1978; x_wconf 86' lang='lat' dir='ltr'><strong>ut</strong></span> <span class='ocrx_word' id='word_1_150' title='bbox 550 1948 682 1985; x_wconf 82' lang='lat' dir='ltr'><strong>videtur,</strong></span> <span class='ocrx_word' id='word_1_151' title='bbox 705 1950 821 1980; x_wconf 86' lang='lat' dir='ltr'><strong>habent</strong></span> <span class='ocrx_word' id='word_1_152' title='bbox 834 1961 882 1980; x_wconf 84' lang='lat' dir='ltr'><strong>re-</strong></span> 
     </span>
     <span class='ocr_line' id='line_1_29' title="bbox 153 2000 881 2032; baseline 0.001 -2"><span class='ocrx_word' id='word_1_153' title='bbox 153 2006 253 2031; x_wconf 81' lang='lat' dir='ltr'><strong>movet.</strong></span> <span class='ocrx_word' id='word_1_154' title='bbox 299 2000 361 2031; x_wconf 87' lang='lat' dir='ltr'><strong>Sed</strong></span> <span class='ocrx_word' id='word_1_155' title='bbox 385 2000 471 2031; x_wconf 85' lang='lat' dir='ltr'><strong>haud</strong></span> <span class='ocrx_word' id='word_1_156' title='bbox 495 2000 589 2031; x_wconf 88' lang='lat' dir='ltr'><strong>dubie</strong></span> <span class='ocrx_word' id='word_1_157' title='bbox 611 2000 700 2032; x_wconf 88' lang='lat' dir='ltr'><strong>falso.</strong></span> <span class='ocrx_word' id='word_1_158' title='bbox 747 2001 801 2031; x_wconf 86' lang='lat' dir='ltr'><strong>Ad</strong></span> <span class='ocrx_word' id='word_1_159' title='bbox 817 2002 881 2031; x_wconf 89' lang='lat' dir='ltr'><strong>Lu·</strong></span> 
     </span>
     <span class='ocr_line' id='line_1_30' title="bbox 152 2050 881 2093; baseline 0.004 -13"><span class='ocrx_word' id='word_1_160' title='bbox 152 2060 219 2080; x_wconf 86' lang='lat' dir='ltr'><strong>can.</strong></span> <span class='ocrx_word' id='word_1_161' title='bbox 250 2050 289 2082; x_wconf 88' lang='lat' dir='ltr'><strong>vi.</strong></span> <span class='ocrx_word' id='word_1_162' title='bbox 317 2055 369 2082; x_wconf 80' lang='lat'><strong>24.</strong></span> <span class='ocrx_word' id='word_1_163' title='bbox 397 2062 455 2091; x_wconf 90' lang='lat' dir='ltr'><strong>pro</strong></span> <span class='ocrx_word' id='word_1_164' title='bbox 476 2054 664 2093; x_wconf 76' lang='lat' dir='ltr'><strong>scopulisque</strong></span> <span class='ocrx_word' id='word_1_165' title='bbox 686 2055 881 2090; x_wconf 77' lang='lat' dir='ltr'><strong>vomentibus,</strong></span> 
     </span>
     <span class='ocr_line' id='line_1_31' title="bbox 152 2101 881 2140; baseline 0.004 -8"><span class='ocrx_word' id='word_1_166' title='bbox 152 2101 201 2131; x_wconf 84' lang='lat' dir='ltr'><strong>vel</strong></span> <span class='ocrx_word' id='word_1_167' title='bbox 215 2105 441 2140; x_wconf 57' lang='lat' dir='ltr'><strong>revomendbus,</strong></span> <span class='ocrx_word' id='word_1_168' title='bbox 464 2104 557 2134; x_wconf 83' lang='lat' dir='ltr'><strong>multi</strong></span> <span class='ocrx_word' id='word_1_169' title='bbox 572 2104 693 2135; x_wconf 82' lang='lat' dir='ltr'><strong>codices</strong></span> <span class='ocrx_word' id='word_1_170' title='bbox 710 2105 807 2136; x_wconf 87' lang='lat' dir='ltr'><strong>MSS.</strong></span> <span class='ocrx_word' id='word_1_171' title='bbox 825 2106 881 2135; x_wconf 88' lang='lat' dir='ltr'><strong>ha-</strong></span> 
     </span>
     <span class='ocr_line' id='line_1_32' title="bbox 153 2155 879 2186; baseline 0.001 -2"><span class='ocrx_word' id='word_1_172' title='bbox 153 2156 228 2184; x_wconf 85' lang='lat' dir='ltr'><strong>bent</strong></span> <span class='ocrx_word' id='word_1_173' title='bbox 240 2156 460 2186; x_wconf 77' lang='lat' dir='ltr'><strong>removentibus</strong></span> <span class='ocrx_word' id='word_1_174' title='bbox 482 2155 632 2186; x_wconf 87' lang='lat' dir='ltr'><strong>similiter.</strong></span> <span class='ocrx_word' id='word_1_175' title='bbox 680 2155 776 2186; x_wconf 81' lang='lat' dir='ltr'><strong>Silius</strong></span> <span class='ocrx_word' id='word_1_176' title='bbox 792 2156 879 2186; x_wconf 87' lang='lat' dir='ltr'><strong>Itali—</strong></span> 
     </span>
     <span class='ocr_line' id='line_1_33' title="bbox 152 2205 881 2247; baseline 0.004 -12"><span class='ocrx_word' id='word_1_177' title='bbox 152 2215 220 2243; x_wconf 88' lang='lat' dir='ltr'><strong>cus,</strong></span> <span class='ocrx_word' id='word_1_178' title='bbox 253 2205 283 2236; x_wconf 89' lang='lat' dir='ltr'><strong>ii.</strong></span> <span class='ocrx_word' id='word_1_179' title='bbox 315 2210 387 2237; x_wconf 86' lang='grc'><strong>508.</strong></span> <span class='ocrx_word' id='word_1_180' title='bbox 417 2207 472 2237; x_wconf 93' lang='lat' dir='ltr'><strong>ubi</strong></span> <span class='ocrx_word' id='word_1_181' title='bbox 501 2207 592 2247; x_wconf 89' lang='lat' dir='ltr'><strong>plura</strong></span> <span class='ocrx_word' id='word_1_182' title='bbox 620 2207 678 2237; x_wconf 92' lang='lat' dir='ltr'><strong>tibi</strong></span> <span class='ocrx_word' id='word_1_183' title='bbox 705 2207 881 2247; x_wconf 86' lang='lat' dir='ltr'><strong>suppeditat</strong></span> 
     </span>
     <span class='ocr_line' id='line_1_34' title="bbox 155 2256 444 2288; baseline 0.007 -2"><span class='ocrx_word' id='word_1_184' title='bbox 155 2256 430 2288; x_wconf 82' lang='lat' dir='ltr'><strong>Drakenborchius</strong></span> <span class='ocrx_word' id='word_1_185' title='bbox 437 2271 444 2288; x_wconf 88' lang='grc'>;</span> 
     </span>
    </p>
   </div>
   <div class='ocr_carea' id='block_1_12' title="bbox 153 2340 246 2348">
    <p class='ocr_par' dir='ltr' id='par_1_13' title="bbox 153 2340 246 2348">
     <span class='ocr_line' id='line_1_35' title="bbox 153 2340 246 2348; baseline 0 0"><span class='ocrx_word' id='word_1_186' title='bbox 153 2340 246 2348; x_wconf 95' lang='lat' dir='ltr'><strong> </strong></span> 
     </span>
    </p>
   </div>
   <div class='ocr_carea' id='block_1_13' title="bbox 256 2329 868 2364">
    <p class='ocr_par' dir='ltr' id='par_1_14' title="bbox 256 2329 868 2364">
     <span class='ocr_line' id='line_1_36' title="bbox 256 2329 868 2364; baseline 0.007 -10"><span class='ocrx_word' id='word_1_187' title='bbox 256 2336 271 2354; x_wconf 89' lang='lat' dir='ltr'><strong>e</strong></span> <span class='ocrx_word' id='word_1_188' title='bbox 281 2329 367 2355; x_wconf 83' lang='lat' dir='ltr'><strong>fundo</strong></span> <span class='ocrx_word' id='word_1_189' title='bbox 378 2334 549 2356; x_wconf 82' lang='lat' dir='ltr'><strong>revomentem</strong></span> <span class='ocrx_word' id='word_1_190' title='bbox 560 2335 676 2356; x_wconf 84' lang='lat' dir='ltr'><strong>transtra</strong></span> <span class='ocrx_word' id='word_1_191' title='bbox 687 2332 868 2364; x_wconf 84' lang='lat' dir='ltr'><strong>Charybdim:</strong></span> 
     </span>
    </p>
   </div>
   <div class='ocr_carea' id='block_1_14' title="bbox 157 2393 879 2487">
    <p class='ocr_par' dir='ltr' id='par_1_15' title="bbox 157 2393 879 2487">
     <span class='ocr_line' id='line_1_37' title="bbox 157 2393 879 2445; baseline 0.008 -12"><span class='ocrx_word' id='word_1_192' title='bbox 157 2403 246 2434; x_wconf 90' lang='lat' dir='ltr'><strong>Hinc</strong></span> <span class='ocrx_word' id='word_1_193' title='bbox 257 2393 405 2443; x_wconf 88' lang='lat' dir='ltr'><strong>dispicere</strong></span> <span class='ocrx_word' id='word_1_194' title='bbox 415 2416 580 2444; x_wconf 88' lang='lat' dir='ltr'><strong>possumus</strong></span> <span class='ocrx_word' id='word_1_195' title='bbox 596 2407 636 2437; x_wconf 89' lang='lat' dir='ltr'><strong>ad</strong></span> <span class='ocrx_word' id='word_1_196' title='bbox 650 2408 828 2445; x_wconf 90' lang='lat' dir='ltr'><strong>Lucanum,</strong></span> <span class='ocrx_word' id='word_1_197' title='bbox 839 2408 879 2439; x_wconf 90' lang='lat' dir='ltr'><strong>vi.</strong></span> 
     </span>
     <span class='ocr_line' id='line_1_38' title="bbox 159 2458 228 2487; baseline 0 -2"><span class='ocrx_word' id='word_1_198' title='bbox 159 2458 196 2485; x_wconf 80' lang='lat'><strong>15</strong></span> <span class='ocrx_word' id='word_1_199' title='bbox 201 2459 228 2487; x_wconf 84' lang='lat'><strong>7.</strong></span> 
     </span>
    </p>
   </div>
   <div class='ocr_carea' id='block_1_15' title="bbox 190 2524 911 2558">
    <p class='ocr_par' dir='ltr' id='par_1_16' title="bbox 190 2524 911 2558">
     <span class='ocr_line' id='line_1_39' title="bbox 190 2524 911 2558; baseline 0.008 -10"><span class='ocrx_word' id='word_1_200' title='bbox 190 2524 301 2549; x_wconf 79' lang='lat' dir='ltr'><strong>Roboris</strong></span> <span class='ocrx_word' id='word_1_201' title='bbox 313 2524 424 2556; x_wconf 83' lang='lat' dir='ltr'><strong>impacti</strong></span> <span class='ocrx_word' id='word_1_202' title='bbox 435 2525 541 2550; x_wconf 82' lang='lat' dir='ltr'><strong>crebros</strong></span> <span class='ocrx_word' id='word_1_203' title='bbox 548 2526 625 2558; x_wconf 83' lang='lat' dir='ltr'><strong>gemit</strong></span> <span class='ocrx_word' id='word_1_204' title='bbox 635 2533 716 2558; x_wconf 80' lang='lat' dir='ltr'><strong>agger</strong></span> <span class='ocrx_word' id='word_1_205' title='bbox 723 2528 757 2552; x_wconf 86' lang='lat' dir='ltr'><strong>ad</strong></span> <span class='ocrx_word' id='word_1_206' title='bbox 768 2528 851 2554; x_wconf 80' lang='lat' dir='ltr'><strong>ictus:</strong></span> <span class='ocrx_word' id='word_1_207' title='bbox 903 2544 911 2554; x_wconf 56' lang='lat' dir='ltr'>x</span> 
     </span>
    </p>
   </div>
   <div class='ocr_carea' id='block_1_16' title="bbox 155 2582 885 2728">
    <p class='ocr_par' dir='ltr' id='par_1_17' title="bbox 155 2582 885 2728">
     <span class='ocr_line' id='line_1_40' title="bbox 155 2582 884 2626; baseline 0.008 -14"><span class='ocrx_word' id='word_1_208' title='bbox 155 2582 231 2624; x_wconf 88' lang='lat' dir='ltr'><strong>quid</strong></span> <span class='ocrx_word' id='word_1_209' title='bbox 242 2583 371 2613; x_wconf 87' lang='lat' dir='ltr'><strong>varietas</strong></span> <span class='ocrx_word' id='word_1_210' title='bbox 385 2584 609 2615; x_wconf 87' lang='lat' dir='ltr'><strong>nonnullarum</strong></span> <span class='ocrx_word' id='word_1_211' title='bbox 619 2588 884 2626; x_wconf 83' lang='lat' dir='ltr'><strong>membranarum,</strong></span> 
     </span>
     <span class='ocr_line' id='line_1_41' title="bbox 160 2635 885 2675; baseline 0.008 -11"><span class='ocrx_word' id='word_1_212' title='bbox 160 2637 249 2665; x_wconf 75' lang='lat' dir='ltr'><strong>vomit</strong></span> <span class='ocrx_word' id='word_1_213' title='bbox 265 2635 390 2671; x_wconf 89' lang='lat' dir='ltr'><strong>scilicet,</strong></span> <span class='ocrx_word' id='word_1_214' title='bbox 413 2635 479 2665; x_wconf 77' lang='lat' dir='ltr'><strong>vice</strong></span> <span class='ocrx_word' id='word_1_215' title='bbox 497 2638 604 2675; x_wconf 74' lang='lat' dir='ltr'><strong>gemit,</strong></span> <span class='ocrx_word' id='word_1_216' title='bbox 627 2637 685 2667; x_wconf 90' lang='lat' dir='ltr'><strong>sibi</strong></span> <span class='ocrx_word' id='word_1_217' title='bbox 699 2637 734 2667; x_wconf 91' lang='lat' dir='ltr'><strong>in</strong></span> <span class='ocrx_word' id='word_1_218' title='bbox 757 2648 795 2668; x_wconf 89' lang='lat' dir='ltr'><strong>eo</strong></span> <span class='ocrx_word' id='word_1_219' title='bbox 817 2639 885 2670; x_wconf 92' lang='lat' dir='ltr'><strong>loco</strong></span> 
     </span>
     <span class='ocr_line' id='line_1_42' title="bbox 161 2686 714 2728; baseline 0.005 -12"><span class='ocrx_word' id='word_1_220' title='bbox 161 2686 242 2717; x_wconf 89' lang='lat' dir='ltr'><strong>velit.</strong></span> <span class='ocrx_word' id='word_1_221' title='bbox 289 2687 416 2727; x_wconf 85' lang='lat' dir='ltr'><strong>Scripsit</strong></span> <span class='ocrx_word' id='word_1_222' title='bbox 432 2688 575 2718; x_wconf 88' lang='lat' dir='ltr'><strong>Annaeus</strong></span> <span class='ocrx_word' id='word_1_223' title='bbox 589 2699 714 2728; x_wconf 89' lang='lat' dir='ltr'><strong>nempe:</strong></span> 
     </span>
    </p>
   </div>
   <div class='ocr_carea' id='block_1_17' title="bbox 187 2755 864 2789">
    <p class='ocr_par' dir='ltr' id='par_1_18' title="bbox 187 2755 864 2789">
     <span class='ocr_line' id='line_1_43' title="bbox 187 2755 864 2789; baseline 0.007 -11"><span class='ocrx_word' id='word_1_224' title='bbox 187 2755 297 2779; x_wconf 85' lang='lat' dir='ltr'><strong>Roboris</strong></span> <span class='ocrx_word' id='word_1_225' title='bbox 306 2755 418 2788; x_wconf 81' lang='lat' dir='ltr'><strong>impacti</strong></span> <span class='ocrx_word' id='word_1_226' title='bbox 429 2757 534 2781; x_wconf 88' lang='lat' dir='ltr'><strong>crebros</strong></span> <span class='ocrx_word' id='word_1_227' title='bbox 545 2760 633 2781; x_wconf 79' lang='lat' dir='ltr'><strong>movet</strong></span> <span class='ocrx_word' id='word_1_228' title='bbox 643 2764 725 2789; x_wconf 83' lang='lat' dir='ltr'><strong>agger</strong></span> <span class='ocrx_word' id='word_1_229' title='bbox 735 2759 769 2782; x_wconf 92' lang='lat' dir='ltr'><strong>ad</strong></span> <span class='ocrx_word' id='word_1_230' title='bbox 779 2758 864 2783; x_wconf 85' lang='lat' dir='ltr'><strong>ictus:</strong></span> 
     </span>
    </p>
   </div>
   <div class='ocr_carea' id='block_1_18' title="bbox 158 2812 888 3014">
    <p class='ocr_par' dir='ltr' id='par_1_19' title="bbox 158 2812 885 2944">
     <span class='ocr_line' id='line_1_44' title="bbox 158 2812 885 2856; baseline 0.007 -15"><span class='ocrx_word' id='word_1_231' title='bbox 158 2820 253 2850; x_wconf 89' lang='lat' dir='ltr'><strong>quam</strong></span> <span class='ocrx_word' id='word_1_232' title='bbox 266 2812 348 2843; x_wconf 82' lang='lat' dir='ltr'><strong>viam</strong></span> <span class='ocrx_word' id='word_1_233' title='bbox 374 2821 513 2853; x_wconf 86' lang='lat' dir='ltr'><strong>receptae,</strong></span> <span class='ocrx_word' id='word_1_234' title='bbox 536 2820 644 2854; x_wconf 90' lang='lat' dir='ltr'><strong>utpote</strong></span> <span class='ocrx_word' id='word_1_235' title='bbox 665 2815 833 2856; x_wconf 76' lang='lat' dir='ltr'><strong>vulgariori</strong></span> <span class='ocrx_word' id='word_1_236' title='bbox 854 2822 885 2846; x_wconf 92' lang='lat' dir='ltr'><strong>et</strong></span> 
     </span>
     <span class='ocr_line' id='line_1_45' title="bbox 161 2861 883 2907; baseline 0.008 -15"><span class='ocrx_word' id='word_1_237' title='bbox 161 2861 266 2894; x_wconf 88' lang='lat' dir='ltr'><strong>minus</strong></span> <span class='ocrx_word' id='word_1_238' title='bbox 279 2872 428 2902; x_wconf 76' lang='lat' dir='ltr'><strong>venustae,</strong></span> <span class='ocrx_word' id='word_1_239' title='bbox 451 2866 544 2896; x_wconf 88' lang='lat' dir='ltr'><strong>facile</strong></span> <span class='ocrx_word' id='word_1_240' title='bbox 555 2866 704 2907; x_wconf 86' lang='lat' dir='ltr'><strong>equidem</strong></span> <span class='ocrx_word' id='word_1_241' title='bbox 718 2872 883 2907; x_wconf 89' lang='lat' dir='ltr'><strong>anteposu-</strong></span> 
     </span>
     <span class='ocr_line' id='line_1_46' title="bbox 162 2923 248 2944; baseline 0.035 -3"><span class='ocrx_word' id='word_1_242' title='bbox 162 2923 248 2944; x_wconf 87' lang='lat' dir='ltr'><strong>enm.</strong></span> 
     </span>
    </p>

    <p class='ocr_par' dir='ltr' id='par_1_20' title="bbox 210 2965 888 3014">
     <span class='ocr_line' id='line_1_47' title="bbox 210 2965 888 3014; baseline 0.015 -17"><span class='ocrx_word' id='word_1_243' title='bbox 210 2965 290 2998; x_wconf 84' lang='lat' dir='ltr'><strong>Ibid.</strong></span> <span class='ocrx_word' id='word_1_244' title='bbox 315 2972 432 3009; x_wconf 78' lang='lat' dir='ltr'><strong>cupide.</strong></span> <span class='ocrx_word' id='word_1_245' title='bbox 476 2970 647 3013; x_wconf 86' lang='lat' dir='ltr'><strong>Eleganter</strong></span> <span class='ocrx_word' id='word_1_246' title='bbox 661 2971 746 3004; x_wconf 90' lang='lat' dir='ltr'><strong>enim</strong></span> <span class='ocrx_word' id='word_1_247' title='bbox 760 2981 844 3014; x_wconf 84' lang='lat' dir='ltr'><strong>vero,</strong></span> <span class='ocrx_word' id='word_1_248' title='bbox 857 2978 888 3004; x_wconf 87' lang='lat' dir='ltr'><strong>et</strong></span> 
     </span>
    </p>
   </div>
   <div class='ocr_carea' id='block_1_19' title="bbox 924 791 1664 1733">
    <p class='ocr_par' dir='ltr' id='par_1_21' title="bbox 924 791 1664 1195">
     <span class='ocr_line' id='line_1_48' title="bbox 930 791 1658 832; baseline 0.001 -10"><span class='ocrx_word' id='word_1_249' title='bbox 930 791 1109 832; x_wconf 83' lang='lat' dir='ltr'><strong>magnifice,</strong></span> <span class='ocrx_word' id='word_1_250' title='bbox 1140 792 1330 823; x_wconf 88' lang='lat' dir='ltr'><strong>animalium</strong></span> <span class='ocrx_word' id='word_1_251' title='bbox 1363 793 1511 823; x_wconf 81' lang='lat' dir='ltr'><strong>affectum</strong></span> <span class='ocrx_word' id='word_1_252' title='bbox 1536 792 1658 824; x_wconf 88' lang='lat' dir='ltr'><strong>irratio-</strong></span> 
     </span>
     <span class='ocr_line' id='line_1_49' title="bbox 929 844 1658 875; baseline 0.003 -2"><span class='ocrx_word' id='word_1_253' title='bbox 929 844 1050 875; x_wconf 90' lang='lat' dir='ltr'><strong>nalium</strong></span> <span class='ocrx_word' id='word_1_254' title='bbox 1063 845 1102 875; x_wconf 87' lang='lat' dir='ltr'><strong>ad</strong></span> <span class='ocrx_word' id='word_1_255' title='bbox 1114 855 1162 875; x_wconf 90' lang='lat' dir='ltr'><strong>res</strong></span> <span class='ocrx_word' id='word_1_256' title='bbox 1176 844 1364 874; x_wconf 88' lang='lat' dir='ltr'><strong>inanimatas</strong></span> <span class='ocrx_word' id='word_1_257' title='bbox 1379 844 1545 875; x_wconf 87' lang='lat' dir='ltr'><strong>transtulit.</strong></span> <span class='ocrx_word' id='word_1_258' title='bbox 1583 845 1658 875; x_wconf 88' lang='lat' dir='ltr'><strong>Hu-</strong></span> 
     </span>
     <span class='ocr_line' id='line_1_50' title="bbox 925 898 1660 939; baseline -0.001 -10"><span class='ocrx_word' id='word_1_259' title='bbox 925 899 1014 939; x_wconf 87' lang='lat' dir='ltr'><strong>jusce</strong></span> <span class='ocrx_word' id='word_1_260' title='bbox 1039 900 1209 930; x_wconf 83' lang='lat' dir='ltr'><strong>venustatis</strong></span> <span class='ocrx_word' id='word_1_261' title='bbox 1235 898 1414 938; x_wconf 77' lang='lat' dir='ltr'><strong>exemplum</strong></span> <span class='ocrx_word' id='word_1_262' title='bbox 1434 898 1503 938; x_wconf 86' lang='lat' dir='ltr'><strong>jam</strong></span> <span class='ocrx_word' id='word_1_263' title='bbox 1533 898 1660 929; x_wconf 84' lang='lat' dir='ltr'><strong>dederat</strong></span> 
     </span>
     <span class='ocr_line' id='line_1_51' title="bbox 930 949 1637 990; baseline 0.003 -11"><span class='ocrx_word' id='word_1_264' title='bbox 930 949 1074 989; x_wconf 88' lang='lat' dir='ltr'><strong>leporum</strong></span> <span class='ocrx_word' id='word_1_265' title='bbox 1090 952 1235 981; x_wconf 90' lang='lat' dir='ltr'><strong>omnium</strong></span> <span class='ocrx_word' id='word_1_266' title='bbox 1247 956 1395 990; x_wconf 84' lang='lat' dir='ltr'><strong>repertor,</strong></span> <span class='ocrx_word' id='word_1_267' title='bbox 1411 950 1444 979; x_wconf 85' lang='lat' dir='ltr'><strong>in</strong></span> <span class='ocrx_word' id='word_1_268' title='bbox 1462 950 1500 980; x_wconf 91' lang='lat' dir='ltr'><strong>Il.</strong></span> <span class='ocrx_word' id='word_1_269' title='bbox 1517 956 1549 980; x_wconf 87' lang='lat' dir='ltr'><strong>A.</strong></span> <span class='ocrx_word' id='word_1_270' title='bbox 1565 953 1637 981; x_wconf 83' lang='lat'><strong>575.</strong></span> 
     </span>
     <span class='ocr_line' id='line_1_52' title="bbox 924 1013 1664 1048; baseline 0.004 -11"><span class='ocrx_word' id='word_1_271' title='bbox 924 1013 1018 1038; x_wconf 72' lang='grc' dir='ltr'><strong>Πολλικ</strong></span> <span class='ocrx_word' id='word_1_272' title='bbox 1030 1014 1054 1039; x_wconf 81' lang='grc' dir='ltr'><strong>δε</strong></span> <span class='ocrx_word' id='word_1_273' title='bbox 1065 1024 1111 1040; x_wconf 72' lang='grc' dir='ltr'><strong>και</strong></span> <span class='ocrx_word' id='word_1_274' title='bbox 1126 1023 1253 1047; x_wconf 66' lang='lat' dir='ltr'><strong>poto-cmv,</strong></span> <span class='ocrx_word' id='word_1_275' title='bbox 1274 1023 1351 1047; x_wconf 67' lang='grc' dir='ltr'><em>παρος</em></span> <span class='ocrx_word' id='word_1_276' title='bbox 1368 1023 1436 1047; x_wconf 64' lang='lat' dir='ltr'><strong>xpum</strong></span> <span class='ocrx_word' id='word_1_277' title='bbox 1449 1018 1532 1039; x_wconf 70' lang='grc' dir='ltr'>λευκᾶν</span> <span class='ocrx_word' id='word_1_278' title='bbox 1544 1022 1664 1048; x_wconf 67' lang='grc' dir='ltr'><strong>επαιυρειν,</strong></span> 
     </span>
     <span class='ocr_line' id='line_1_53' title="bbox 926 1061 1579 1098; baseline 0.003 -12"><span class='ocrx_word' id='word_1_279' title='bbox 926 1063 957 1086; x_wconf 79' lang='lat' dir='ltr'><strong>Eu</strong></span> <span class='ocrx_word' id='word_1_280' title='bbox 973 1072 1035 1098; x_wconf 70' lang='grc' dir='ltr'><strong>γωῃ</strong></span> <span class='ocrx_word' id='word_1_281' title='bbox 1050 1061 1162 1092; x_wconf 70' lang='grc' dir='ltr'><strong>ἵσταντο,</strong></span> <span class='ocrx_word' id='word_1_282' title='bbox 1185 1062 1412 1087; x_wconf 76' lang='grc' dir='ltr'><strong>ΛΙΑΑΙΟΜΕΝΔ</strong></span> <span class='ocrx_word' id='word_1_283' title='bbox 1424 1072 1496 1096; x_wconf 79' lang='grc' dir='ltr'><strong><em>χροος</em></strong></span> <span class='ocrx_word' id='word_1_284' title='bbox 1507 1071 1579 1089; x_wconf 67' lang='lat' dir='ltr'><strong>wau.</strong></span> 
     </span>
     <span class='ocr_line' id='line_1_54' title="bbox 931 1114 1656 1146; baseline 0.001 -2"><span class='ocrx_word' id='word_1_285' title='bbox 931 1114 994 1144; x_wconf 91' lang='lat' dir='ltr'><strong>Ubi</strong></span> <span class='ocrx_word' id='word_1_286' title='bbox 1008 1125 1075 1145; x_wconf 88' lang='lat' dir='ltr'><strong>rem</strong></span> <span class='ocrx_word' id='word_1_287' title='bbox 1090 1115 1235 1146; x_wconf 90' lang='lat' dir='ltr'><strong>animum</strong></span> <span class='ocrx_word' id='word_1_288' title='bbox 1250 1114 1381 1145; x_wconf 88' lang='lat' dir='ltr'><strong>advertit</strong></span> <span class='ocrx_word' id='word_1_289' title='bbox 1392 1114 1571 1145; x_wconf 88' lang='lat' dir='ltr'><strong>scholiastes</strong></span> <span class='ocrx_word' id='word_1_290' title='bbox 1586 1115 1656 1146; x_wconf 90' lang='lat' dir='ltr'><strong>Vil—</strong></span> 
     </span>
     <span class='ocr_line' id='line_1_55' title="bbox 928 1165 1054 1195; baseline 0 0"><span class='ocrx_word' id='word_1_291' title='bbox 928 1165 1054 1195; x_wconf 85' lang='lat' dir='ltr'><strong>loisoni:</strong></span> 
     </span>
    </p>

    <p class='ocr_par' dir='ltr' id='par_1_22' title="bbox 1002 1228 1403 1262">
     <span class='ocr_line' id='line_1_56' title="bbox 1002 1228 1403 1262; baseline 0 -9"><span class='ocrx_word' id='word_1_292' title='bbox 1002 1229 1059 1253; x_wconf 61' lang='lat' dir='ltr'><strong>Acro</strong></span> <span class='ocrx_word' id='word_1_293' title='bbox 1071 1238 1118 1253; x_wconf 72' lang='grc' dir='ltr'><strong>των</strong></span> <span class='ocrx_word' id='word_1_294' title='bbox 1130 1228 1254 1261; x_wconf 70' lang='grc' dir='ltr'><strong>εμκψυχων</strong></span> <span class='ocrx_word' id='word_1_295' title='bbox 1267 1235 1403 1262; x_wconf 52' lang='lat' dir='ltr'><strong>(agenneton.</strong></span> 
     </span>
    </p>

    <p class='ocr_par' dir='ltr' id='par_1_23' title="bbox 926 1280 1661 1580">
     <span class='ocr_line' id='line_1_57' title="bbox 969 1280 1659 1320; baseline 0 -10"><span class='ocrx_word' id='word_1_296' title='bbox 969 1280 1051 1311; x_wconf 88' lang='lat' dir='ltr'><strong>Ibid.</strong></span> <span class='ocrx_word' id='word_1_297' title='bbox 1084 1283 1221 1312; x_wconf 79' lang='lat' dir='ltr'><strong>remittit.</strong></span> <span class='ocrx_word' id='word_1_298' title='bbox 1276 1280 1477 1310; x_wconf 85' lang='lat' dir='ltr'><strong>Amicissime</strong></span> <span class='ocrx_word' id='word_1_299' title='bbox 1501 1280 1659 1320; x_wconf 87' lang='lat' dir='ltr'><strong>conspirat</strong></span> 
     </span>
     <span class='ocr_line' id='line_1_58' title="bbox 927 1332 1660 1374; baseline 0 -12"><span class='ocrx_word' id='word_1_300' title='bbox 927 1333 1030 1362; x_wconf 83' lang='lat' dir='ltr'><strong>haecce</strong></span> <span class='ocrx_word' id='word_1_301' title='bbox 1044 1343 1103 1363; x_wconf 87' lang='lat' dir='ltr'><strong>vox</strong></span> <span class='ocrx_word' id='word_1_302' title='bbox 1119 1343 1193 1364; x_wconf 90' lang='lat' dir='ltr'><strong>cum</strong></span> <span class='ocrx_word' id='word_1_303' title='bbox 1209 1333 1315 1363; x_wconf 76' lang='lat' dir='ltr'><strong>statim</strong></span> <span class='ocrx_word' id='word_1_304' title='bbox 1327 1332 1514 1374; x_wconf 77' lang='lat' dir='ltr'><strong>praegreSSiS,</strong></span> <span class='ocrx_word' id='word_1_305' title='bbox 1536 1339 1660 1372; x_wconf 81' lang='lat' dir='ltr'><strong>respuat</strong></span> 
     </span>
     <span class='ocr_line' id='line_1_59' title="bbox 928 1385 1660 1424; baseline 0.001 -9"><span class='ocrx_word' id='word_1_306' title='bbox 928 1391 960 1414; x_wconf 90' lang='lat' dir='ltr'><strong>et</strong></span> <span class='ocrx_word' id='word_1_307' title='bbox 974 1387 1109 1416; x_wconf 77' lang='lat' dir='ltr'><strong>revomit.</strong></span> <span class='ocrx_word' id='word_1_308' title='bbox 1153 1385 1292 1424; x_wconf 89' lang='lat' dir='ltr'><strong>Plinius,</strong></span> <span class='ocrx_word' id='word_1_309' title='bbox 1316 1391 1380 1417; x_wconf 82' lang='lat' dir='ltr'><strong>nat.</strong></span> <span class='ocrx_word' id='word_1_310' title='bbox 1395 1386 1466 1416; x_wconf 86' lang='lat' dir='ltr'><strong>hist.</strong></span> <span class='ocrx_word' id='word_1_311' title='bbox 1484 1385 1589 1415; x_wconf 79' lang='lat' dir='ltr'><strong>xxxvi.</strong></span> <span class='ocrx_word' id='word_1_312' title='bbox 1608 1388 1660 1416; x_wconf 79' lang='lat'><strong>55.</strong></span> 
     </span>
     <span class='ocr_line' id='line_1_60' title="bbox 930 1436 1661 1476; baseline 0 -10"><span class='ocrx_word' id='word_1_313' title='bbox 930 1439 950 1454; x_wconf 77' lang='lat'><strong>‘⁵</strong></span> <span class='ocrx_word' id='word_1_314' title='bbox 967 1436 1121 1467; x_wconf 88' lang='lat' dir='ltr'><strong>Melitites</strong></span> <span class='ocrx_word' id='word_1_315' title='bbox 1145 1437 1225 1476; x_wconf 91' lang='lat' dir='ltr'><strong>lapis</strong></span> <span class='ocrx_word' id='word_1_316' title='bbox 1249 1448 1362 1468; x_wconf 88' lang='lat' dir='ltr'><strong>sucum</strong></span> <span class='ocrx_word' id='word_1_317' title='bbox 1384 1439 1513 1468; x_wconf 81' lang='lat' dir='ltr'><strong>remittit</strong></span> <span class='ocrx_word' id='word_1_318' title='bbox 1535 1436 1661 1467; x_wconf 89' lang='lat' dir='ltr'><strong>dulcem</strong></span> 
     </span>
     <span class='ocr_line' id='line_1_61' title="bbox 929 1487 1657 1528; baseline 0.003 -12"><span class='ocrx_word' id='word_1_319' title='bbox 929 1490 951 1504; x_wconf 91' lang='grc'>“</span> <span class='ocrx_word' id='word_1_320' title='bbox 966 1487 1227 1528; x_wconf 84' lang='lat' dir='ltr'><strong>mellitumque:”</strong></span> <span class='ocrx_word' id='word_1_321' title='bbox 1245 1488 1267 1518; x_wconf 91' lang='lat' dir='ltr'><strong>i.</strong></span> <span class='ocrx_word' id='word_1_322' title='bbox 1283 1499 1308 1519; x_wconf 89' lang='lat' dir='ltr'><strong>e.</strong></span> <span class='ocrx_word' id='word_1_323' title='bbox 1325 1488 1657 1519; x_wconf 60' lang='lat' dir='ltr'><strong>exsudat—exaestuat:</strong></span> 
     </span>
     <span class='ocr_line' id='line_1_62' title="bbox 926 1539 1659 1580; baseline 0.003 -12"><span class='ocrx_word' id='word_1_324' title='bbox 926 1545 963 1569; x_wconf 94' lang='lat' dir='ltr'><strong>ut</strong></span> <span class='ocrx_word' id='word_1_325' title='bbox 977 1539 1052 1568; x_wconf 91' lang='lat' dir='ltr'><strong>alibi</strong></span> <span class='ocrx_word' id='word_1_326' title='bbox 1066 1539 1220 1569; x_wconf 78' lang='lat' dir='ltr'><strong>similiter.</strong></span> <span class='ocrx_word' id='word_1_327' title='bbox 1263 1540 1429 1580; x_wconf 81' lang='lat' dir='ltr'><strong>Virgilius,</strong></span> <span class='ocrx_word' id='word_1_328' title='bbox 1452 1551 1520 1580; x_wconf 87' lang='lat' dir='ltr'><strong>geo.</strong></span> <span class='ocrx_word' id='word_1_329' title='bbox 1536 1540 1568 1570; x_wconf 84' lang='lat' dir='ltr'><strong>ii.</strong></span> <span class='ocrx_word' id='word_1_330' title='bbox 1585 1543 1659 1570; x_wconf 80' lang='lat'><strong>218.</strong></span> 
     </span>
    </p>

    <p class='ocr_par' dir='ltr' id='par_1_24' title="bbox 958 1597 1658 1630">
     <span class='ocr_line' id='line_1_63' title="bbox 958 1597 1658 1630; baseline 0.001 -9"><span class='ocrx_word' id='word_1_331' title='bbox 958 1598 990 1622; x_wconf 85' lang='lat' dir='ltr'><strong>Et</strong></span> <span class='ocrx_word' id='word_1_332' title='bbox 1006 1597 1073 1622; x_wconf 84' lang='lat' dir='ltr'><strong>bibit</strong></span> <span class='ocrx_word' id='word_1_333' title='bbox 1089 1597 1247 1628; x_wconf 84' lang='lat' dir='ltr'><strong>humorem,</strong></span> <span class='ocrx_word' id='word_1_334' title='bbox 1264 1601 1302 1628; x_wconf 89' lang='lat' dir='ltr'><strong>et,</strong></span> <span class='ocrx_word' id='word_1_335' title='bbox 1322 1605 1409 1629; x_wconf 88' lang='lat' dir='ltr'><strong>quum</strong></span> <span class='ocrx_word' id='word_1_336' title='bbox 1426 1599 1499 1628; x_wconf 87' lang='lat' dir='ltr'><strong>vult,</strong></span> <span class='ocrx_word' id='word_1_337' title='bbox 1516 1605 1592 1624; x_wconf 82' lang='lat' dir='ltr'><strong>exse</strong></span> <span class='ocrx_word' id='word_1_338' title='bbox 1602 1598 1658 1630; x_wconf 87' lang='lat' dir='ltr'><strong>ipsa</strong></span> 
     </span>
    </p>

    <p class='ocr_par' dir='ltr' id='par_1_25' title="bbox 929 1640 1657 1733">
     <span class='ocr_line' id='line_1_64' title="bbox 1036 1640 1153 1666; baseline 0.009 -1"><span class='ocrx_word' id='word_1_339' title='bbox 1036 1640 1153 1666; x_wconf 81' lang='lat' dir='ltr'><strong>remittit.</strong></span> 
     </span>
     <span class='ocr_line' id='line_1_65' title="bbox 929 1691 1657 1733; baseline 0 -12"><span class='ocrx_word' id='word_1_340' title='bbox 929 1691 1025 1721; x_wconf 82' lang='lat' dir='ltr'><strong>Vates</strong></span> <span class='ocrx_word' id='word_1_341' title='bbox 1039 1691 1175 1732; x_wconf 88' lang='lat' dir='ltr'><strong>denique</strong></span> <span class='ocrx_word' id='word_1_342' title='bbox 1187 1692 1353 1733; x_wconf 86' lang='lat' dir='ltr'><strong>Pelignus,</strong></span> <span class='ocrx_word' id='word_1_343' title='bbox 1369 1703 1406 1722; x_wconf 85' lang='lat' dir='ltr'><strong>ex</strong></span> <span class='ocrx_word' id='word_1_344' title='bbox 1423 1693 1516 1723; x_wconf 81' lang='lat' dir='ltr'><strong>Pont.</strong></span> <span class='ocrx_word' id='word_1_345' title='bbox 1531 1692 1551 1722; x_wconf 86' lang='lat' dir='ltr'><strong>i.</strong></span> <span class='ocrx_word' id='word_1_346' title='bbox 1566 1695 1596 1722; x_wconf 81' lang='lat'><strong>3.</strong></span> <span class='ocrx_word' id='word_1_347' title='bbox 1609 1695 1657 1722; x_wconf 88' lang='lat'><strong>18.</strong></span> 
     </span>
    </p>
   </div>
   <div class='ocr_carea' id='block_1_20' title="bbox 958 1749 1610 1823">
    <p class='ocr_par' dir='ltr' id='par_1_26' title="bbox 958 1749 1610 1823">
     <span class='ocr_line' id='line_1_66' title="bbox 958 1749 1610 1781; baseline -0.002 -7"><span class='ocrx_word' id='word_1_348' title='bbox 958 1750 1061 1781; x_wconf 74' lang='lat' dir='ltr'><strong>Cernis,</strong></span> <span class='ocrx_word' id='word_1_349' title='bbox 1077 1754 1107 1774; x_wconf 88' lang='lat' dir='ltr'><strong>ut</strong></span> <span class='ocrx_word' id='word_1_350' title='bbox 1121 1758 1135 1775; x_wconf 88' lang='lat' dir='ltr'><strong>e</strong></span> <span class='ocrx_word' id='word_1_351' title='bbox 1146 1750 1223 1775; x_wconf 82' lang='lat' dir='ltr'><strong>molli</strong></span> <span class='ocrx_word' id='word_1_352' title='bbox 1232 1750 1337 1781; x_wconf 79' lang='lat' dir='ltr'><strong>sanguis</strong></span> <span class='ocrx_word' id='word_1_353' title='bbox 1348 1750 1479 1781; x_wconf 83' lang='lat' dir='ltr'><strong>pulmone</strong></span> <span class='ocrx_word' id='word_1_354' title='bbox 1490 1749 1610 1774; x_wconf 81' lang='lat' dir='ltr'><strong>remissus</strong></span> 
     </span>
     <span class='ocr_line' id='line_1_67' title="bbox 989 1790 1525 1823; baseline -0.002 -8"><span class='ocrx_word' id='word_1_355' title='bbox 989 1791 1031 1815; x_wconf 84' lang='lat' dir='ltr'><strong>Ad</strong></span> <span class='ocrx_word' id='word_1_356' title='bbox 1043 1790 1148 1823; x_wconf 81' lang='lat' dir='ltr'><strong>Stygias</strong></span> <span class='ocrx_word' id='word_1_357' title='bbox 1159 1795 1234 1816; x_wconf 83' lang='lat' dir='ltr'><strong>certo</strong></span> <span class='ocrx_word' id='word_1_358' title='bbox 1246 1790 1332 1815; x_wconf 86' lang='lat' dir='ltr'><strong>limite</strong></span> <span class='ocrx_word' id='word_1_359' title='bbox 1343 1790 1418 1815; x_wconf 85' lang='lat' dir='ltr'><strong>ducit</strong></span> <span class='ocrx_word' id='word_1_360' title='bbox 1430 1796 1525 1821; x_wconf 74' lang='lat' dir='ltr'><strong>aquas:</strong></span> 
     </span>
    </p>
   </div>
   <div class='ocr_carea' id='block_1_21' title="bbox 923 1837 1660 3016">
    <p class='ocr_par' dir='ltr' id='par_1_27' title="bbox 926 1837 1660 2084">
     <span class='ocr_line' id='line_1_68' title="bbox 927 1837 1658 1878; baseline -0.001 -10"><span class='ocrx_word' id='word_1_361' title='bbox 927 1838 946 1868; x_wconf 93' lang='lat' dir='ltr'><strong>i.</strong></span> <span class='ocrx_word' id='word_1_362' title='bbox 964 1849 989 1868; x_wconf 92' lang='lat' dir='ltr'><strong>e.</strong></span> <span class='ocrx_word' id='word_1_363' title='bbox 1007 1838 1353 1878; x_wconf 82' lang='lat' dir='ltr'><strong>rejectus—evomitus3</strong></span> <span class='ocrx_word' id='word_1_364' title='bbox 1376 1838 1423 1868; x_wconf 91' lang='lat' dir='ltr'><strong>uti</strong></span> <span class='ocrx_word' id='word_1_365' title='bbox 1439 1839 1575 1877; x_wconf 88' lang='lat' dir='ltr'><strong>perbene</strong></span> <span class='ocrx_word' id='word_1_366' title='bbox 1592 1837 1658 1867; x_wconf 82' lang='lat' dir='ltr'><strong>Mi-</strong></span> 
     </span>
     <span class='ocr_line' id='line_1_69' title="bbox 929 1889 1660 1930; baseline 0.001 -11"><span class='ocrx_word' id='word_1_367' title='bbox 929 1889 1046 1930; x_wconf 85' lang='lat' dir='ltr'><strong>cyllum</strong></span> <span class='ocrx_word' id='word_1_368' title='bbox 1062 1891 1241 1929; x_wconf 80' lang='lat' dir='ltr'><strong>exposuisse</strong></span> <span class='ocrx_word' id='word_1_369' title='bbox 1257 1889 1355 1920; x_wconf 85' lang='lat' dir='ltr'><strong>video.</strong></span> <span class='ocrx_word' id='word_1_370' title='bbox 1403 1890 1506 1920; x_wconf 88' lang='lat' dir='ltr'><strong>Graeci</strong></span> <span class='ocrx_word' id='word_1_371' title='bbox 1528 1901 1660 1929; x_wconf 72' lang='grc' dir='ltr'><em>αναπέμ-</em></span> 
     </span>
     <span class='ocr_line' id='line_1_70' title="bbox 927 1940 1657 1982; baseline -0.001 -10"><span class='ocrx_word' id='word_1_372' title='bbox 927 1954 998 1980; x_wconf 66' lang='grc' dir='ltr'><strong>τευ,</strong></span> <span class='ocrx_word' id='word_1_373' title='bbox 1021 1948 1057 1972; x_wconf 94' lang='lat' dir='ltr'><strong>ut</strong></span> <span class='ocrx_word' id='word_1_374' title='bbox 1072 1942 1242 1980; x_wconf 84' lang='lat' dir='ltr'><strong>Pindarus,</strong></span> <span class='ocrx_word' id='word_1_375' title='bbox 1265 1942 1356 1982; x_wconf 84' lang='lat' dir='ltr'><strong>Pyth.</strong></span> <span class='ocrx_word' id='word_1_376' title='bbox 1378 1942 1397 1971; x_wconf 93' lang='lat' dir='ltr'><strong>i.</strong></span> <span class='ocrx_word' id='word_1_377' title='bbox 1414 1945 1466 1971; x_wconf 85' lang='lat'><strong>48.</strong></span> <span class='ocrx_word' id='word_1_378' title='bbox 1492 1941 1531 1971; x_wconf 92' lang='lat' dir='ltr'><strong>de</strong></span> <span class='ocrx_word' id='word_1_379' title='bbox 1547 1940 1657 1976; x_wconf 62' lang='lat' dir='ltr'><strong>Aitna,</strong></span> 
     </span>
     <span class='ocr_line' id='line_1_71' title="bbox 927 1991 1658 2035; baseline -0.001 -13"><span class='ocrx_word' id='word_1_380' title='bbox 927 2005 1023 2035; x_wconf 64' lang='grc' dir='ltr'><strong>κρενες</strong></span> <span class='ocrx_word' id='word_1_381' title='bbox 1039 2005 1218 2033; x_wconf 74' lang='grc' dir='ltr'><strong><em>αναπεμπει·</em></strong></span> <span class='ocrx_word' id='word_1_382' title='bbox 1237 1993 1256 2023; x_wconf 87' lang='lat' dir='ltr'><strong>i.</strong></span> <span class='ocrx_word' id='word_1_383' title='bbox 1273 2004 1298 2024; x_wconf 85' lang='lat' dir='ltr'><strong>e.</strong></span> <span class='ocrx_word' id='word_1_384' title='bbox 1321 1994 1437 2028; x_wconf 78' lang='lat' dir='ltr'><strong>evomit,</strong></span> <span class='ocrx_word' id='word_1_385' title='bbox 1465 1991 1513 2021; x_wconf 91' lang='lat' dir='ltr'><strong>vel</strong></span> <span class='ocrx_word' id='word_1_386' title='bbox 1528 1998 1658 2030; x_wconf 78' lang='lat' dir='ltr'><strong>eructat,</strong></span> 
     </span>
     <span class='ocr_line' id='line_1_72' title="bbox 926 2044 1261 2084; baseline 0.003 -11"><span class='ocrx_word' id='word_1_387' title='bbox 926 2044 1020 2084; x_wconf 76' lang='lat' dir='ltr'><strong>Virg.</strong></span> <span class='ocrx_word' id='word_1_388' title='bbox 1038 2045 1113 2074; x_wconf 83' lang='lat' dir='ltr'><strong>AEu.</strong></span> <span class='ocrx_word' id='word_1_389' title='bbox 1130 2044 1172 2074; x_wconf 84' lang='lat' dir='ltr'><strong>iii.</strong></span> <span class='ocrx_word' id='word_1_390' title='bbox 1190 2047 1261 2075; x_wconf 87' lang='lat'><strong>576.</strong></span> 
     </span>
    </p>

    <p class='ocr_par' dir='ltr' id='par_1_28' title="bbox 923 2094 1660 2654">
     <span class='ocr_line' id='line_1_73' title="bbox 971 2094 1658 2135; baseline -0.001 -10"><span class='ocrx_word' id='word_1_391' title='bbox 971 2096 1043 2126; x_wconf 91' lang='lat' dir='ltr'><strong>Ver.</strong></span> <span class='ocrx_word' id='word_1_392' title='bbox 1069 2099 1143 2126; x_wconf 77' lang='grc' dir='ltr'><strong>ι200.</strong></span> <span class='ocrx_word' id='word_1_393' title='bbox 1166 2097 1244 2127; x_wconf 77' lang='lat' dir='ltr'><strong>Plus</strong></span> <span class='ocrx_word' id='word_1_394' title='bbox 1266 2102 1358 2135; x_wconf 80' lang='lat' dir='ltr'><strong>parte</strong></span> <span class='ocrx_word' id='word_1_395' title='bbox 1388 2101 1562 2135; x_wconf 80' lang='lat' dir='ltr'><strong>emergant:</strong></span> <span class='ocrx_word' id='word_1_396' title='bbox 1589 2094 1609 2124; x_wconf 90' lang='lat' dir='ltr'><strong>i.</strong></span> <span class='ocrx_word' id='word_1_397' title='bbox 1632 2105 1658 2124; x_wconf 93' lang='lat' dir='ltr'><strong>e.</strong></span> 
     </span>
     <span class='ocr_line' id='line_1_74' title="bbox 928 2147 1660 2188; baseline -0.003 -10"><span class='ocrx_word' id='word_1_398' title='bbox 928 2151 948 2166; x_wconf 93' lang='lat'><strong>“</strong></span> <span class='ocrx_word' id='word_1_399' title='bbox 966 2148 1078 2188; x_wconf 82' lang='lat' dir='ltr'><strong>majore</strong></span> <span class='ocrx_word' id='word_1_400' title='bbox 1097 2154 1198 2187; x_wconf 79' lang='lat' dir='ltr'><strong>parte,</strong></span> <span class='ocrx_word' id='word_1_401' title='bbox 1221 2159 1314 2188; x_wconf 78' lang='lat' dir='ltr'><strong>quam</strong></span> <span class='ocrx_word' id='word_1_402' title='bbox 1338 2154 1441 2177; x_wconf 80' lang='lat' dir='ltr'><strong>antea.</strong></span> <span class='ocrx_word' id='word_1_403' title='bbox 1488 2147 1580 2177; x_wconf 81' lang='lat' dir='ltr'><strong>Prius</strong></span> <span class='ocrx_word' id='word_1_404' title='bbox 1601 2147 1660 2177; x_wconf 88' lang='lat' dir='ltr'><strong>sci-</strong></span> 
     </span>
     <span class='ocr_line' id='line_1_75' title="bbox 926 2198 1659 2239; baseline -0.001 -12"><span class='ocrx_word' id='word_1_405' title='bbox 926 2201 948 2216; x_wconf 89' lang='lat'><strong>“</strong></span> <span class='ocrx_word' id='word_1_406' title='bbox 964 2198 1037 2229; x_wconf 87' lang='lat' dir='ltr'><strong>licet</strong></span> <span class='ocrx_word' id='word_1_407' title='bbox 1045 2205 1137 2239; x_wconf 74' lang='lat' dir='ltr'><strong>parte</strong></span> <span class='ocrx_word' id='word_1_408' title='bbox 1157 2198 1341 2228; x_wconf 83' lang='lat' dir='ltr'><strong>naturaliter</strong></span> <span class='ocrx_word' id='word_1_409' title='bbox 1357 2199 1558 2237; x_wconf 87' lang='lat' dir='ltr'><strong>emergebant</strong></span> <span class='ocrx_word' id='word_1_410' title='bbox 1564 2209 1573 2235; x_wconf 80' lang='lat'>3</span> <span class='ocrx_word' id='word_1_411' title='bbox 1590 2204 1659 2235; x_wconf 84' lang='lat' dir='ltr'><strong>post</strong></span> 
     </span>
     <span class='ocr_line' id='line_1_76' title="bbox 926 2249 1656 2291; baseline -0.005 -9"><span class='ocrx_word' id='word_1_412' title='bbox 926 2255 947 2270; x_wconf 96' lang='lat'><strong>“</strong></span> <span class='ocrx_word' id='word_1_413' title='bbox 962 2251 1137 2291; x_wconf 87' lang='lat' dir='ltr'><strong>impulsum</strong></span> <span class='ocrx_word' id='word_1_414' title='bbox 1152 2262 1236 2290; x_wconf 83' lang='lat' dir='ltr'><strong>vero,</strong></span> <span class='ocrx_word' id='word_1_415' title='bbox 1247 2258 1350 2291; x_wconf 77' lang='lat' dir='ltr'><strong>parte,</strong></span> <span class='ocrx_word' id='word_1_416' title='bbox 1374 2250 1476 2290; x_wconf 88' lang='lat' dir='ltr'><strong>magis</strong></span> <span class='ocrx_word' id='word_1_417' title='bbox 1487 2260 1583 2290; x_wconf 87' lang='lat' dir='ltr'><strong>quam</strong></span> <span class='ocrx_word' id='word_1_418' title='bbox 1593 2249 1656 2289; x_wconf 90' lang='lat' dir='ltr'><strong>pri-</strong></span> 
     </span>
     <span class='ocr_line' id='line_1_77' title="bbox 923 2303 1657 2344; baseline -0.007 -9"><span class='ocrx_word' id='word_1_419' title='bbox 923 2309 943 2322; x_wconf 93' lang='lat'><strong>“</strong></span> <span class='ocrx_word' id='word_1_420' title='bbox 959 2316 1007 2343; x_wconf 94' lang='lat' dir='ltr'><strong>us,</strong></span> <span class='ocrx_word' id='word_1_421' title='bbox 1031 2304 1131 2335; x_wconf 89' lang='lat' dir='ltr'><strong>solent</strong></span> <span class='ocrx_word' id='word_1_422' title='bbox 1153 2303 1342 2344; x_wconf 86' lang='lat' dir='ltr'><strong>emergere.’‘</strong></span> <span class='ocrx_word' id='word_1_423' title='bbox 1391 2303 1473 2333; x_wconf 87' lang='lat' dir='ltr'><strong>Rem</strong></span> <span class='ocrx_word' id='word_1_424' title='bbox 1504 2303 1604 2332; x_wconf 85' lang='lat' dir='ltr'><strong>Faber</strong></span> <span class='ocrx_word' id='word_1_425' title='bbox 1626 2308 1657 2331; x_wconf 79' lang='lat' dir='ltr'><strong>et</strong></span> 
     </span>
     <span class='ocr_line' id='line_1_78' title="bbox 924 2352 1657 2395; baseline -0.005 -9"><span class='ocrx_word' id='word_1_426' title='bbox 924 2356 1076 2395; x_wconf 87' lang='lat' dir='ltr'><strong>interpres</strong></span> <span class='ocrx_word' id='word_1_427' title='bbox 1099 2355 1283 2395; x_wconf 84' lang='lat' dir='ltr'><strong>neutiquam</strong></span> <span class='ocrx_word' id='word_1_428' title='bbox 1304 2359 1490 2390; x_wconf 87' lang='lat' dir='ltr'><strong>tenuerunt;</strong></span> <span class='ocrx_word' id='word_1_429' title='bbox 1515 2356 1537 2371; x_wconf 73' lang='lat'><strong>‘⁶</strong></span> <span class='ocrx_word' id='word_1_430' title='bbox 1562 2352 1657 2382; x_wconf 90' lang='lat' dir='ltr'><strong>dimi-</strong></span> 
     </span>
     <span class='ocr_line' id='line_1_79' title="bbox 926 2404 1656 2445; baseline -0.007 -8"><span class='ocrx_word' id='word_1_431' title='bbox 926 2413 946 2424; x_wconf 89' lang='lat'>“</span> <span class='ocrx_word' id='word_1_432' title='bbox 962 2406 1013 2437; x_wconf 68' lang='lat' dir='ltr'><strong>dia</strong></span> <span class='ocrx_word' id='word_1_433' title='bbox 1043 2412 1130 2445; x_wconf 90' lang='lat' dir='ltr'><strong>parte</strong></span> <span class='ocrx_word' id='word_1_434' title='bbox 1159 2405 1295 2445; x_wconf 90' lang='lat' dir='ltr'><strong>amplius</strong></span> <span class='ocrx_word' id='word_1_435' title='bbox 1308 2405 1326 2417; x_wconf 88' lang='lat'><strong>&#39;&#39;</strong></span> <span class='ocrx_word' id='word_1_436' title='bbox 1358 2405 1422 2443; x_wconf 89' lang='lat' dir='ltr'><strong>ille,</strong></span> <span class='ocrx_word' id='word_1_437' title='bbox 1454 2404 1505 2434; x_wconf 90' lang='lat' dir='ltr'><strong>hic</strong></span> <span class='ocrx_word' id='word_1_438' title='bbox 1536 2409 1656 2441; x_wconf 86' lang='lat' dir='ltr'><strong>autem,</strong></span> 
     </span>
     <span class='ocr_line' id='line_1_80' title="bbox 927 2457 1655 2499; baseline -0.007 -10"><span class='ocrx_word' id='word_1_439' title='bbox 927 2463 947 2477; x_wconf 81' lang='lat'>“</span> <span class='ocrx_word' id='word_1_440' title='bbox 963 2459 1034 2499; x_wconf 90' lang='lat' dir='ltr'><strong>plus</strong></span> <span class='ocrx_word' id='word_1_441' title='bbox 1049 2458 1153 2489; x_wconf 73' lang='lat' dir='ltr'><strong>media</strong></span> <span class='ocrx_word' id='word_1_442' title='bbox 1164 2458 1212 2488; x_wconf 89' lang='lat' dir='ltr'><strong>sui</strong></span> <span class='ocrx_word' id='word_1_443' title='bbox 1224 2457 1344 2498; x_wconf 87' lang='lat' dir='ltr'><strong>parte,’‘</strong></span> <span class='ocrx_word' id='word_1_444' title='bbox 1362 2462 1564 2496; x_wconf 78' lang='lat' dir='ltr'><strong>exponentes:</strong></span> <span class='ocrx_word' id='word_1_445' title='bbox 1584 2466 1655 2495; x_wconf 87' lang='lat' dir='ltr'><strong>quae</strong></span> 
     </span>
     <span class='ocr_line' id='line_1_81' title="bbox 928 2508 1656 2550; baseline -0.007 -10"><span class='ocrx_word' id='word_1_446' title='bbox 928 2521 946 2540; x_wconf 93' lang='lat' dir='ltr'><strong>a</strong></span> <span class='ocrx_word' id='word_1_447' title='bbox 962 2520 1054 2549; x_wconf 89' lang='lat' dir='ltr'><strong>scopo</strong></span> <span class='ocrx_word' id='word_1_448' title='bbox 1070 2510 1226 2549; x_wconf 89' lang='lat' dir='ltr'><strong>scriptoris</strong></span> <span class='ocrx_word' id='word_1_449' title='bbox 1242 2508 1422 2550; x_wconf 85' lang='lat' dir='ltr'><strong>longissime</strong></span> <span class='ocrx_word' id='word_1_450' title='bbox 1449 2510 1593 2538; x_wconf 66' lang='lat' dir='ltr'><strong>aben-ant</strong></span> <span class='ocrx_word' id='word_1_451' title='bbox 1607 2508 1656 2536; x_wconf 86' lang='lat' dir='ltr'><strong>in-</strong></span> 
     </span>
     <span class='ocr_line' id='line_1_82' title="bbox 928 2557 1658 2601; baseline -0.008 -9"><span class='ocrx_word' id='word_1_452' title='bbox 928 2563 1172 2601; x_wconf 88' lang='lat' dir='ltr'><strong>terpretationes.</strong></span> <span class='ocrx_word' id='word_1_453' title='bbox 1219 2561 1295 2591; x_wconf 87' lang='lat' dir='ltr'><strong>Pius</strong></span> <span class='ocrx_word' id='word_1_454' title='bbox 1318 2560 1405 2590; x_wconf 83' lang='lat' dir='ltr'><strong>dicit:</strong></span> <span class='ocrx_word' id='word_1_455' title='bbox 1434 2563 1456 2577; x_wconf 76' lang='lat'><strong>‘⁶</strong></span> <span class='ocrx_word' id='word_1_456' title='bbox 1473 2559 1523 2588; x_wconf 81' lang='lat' dir='ltr'><strong>Ex</strong></span> <span class='ocrx_word' id='word_1_457' title='bbox 1539 2557 1658 2598; x_wconf 85' lang='lat' dir='ltr'><strong>majore</strong></span> 
     </span>
     <span class='ocr_line' id='line_1_83' title="bbox 930 2611 1537 2654; baseline -0.007 -10"><span class='ocrx_word' id='word_1_458' title='bbox 930 2620 949 2632; x_wconf 91' lang='lat'>“</span> <span class='ocrx_word' id='word_1_459' title='bbox 966 2614 1014 2644; x_wconf 87' lang='lat' dir='ltr'><strong>sui</strong></span> <span class='ocrx_word' id='word_1_460' title='bbox 1031 2614 1157 2654; x_wconf 82' lang='lat' dir='ltr'><strong>parte:”</strong></span> <span class='ocrx_word' id='word_1_461' title='bbox 1181 2613 1266 2654; x_wconf 87' lang='lat' dir='ltr'><strong>quod</strong></span> <span class='ocrx_word' id='word_1_462' title='bbox 1281 2611 1468 2652; x_wconf 87' lang='lat' dir='ltr'><strong>ambiguum</strong></span> <span class='ocrx_word' id='word_1_463' title='bbox 1482 2616 1537 2641; x_wconf 89' lang='lat' dir='ltr'><strong>est.</strong></span> 
     </span>
    </p>

    <p class='ocr_par' dir='ltr' id='par_1_29' title="bbox 972 2663 1604 2705">
     <span class='ocr_line' id='line_1_84' title="bbox 972 2663 1604 2705; baseline -0.008 -9"><span class='ocrx_word' id='word_1_464' title='bbox 972 2666 1045 2696; x_wconf 89' lang='lat' dir='ltr'><strong>Ver.</strong></span> <span class='ocrx_word' id='word_1_465' title='bbox 1060 2669 1132 2696; x_wconf 81' lang='lat'><strong>202.</strong></span> <span class='ocrx_word' id='word_1_466' title='bbox 1144 2665 1312 2705; x_wconf 79' lang='lat' dir='ltr'><strong>ferantur:</strong></span> <span class='ocrx_word' id='word_1_467' title='bbox 1339 2668 1376 2693; x_wconf 89' lang='grc' dir='ltr'><strong>Δ.</strong></span> <span class='ocrx_word' id='word_1_468' title='bbox 1395 2670 1436 2693; x_wconf 88' lang='grc' dir='ltr'><strong>Π.</strong></span> <span class='ocrx_word' id='word_1_469' title='bbox 1441 2663 1604 2703; x_wconf 78' lang='lat' dir='ltr'><strong>feruntur.</strong></span> 
     </span>
    </p>

    <p class='ocr_par' dir='ltr' id='par_1_30' title="bbox 927 2712 1658 2963">
     <span class='ocr_line' id='line_1_85' title="bbox 968 2712 1657 2757; baseline -0.007 -9"><span class='ocrx_word' id='word_1_470' title='bbox 968 2718 1043 2748; x_wconf 91' lang='lat' dir='ltr'><strong>Ver.</strong></span> <span class='ocrx_word' id='word_1_471' title='bbox 1056 2721 1128 2748; x_wconf 78' lang='lat'><strong>205.</strong></span> <span class='ocrx_word' id='word_1_472' title='bbox 1145 2718 1396 2757; x_wconf 80' lang='lat' dir='ltr'><strong>debentflammae</strong></span> <span class='ocrx_word' id='word_1_473' title='bbox 1407 2725 1540 2756; x_wconf 83' lang='lat' dir='ltr'><strong>quoque:</strong></span> <span class='ocrx_word' id='word_1_474' title='bbox 1559 2712 1657 2744; x_wconf 88' lang='lat' dir='ltr'><strong>Vind.</strong></span> 
     </span>
     <span class='ocr_line' id='line_1_86' title="bbox 927 2767 1654 2808; baseline -0.006 -9"><span class='ocrx_word' id='word_1_475' title='bbox 927 2770 968 2801; x_wconf 90' lang='lat' dir='ltr'><strong>V.</strong></span> <span class='ocrx_word' id='word_1_476' title='bbox 985 2770 1032 2800; x_wconf 90' lang='lat' dir='ltr'><strong>ed.</strong></span> <span class='ocrx_word' id='word_1_477' title='bbox 1048 2771 1088 2800; x_wconf 92' lang='grc' dir='ltr'><strong>Β.</strong></span> <span class='ocrx_word' id='word_1_478' title='bbox 1104 2769 1150 2799; x_wconf 89' lang='grc' dir='ltr'><strong>Μ.</strong></span> <span class='ocrx_word' id='word_1_479' title='bbox 1162 2773 1196 2799; x_wconf 80' lang='grc' dir='ltr'><strong>Σ.</strong></span> <span class='ocrx_word' id='word_1_480' title='bbox 1211 2775 1254 2799; x_wconf 88' lang='grc' dir='ltr'><strong>Ω.</strong></span> <span class='ocrx_word' id='word_1_481' title='bbox 1267 2778 1382 2808; x_wconf 82' lang='lat' dir='ltr'><strong>quoque</strong></span> <span class='ocrx_word' id='word_1_482' title='bbox 1393 2767 1654 2807; x_wconf 71' lang='lat' dir='ltr'><strong>debmtflamnzae5</strong></span> 
     </span>
     <span class='ocr_line' id='line_1_87' title="bbox 930 2816 1657 2859; baseline -0.01 -7"><span class='ocrx_word' id='word_1_483' title='bbox 930 2827 961 2852; x_wconf 90' lang='lat' dir='ltr'><strong>et</strong></span> <span class='ocrx_word' id='word_1_484' title='bbox 975 2820 1087 2851; x_wconf 87' lang='lat' dir='ltr'><strong>eodem</strong></span> <span class='ocrx_word' id='word_1_485' title='bbox 1102 2819 1213 2849; x_wconf 91' lang='lat' dir='ltr'><strong>ordine</strong></span> <span class='ocrx_word' id='word_1_486' title='bbox 1242 2826 1282 2850; x_wconf 84' lang='grc' dir='ltr'><strong>Π.</strong></span> <span class='ocrx_word' id='word_1_487' title='bbox 1305 2819 1359 2849; x_wconf 90' lang='lat' dir='ltr'><strong>sed</strong></span> <span class='ocrx_word' id='word_1_488' title='bbox 1385 2828 1570 2859; x_wconf 82' lang='lat' dir='ltr'><strong>quocumque</strong></span> <span class='ocrx_word' id='word_1_489' title='bbox 1593 2816 1657 2851; x_wconf 88' lang='lat' dir='ltr'><strong>dat,</strong></span> 
     </span>
     <span class='ocr_line' id='line_1_88' title="bbox 928 2868 1658 2913; baseline -0.01 -9"><span class='ocrx_word' id='word_1_490' title='bbox 928 2873 994 2904; x_wconf 83' lang='lat' dir='ltr'><strong>vice</strong></span> <span class='ocrx_word' id='word_1_491' title='bbox 1009 2883 1132 2913; x_wconf 83' lang='lat' dir='ltr'><strong>quoque.</strong></span> <span class='ocrx_word' id='word_1_492' title='bbox 1180 2871 1252 2910; x_wconf 89' lang='lat' dir='ltr'><strong>Ipse</strong></span> <span class='ocrx_word' id='word_1_493' title='bbox 1266 2869 1469 2910; x_wconf 65' lang='lat' dir='ltr'><strong>praetulerim,</strong></span> <span class='ocrx_word' id='word_1_494' title='bbox 1496 2874 1533 2898; x_wconf 91' lang='lat' dir='ltr'><strong>ut</strong></span> <span class='ocrx_word' id='word_1_495' title='bbox 1546 2868 1658 2908; x_wconf 89' lang='lat' dir='ltr'><strong>proba-</strong></span> 
     </span>
     <span class='ocr_line' id='line_1_89' title="bbox 930 2921 1654 2963; baseline -0.01 -8"><span class='ocrx_word' id='word_1_496' title='bbox 930 2925 1036 2963; x_wconf 88' lang='lat' dir='ltr'><strong>bilius,</strong></span> <span class='ocrx_word' id='word_1_497' title='bbox 1058 2925 1118 2955; x_wconf 91' lang='lat' dir='ltr'><strong>hoc</strong></span> <span class='ocrx_word' id='word_1_498' title='bbox 1131 2929 1224 2963; x_wconf 87' lang='lat' dir='ltr'><strong>pacto</strong></span> <span class='ocrx_word' id='word_1_499' title='bbox 1238 2922 1427 2953; x_wconf 81' lang='lat' dir='ltr'><strong>versiculum</strong></span> <span class='ocrx_word' id='word_1_500' title='bbox 1441 2921 1654 2952; x_wconf 83' lang='lat' dir='ltr'><strong>constitutum:</strong></span> 
     </span>
    </p>

    <p class='ocr_par' dir='ltr' id='par_1_31' title="bbox 948 2980 1639 3016">
     <span class='ocr_line' id='line_1_90' title="bbox 948 2980 1639 3016; baseline -0.012 -7"><span class='ocrx_word' id='word_1_501' title='bbox 948 2983 988 3009; x_wconf 88' lang='lat' dir='ltr'><strong>Sic</strong></span> <span class='ocrx_word' id='word_1_502' title='bbox 999 2982 1081 3016; x_wconf 82' lang='lat' dir='ltr'><strong>igitur</strong></span> <span class='ocrx_word' id='word_1_503' title='bbox 1091 2981 1179 3008; x_wconf 74' lang='lat' dir='ltr'><strong>debent</strong></span> <span class='ocrx_word' id='word_1_504' title='bbox 1189 2980 1402 3015; x_wconf 81' lang='lat' dir='ltr'><strong>quoquestammae</strong></span> <span class='ocrx_word' id='word_1_505' title='bbox 1412 2986 1487 3013; x_wconf 81' lang='lat' dir='ltr'><strong>posse</strong></span> <span class='ocrx_word' id='word_1_506' title='bbox 1497 2984 1545 3010; x_wconf 83' lang='lat' dir='ltr'><strong>per</strong></span> <span class='ocrx_word' id='word_1_507' title='bbox 1555 2981 1639 3002; x_wconf 81' lang='lat' dir='ltr'><strong>auras.</strong></span> 
     </span>
    </p>
   </div>
   <div class='ocr_carea' id='block_1_22' title="bbox 896 3037 962 3073">
    <p class='ocr_par' dir='ltr' id='par_1_32' title="bbox 896 3037 962 3073">
     <span class='ocr_line' id='line_1_91' title="bbox 896 3037 962 3073; baseline 0 -8"><span class='ocrx_word' id='word_1_508' title='bbox 896 3037 962 3073; x_wconf 79' lang='lat' dir='ltr'><strong>Q5</strong></span> 
     </span>
    </p>
   </div>
  </div>
 </body>
</html>
