1894 3253
249 284 319 325 xiv
736 282 828 324 AD
875 281 1268 325 LECTOREM.

243 407 441 463 excipias,
463 407 515 448 de
535 405 614 462 qua
635 419 735 446 mox
756 405 926 446 dicetur.
973 404 1090 446 Nihil
1100 405 1226 462 igitur
1246 406 1413 448 tandem
1426 421 1547 463 super
1566 415 1641 460 est,
1662 410 1741 452 nisi

244 491 291 523 ut
311 497 531 537 exponam,
554 479 701 536 quibus
721 478 899 535 denique
927 481 1044 521 novis
1078 480 1323 536 adjumentis
1356 481 1556 533 suffultus,
1593 484 1742 540 quibus

243 557 443 612 praesidiis
464 556 681 605 animatus,
703 569 752 596 ac
771 554 954 606 vallatus,
976 555 1149 611 ipsemet
1168 556 1222 597 ad
1242 556 1323 598 hoc
1346 571 1496 599 munus
1517 571 1741 614 exsequen-

243 632 358 682 dum,
380 645 503 688 grave
523 629 723 686 profecto,
745 629 922 681 difficile,
944 639 985 672 et
1005 631 1306 673 aerumnosum!
1341 632 1534 675 accedere
1563 647 1649 674 non
1670 648 1740 674 ex-

244 705 470 762 palluerim.

297 855 394 896 Jam
415 854 556 896 decem
574 854 659 895 fere
679 854 777 895 anni
798 854 899 910 lapsi
932 862 1044 905 sunt,
1068 869 1120 896 ex
1151 870 1234 911 quo
1271 855 1395 896 Fabri
1427 855 1668 898 Lucretium
1699 872 1740 898 e-

244 930 406 981 merim,
434 929 579 970 formae
599 937 772 984 quartae,
805 944 934 984 quum
963 929 1211 972 bibliotheca
1240 931 1415 971 Ricardz·
1443 931 1636 982 Bentleii,
1670 932 1740 987 qui

245 1005 395 1045 summi
417 1003 592 1045 Bentleii
604 1002 857 1044 voluntatem
873 1004 1223 1045 testamentariam
1240 1012 1456 1045 exsecutus
1477 1013 1550 1055 est,
1566 1013 1606 1046 et
1624 1020 1742 1063 mag-

240 1078 294 1119 na
316 1094 368 1119 ex
387 1087 505 1134 parte
523 1077 723 1119 librorum
746 1077 1033 1120 haereditatem
1054 1079 1169 1129 adiit,
1202 1079 1393 1120 auctione
1417 1079 1578 1134 publica
1599 1080 1739 1121 diven-

239 1153 416 1194 deretur.
462 1152 652 1206 Hujusce
672 1153 916 1208 exemplaris
936 1154 1084 1209 primae
1098 1153 1274 1211 plagulae
1295 1153 1550 1195 notationem
1571 1168 1741 1211 sequen-

240 1236 323 1268 tem
344 1227 481 1268 nescio
501 1227 590 1282 quis
609 1226 805 1282 praefixit:

298 1380 328 1401 ‘⁶
352 1374 440 1415 Hic
460 1374 561 1415 liber
591 1382 651 1416 est
670 1375 846 1416 Ricardz'
866 1375 1014 1415 stlead:
1046 1383 1158 1416 notae
1187 1390 1285 1415 vero
1308 1374 1439 1417 MSS.
1470 1376 1514 1416 in
1534 1377 1735 1434 margine,

241 1455 272 1476 “
295 1457 390 1490 sunt
410 1449 551 1505 magni
572 1449 675 1490 illius
696 1449 825 1490 critici
859 1449 1054 1491 RICARDI
1088 1449 1325 1500 BENTLEH,
1357 1464 1412 1491 ex
1440 1450 1566 1505 ipsius
1598 1450 1739 1492 codice

240 1529 271 1551 ‘⁶
294 1523 554 1578 exscriptae.”

294 1671 373 1712 Vir
392 1686 566 1728 magnus
586 1671 799 1723 nimirum,
821 1672 929 1713 inter
948 1686 1100 1727 paucos
1121 1672 1322 1713 doctrinae
1342 1672 1470 1727 copiis
1500 1673 1736 1724 instructus,

237 1745 308 1787 sed
329 1746 549 1802 sagacitate
570 1745 796 1797 subtiliore,
818 1754 859 1787 et
878 1746 1101 1787 acutissimi
1131 1745 1287 1802 ingenii
1317 1744 1613 1797 velocitatibuS‚
1635 1761 1736 1802 quo-

236 1819 333 1861 dam
349 1819 475 1859 modo
489 1819 584 1869 suis,
603 1819 840 1860 criticorum
856 1819 1058 1869 omnium,
1073 1833 1139 1859 me
1149 1818 1305 1873 judice,
1327 1819 1736 1873 praecellentissimus,

237 1893 454 1949 diligenter
483 1900 713 1933 versaverat
744 1892 1005 1942 Lucretium3
1058 1893 1129 1934 sed
1159 1907 1293 1949 neque
1320 1892 1445 1934 libros
1475 1908 1602 1935 manu
1641 1908 1738 1935 exa-

237 1976 362 2017 ratos,
385 1981 518 2022 neque
546 1966 742 2007 vetustius
771 1966 1003 2021 impressos,
1036 1967 1196 2008 nullum
1218 1967 1396 2021 denique
1425 1975 1578 2020 praeter
1605 1983 1736 2009 unum

244 2041 369 2083 Fabri
408 2040 656 2095 exemplare,
702 2038 864 2081 videtur
894 2039 1152 2089 adhibuisse3
1201 2054 1329 2095 quum
1360 2040 1506 2094 saepius
1542 2041 1735 2083 imitatio·

236 2130 308 2157 nes
319 2115 506 2171 priorum
518 2116 734 2170 poetarum
751 2115 931 2171 margini
948 2114 1141 2164 alleverit‚
1161 2113 1367 2155 Lambino
1388 2122 1429 2155 et
1447 2114 1534 2155 aliis
1547 2116 1636 2170 jam
1659 2115 1735 2157 du-

236 2190 337 2231 dum
357 2198 588 2245 occupatas,
605 2204 699 2231 cum
713 2189 811 2231 locis
837 2189 1082 2246 quibusdam
1096 2189 1297 2246 Diogenis
1314 2188 1469 2229 La'e'rtii
1492 2189 1733 2246 pervagatis.

237 2264 628 2306 Animadversiones
648 2265 800 2321 itaque,
824 2280 923 2321 quas
943 2264 1009 2306 ille
1030 2263 1273 2320 coryphaeus
1304 2263 1540 2305 criticorum
1561 2262 1734 2304 subinde

237 2339 444 2394 sparserit,
470 2353 557 2380 non
577 2348 694 2381 erant
714 2340 915 2381 severiore
927 2339 1085 2394 judicio
1115 2353 1343 2394 perpensae,
1367 2337 1602 2378 secundisve
1622 2338 1733 2394 cogi-

236 2413 460 2455 tationibus
479 2422 714 2464 maturatae3
748 2414 791 2454 in
811 2428 896 2455 uno
917 2422 1053 2455 autem
1069 2421 1192 2469 atque
1207 2413 1334 2454 altero
1349 2412 1440 2453 loco
1455 2427 1530 2467 per
1542 2426 1730 2462 acumen,

239 2503 332 2530 vere
363 2489 666 2540 Bentleianum‚
698 2489 813 2545 quasi
845 2489 1040 2530 divinitus
1072 2488 1134 2529 vir
1169 2503 1349 2529 summus
1384 2503 1472 2529 rem
1507 2487 1730 2543 expedivit:

237 2576 331 2617 quae
352 2577 425 2603 suo
445 2572 631 2620 tempore
659 2563 955 2619 comparebunt
962 2582 974 2614 3
1016 2577 1113 2604 nam
1144 2577 1490 2618 supervacaneum
1520 2576 1604 2602 esse
1624 2559 1732 2600 arbi-

239 2644 414 2687 tramur,
447 2637 657 2680 immorari
687 2638 823 2689 rebus,
854 2638 898 2678 in
929 2638 1063 2693 operis
1094 2638 1269 2679 decursu
1298 2638 1459 2679 lectoris
1489 2637 1731 2676 sententiam

239 2710 447 2752 subituris:
491 2727 614 2767 quam
651 2713 803 2769 ubique
835 2712 1040 2753 liberrime
1067 2711 1119 2753 de
1153 2712 1302 2753 nostris
1337 2709 1518 2752 exerceri
1549 2708 1729 2749 velimus.

240 2784 352 2825 Vero
386 2784 552 2840 quidem
573 2787 702 2828 simile
722 2795 797 2838 est,
818 2794 936 2828 notas
964 2785 1099 2842 plures
1122 2786 1382 2828 Bentleianas
1402 2785 1446 2824 in
1471 2782 1728 2832 Lucretium,

238 2867 277 2899 et
309 2858 592 2904 laboriosiores
627 2860 712 2904 illas
739 2870 861 2918 atque
897 2861 1187 2919 castigatiores,
1221 2862 1265 2902 in
1299 2858 1488 2901 manibus
1520 2856 1730 2899 adhaerere
