1894 3253
611 256 846 306 LIBER
893 250 1306 302 SECUNDUS.

1616 257 1709 298 225

360 391 449 434 Nec
469 391 701 449 singillatim
721 387 965 444 corpuscula
986 400 1173 442 quaeque,
1195 397 1381 439 vapores,

360 466 443 518 Sed
464 465 678 520 conplexa,
700 470 840 504 meant
859 462 966 501 inter
986 475 1042 510 se,
1065 473 1225 514 conque
1245 458 1424 515 globata:

361 541 626 596 Quapropter
646 538 765 580 simul
784 538 892 578 inter
913 549 954 576 se
975 534 1259 583 retrahuntur3
1293 545 1333 573 ct
1353 539 1468 573 extra

253 619 329 656 155
362 614 643 664 Obficiuntur,
665 613 748 654 utei
769 617 971 668 cogantur
992 608 1148 649 tardius
1168 608 1240 648 ire.

359 689 433 740 At,
456 703 549 744 quae
569 696 665 729 sunt
684 685 811 728 solida
831 683 1059 741 primordia
1079 682 1351 738 simplicitate,

259 827 342 859 Ibid.
363 839 474 869 vapor:
499 828 519 858 i.
535 839 562 858 e.
584 830 679 866 calor,
694 827 742 857 vel
757 825 854 868 ignis:
879 834 942 865 quo

215 886 304 919 pacto
340 886 444 911 noster
480 880 600 920 saepius.
655 880 745 910 Hinc
778 877 941 920 Virgilius,

218 934 292 965 AEn.
313 944 341 964 v.
357 937 428 965 683.

532 1002 675 1032 lentusque
687 1000 788 1025 carinas

247 1043 291 1066 Est
302 1045 388 1073 vapor
397 1050 406 1067 .·

216 1114 246 1138 ct
268 1118 342 1138 mox
365 1108 438 1140 ibid.
461 1119 524 1139 ver.
540 1111 613 1140 698.
648 1106 731 1138 Vide
755 1104 943 1137 Oudendor-

215 1159 305 1199 pium
330 1160 453 1200 egregie
478 1160 734 1199 interpretantem
749 1156 871 1188 Lucani
895 1155 940 1186 lo-

217 1221 299 1247 cum,
317 1211 425 1241 Phars.
441 1221 467 1241 v.
485 1215 534 1241 24.

258 1262 332 1292 Ver.
360 1265 428 1293 151.
463 1264 543 1302 quod
571 1263 631 1292 sic:
671 1260 692 1291 i.
721 1271 747 1290 e.
771 1262 794 1278 “
809 1258 858 1289 vel
886 1258 940 1294 sic,

218 1317 239 1332 “
255 1314 396 1354 quamvis
408 1313 444 1343 ea
458 1313 615 1344 celeritate
626 1312 739 1349 veniat,
752 1311 853 1342 undas
863 1310 942 1341 a‘e'ris

218 1369 240 1384 ‘⁶
256 1367 394 1395 verberat
408 1365 441 1395 in
453 1365 594 1402 transitu,
611 1370 642 1395 et
656 1374 720 1394 non
731 1364 798 1394 sine
808 1363 940 1403 impedi-

215 1419 237 1435 “
253 1416 367 1446 mentis
381 1413 566 1447 eluctatur.”
612 1416 747 1446 Necesse
775 1414 873 1446 habui
902 1414 942 1445 ad

212 1467 379 1508 ingenium
399 1468 569 1509 confugere
592 1467 627 1497 in
642 1468 700 1497 hac
713 1467 847 1497 lectione
867 1475 941 1496 con-

215 1519 380 1557 cinnanda,
416 1520 570 1551 librorum
604 1525 713 1549 tamen
750 1518 943 1558 optimorum

214 1572 330 1609 habita,
364 1571 399 1601 in
429 1577 583 1612 quantum
612 1569 781 1610 potuerim,
813 1569 941 1601 ratione.

217 1623 375 1664 Vulgares
402 1623 487 1659 editi,
517 1628 548 1652 et
575 1621 669 1653 Vind.
699 1632 755 1661 pro
776 1624 856 1662 quod
885 1623 942 1660 sic,

215 1680 306 1717 quasi
320 1688 408 1717 quom
424 1676 473 1707 vel
489 1687 574 1708 cum:
592 1675 714 1706 codices
725 1675 942 1716 antiquissimi,

217 1731 256 1761 G.
269 1730 305 1760 L.
319 1730 366 1760 M.
381 1739 440 1770 quo
451 1731 494 1766 si‚·
520 1729 555 1760 P.
567 1729 608 1760 V.
620 1728 667 1759 ed.
685 1729 722 1759 Β.
736 1733 771 1759 Δ.
787 1735 827 1759 Π.
841 1733 877 1760 Σ.
897 1735 942 1759 Ω.

215 1783 294 1821 quod
309 1783 352 1812 sol
357 1797 368 1817 ;
393 1780 447 1810 sed
461 1779 543 1810 illud
557 1781 600 1810 sol
622 1780 656 1809 in
673 1786 708 1810 A.
731 1789 823 1819 super
836 1779 944 1810 rasura

214 1832 370 1867 scribitur,
399 1837 430 1861 et
455 1841 538 1871 aegre
564 1830 638 1860 ferri
660 1830 764 1869 possit.
808 1830 886 1866 Nos,
909 1830 943 1860 ni

216 1882 316 1919 fallor,
329 1882 476 1912 lectorem
490 1882 672 1912 habebimus
687 1882 941 1912 consentientem.

217 1933 380 1963 Bentleius
393 1933 516 1971 maluit,
540 1935 630 1972 quasi
643 1935 733 1963 dum:
759 1933 823 1971 sed,
847 1943 942 1974 quam

216 1985 345 2015 demum
355 1986 574 2024 proprietatem
587 1986 699 2015 habeat
714 1999 748 2016 το
759 1988 857 2025 quasi,
871 1995 944 2015 acu-

213 2048 287 2067 men
301 2047 411 2067 meum
435 2037 542 2077 nequit
556 2037 941 2076 dispicere—diverberet.-

214 2090 251 2120 P.
276 2090 370 2120 Vind.
399 2090 437 2120 V.
467 2090 514 2120 ed.
540 2095 575 2121 Δ.
607 2096 647 2120 Π.
676 2096 721 2121 Ω.
751 2092 936 2126 diverberat;

214 2154 301 2184 aeque
316 2145 405 2174 bene.

259 2196 338 2225 Ibid.
361 2197 463 2226 aerias
481 2197 600 2226 undas:
626 2200 662 2225 ut
687 2201 800 2232 noster,
824 2205 851 2226 v.
868 2199 939 2227 277.

214 2247 268 2277 ubi
282 2257 339 2276 nos
354 2247 580 2287 ampliavimus,
599 2247 666 2287 pari
681 2258 756 2278 cum
770 2247 938 2288 dignitate:

277 2315 350 2339 Λένὶπ
359 2315 386 2339 in
397 2322 528 2347 magnum
538 2315 626 2341 fertur
636 2323 714 2341 mare.

216 2377 420 2419 Adjungatur
433 2381 607 2417 Vitruvius,
630 2381 692 2412 viii.
709 2386 737 2412 2.
763 2386 785 2400 “
803 2384 866 2413 Acir
881 2393 937 2413 au-

217 2433 239 2448 “
257 2435 332 2467 tem,
355 2440 427 2460 cum
449 2431 666 2468 1·uit‚—undas
681 2439 850 2463 crescentes
864 2433 939 2463 facit

215 2484 236 2499 ‘⁸
252 2481 436 2512 ventorum.”
483 2483 572 2513 Hinc
595 2484 767 2513 accuratius
787 2485 939 2524 percipies

214 2532 383 2573 elegantias
397 2543 506 2564 eorum
528 2534 679 2571 locorum,
703 2545 780 2576 quos
796 2536 936 2566 laudavi-

214 2594 287 2613 mus
309 2584 341 2613 in
363 2584 402 2614 iv.
421 2588 490 2615 178.
513 2584 553 2615 ad
577 2596 671 2625 quem
696 2597 820 2617 versum
845 2587 940 2618 fuerit

214 2645 315 2675 operae
330 2636 466 2676 pretium
492 2642 522 2666 te
543 2637 701 2676 recepisse.
748 2639 815 2669 Nec
833 2639 940 2670 minus

213 2687 286 2717 hinc
312 2689 407 2726 probe
433 2687 624 2728 intelligetur
638 2689 784 2720 Valerius
799 2690 938 2726 Flaccus,

213 2739 255 2769 iii.
271 2743 342 2771 525.

437 2808 507 2833 lenui
518 2815 600 2840 vagus
611 2809 715 2833 innatat
727 2809 798 2833 unda

244 2848 338 2873 Crinis.

221 2914 332 2945 Tenuis
347 2915 440 2951 unda,
467 2915 601 2946 densiori
617 2915 709 2946 undae
723 2916 872 2955 opposita,
896 2922 942 2946 est

215 2967 267 2993 at'r
284 2965 412 3002 {trilicem
436 2967 525 3008 cujus
540 2973 664 2998 tantum
676 2978 739 2998 non
755 2975 941 3007 perpetuum

985 823 1144 864 epitheton
1165 828 1226 853 stat
1251 823 1360 853 tenuis.
1407 820 1494 850 Nihil
1514 820 1645 851 omnino
1667 821 1712 851 fa-

986 876 1073 906 ciunt
1087 876 1162 911 loca,
1179 885 1249 915 quae
1262 874 1336 904 satis
1351 873 1474 912 copiosa
1489 873 1617 912 protulit
1632 874 1714 904 Bur-

987 938 1133 964 mannus,
1156 936 1265 956 verum
1292 936 1418 955 sensum
1442 925 1624 965 neutiquam
1651 925 1714 955 dis-

987 989 1128 1010 cernens:
1157 988 1231 1008 nam
1258 979 1291 1007 in
1320 988 1389 1017 quo,
1419 978 1443 1006 si
1469 987 1542 1006 cum
1569 976 1715 1016 sequaris,

987 1036 1074 1061 natat
1088 1028 1199 1060 crinis?
1227 1029 1394 1063 Caeterum,
1417 1027 1547 1067 hujusce
1570 1027 1630 1056 loci
1649 1036 1715 1056 me-

986 1082 1080 1112 minit
1105 1080 1254 1116 Isidorus,
1277 1079 1377 1119 origg.
1405 1079 1468 1109 xiii.
1493 1083 1543 1109 20.
1574 1077 1627 1108 sed
1651 1087 1716 1108 non

986 1133 1065 1164 tanti
1080 1138 1135 1168 est,
1159 1138 1194 1162 ut
1210 1130 1368 1161 admoveri
1383 1130 1500 1160 debeat.

1031 1183 1113 1213 Ibid.
1134 1185 1236 1213 α’ένίιιε
1251 1183 1415 1212 diverberet
1433 1183 1541 1211 undas.
1575 1181 1626 1211 Ita
1640 1190 1716 1221 quo-

985 1244 1046 1276 que
1063 1235 1170 1272 Maro,
1188 1233 1263 1263 AEn.
1280 1243 1308 1262 v.
1324 1235 1396 1263 505.

1000 1326 1140 1356 Primaque
1150 1331 1198 1357 per
1208 1324 1322 1355 coelum,
1337 1331 1422 1350 nervo
1433 1324 1574 1354 stridente,
1591 1322 1688 1355 sagitta

1001 1365 1157 1397 Hyrtacidae
1167 1365 1272 1395 juvenis
1285 1364 1400 1390 volucris
1411 1365 1562 1389 diverberat
1574 1372 1663 1389 auras.

986 1442 1186 1472 Dz'verberat:
1216 1440 1236 1471 i.
1253 1451 1278 1471 e.
1304 1444 1327 1459 ‘⁶
1344 1440 1458 1471 scindit
1480 1440 1558 1470 dum
1582 1441 1720 1471 verberat

987 1497 1009 1512 “
1026 1495 1242 1525 —verberibus
1257 1494 1340 1525 viam
1355 1495 1412 1525 sibi
1427 1494 1538 1525 dividit
1552 1505 1606 1535 per
1621 1495 1721 1526 a'e'ra.''

986 1545 1098 1586 Longe
1127 1545 1214 1576 aliud
1243 1552 1334 1576 sonat
1363 1548 1533 1577 deverberat
1543 1562 1553 1583 ;
1590 1557 1718 1586 nempe,

988 1601 1010 1616 ‘⁶
1026 1599 1120 1637 probe
1136 1603 1167 1628 et
1182 1597 1351 1628 efficienter
1373 1599 1564 1628 verberare.'’
1604 1598 1648 1628 Et
1665 1608 1716 1628 ac-

986 1649 1105 1680 tionem
1127 1651 1205 1680 remz‘
1225 1649 1259 1679 in
1282 1648 1366 1690 aqua
1386 1649 1554 1679 Lucretius
1575 1655 1606 1680 et
1622 1650 1716 1680 Maro

986 1700 1044 1730 sibi
1059 1707 1243 1740 praesentem
1260 1701 1405 1731 habuere.

1029 1762 1104 1792 Ver.
1128 1765 1199 1793 152.
1222 1763 1423 1801 singillatim:
1458 1761 1489 1790 V
1491 1759 1555 1791 ind.
1585 1763 1715 1802 singila-

986 1815 1058 1850 tim5
1083 1814 1124 1844 V.
1141 1813 1190 1845 ed.
1210 1820 1249 1844 Π.
1272 1815 1649 1854 singulatim—vapores:
1675 1815 1718 1844 sic

987 1865 1024 1895 P.
1042 1865 1137 1896 Vind.
1156 1866 1194 1896 V.
1217 1865 1264 1896 ed.
1286 1866 1322 1895 B.
1341 1865 1381 1895 O.
1406 1870 1440 1895 Δ.
1457 1872 1497 1895 Π.
1518 1872 1562 1896 Ω.
1585 1872 1615 1896 et
1637 1867 1717 1896 mihi

986 1918 1108 1948 videtur
1122 1918 1222 1948 multo
1238 1918 1400 1947 venustius
1415 1917 1542 1957 vulgato
1557 1920 1686 1958 vaporis.

1031 1979 1105 2009 Ver.
1126 1983 1193 2010 155.
1216 1989 1347 2018 conque:
1377 1979 1414 2008 P.
1441 1978 1478 2008 V.
1503 1978 1549 2008 ed.
1576 1991 1712 2018 cunque.-

988 2030 1057 2060 vide
1072 2030 1113 2060 ad
1128 2030 1147 2060 i.
1162 2032 1252 2061 1076.
1269 2029 1322 2059 sed
1336 2029 1370 2058 in
1386 2029 1467 2058 notis
1484 2029 1518 2059 P.
1535 2030 1627 2060 habet
1642 2040 1715 2060 cum

987 2081 1114 2122 reliquis
1128 2092 1250 2121 conque.

1028 2142 1100 2173 Ver.
1120 2146 1190 2173 154.
1220 2144 1438 2172 retrahuntur:
1476 2141 1519 2171 sic
1548 2141 1587 2171 G.
1614 2142 1649 2172 P.
1678 2147 1712 2173 Δ.

983 2200 1014 2224 et
1036 2194 1225 2229 Priscianus,
1248 2194 1300 2224 lib.
1316 2193 1378 2223 viii.
1402 2204 1430 2231 p.
1451 2196 1522 2222 809.
1546 2192 1600 2222 sed
1615 2193 1713 2223 Vind.

984 2246 1025 2276 V.
1039 2245 1087 2275 ed.
1107 2246 1143 2275 B.
1160 2245 1196 2275 L.
1216 2245 1263 2274 M.
1282 2251 1322 2274 Π.
1339 2249 1372 2274 Σ.
1389 2245 1572 2273 trahuntur.-
1597 2244 1712 2274 amisso

983 2297 1114 2327 fortasse
1140 2307 1172 2326 re
1199 2297 1238 2325 ob
1261 2295 1410 2334 syllabam
1434 2293 1659 2332 praecedentem
1684 2306 1713 2326 se

984 2347 1189 2382 consimilem,
1214 2346 1405 2386 totidemque
1430 2345 1540 2382 literis;
1575 2352 1618 2376 Ω.
1645 2353 1712 2376 tur-

981 2402 1101 2430 bantur.
1155 2397 1244 2429 Nihil
1275 2397 1342 2427 vitii
1371 2397 1509 2435 suspicor
1537 2396 1707 2428 sublatere:

982 2460 1057 2480 nam
1084 2460 1192 2480 vocem
1216 2449 1447 2483 evidentiorem,
1475 2453 1529 2477 aut
1556 2447 1712 2486 scriptoris

984 2512 1077 2541 scopo
1113 2501 1368 2539 commodiorem,
1407 2499 1502 2529 totius
1531 2499 1710 2531 Latinitatis

983 2553 1120 2583 thesauri
1135 2552 1204 2582 non'
1215 2559 1331 2582 temere
1346 2550 1619 2590 suppeditaverint.

1028 2609 1101 2638 Ver.
1121 2611 1190 2639 157.
1213 2609 1396 2647 remoroefit.
1421 2605 1506 2635 Dedi
1522 2616 1558 2635 ex
1574 2605 1709 2646 ingenio,

982 2660 1065 2700 quod
1088 2660 1250 2689 varietates
1271 2658 1412 2688 lectionis
1433 2657 1567 2698 cogitate
1589 2663 1620 2688 et
1640 2668 1709 2688 mo-

982 2721 1050 2742 rose
1072 2710 1259 2750 expendenti
1285 2710 1482 2740 simillimum
1512 2720 1584 2740 vero
1609 2710 1712 2740 visum

980 2769 1034 2794 est.
1080 2764 1154 2793 Non
1172 2764 1387 2802 posthaberem
1403 2762 1503 2793 nihilo
1523 2763 1640 2801 minus,
1662 2774 1709 2792 re-

981 2816 1118 2844 morarit.
1163 2814 1265 2844 Vetus
1293 2813 1490 2854 glossarium:
1527 2817 1550 2832 “
1569 2816 1709 2849 zamora,

984 2869 1005 2883 “
1023 2873 1169 2908 παρελκω,
1185 2865 1318 2908 βραδννω,
1342 2867 1468 2906 επεχω.”
1504 2866 1547 2896 Et
1562 2866 1712 2896 ambabus

983 2916 1068 2947 ulnis
1082 2917 1244 2957 amplexus
1258 2927 1357 2948 essem
1372 2919 1547 2954 remoravit,
1563 2926 1633 2956 quae
1647 2915 1708 2944 lec-

985 2969 1028 3000 tio
1059 2974 1103 3000 est
1139 2969 1180 3000 Ο.
1202 2977 1247 3001 Ω.
1273 2969 1299 3000 si
1322 2976 1461 3009 tempora
1492 2967 1707 2998 constitissent.
