1894 3253
173 255 234 296 38

674 241 736 289 Τ.
777 236 1159 289 LUCRETII

205 382 282 420 145
317 376 439 419 Clara
457 383 540 417 tuae
559 372 713 429 possim
732 369 1004 427 praepandere
1023 368 1181 410 lumina
1199 365 1349 417 menti,

317 453 401 493 Res
422 450 567 506 quibus
587 446 770 488 obcultas
789 446 953 501 penitus
969 443 1177 486 convisere
1195 442 1338 498 possis.

172 594 207 625 in
222 593 377 624 diversum
393 591 510 620 abeunt.
524 588 635 627 critici,
650 588 704 618 hic
719 587 835 625 serenti,
847 587 900 617 ille

174 652 279 677 autem
294 640 404 678 severa,
417 641 598 681 praeferens:
617 651 676 681 ego
691 646 822 678 receptae
836 639 898 669 lec-

172 697 254 728 tioni
269 695 417 726 standum
433 699 542 732 putem
553 704 562 730 ;
575 691 682 722 videas
692 696 799 721 autem
816 691 898 720 Bur-

173 757 339 784 mannum,
356 746 409 786 qui
425 745 514 775 docet
528 746 595 774 haec
609 742 760 773 vocabula
779 742 898 783 aliquo-

172 802 230 831 ties
244 800 278 829 in
292 798 379 829 libris
394 796 589 827 commutari.

174 851 285 888 Porro,
302 860 394 889 super
407 849 457 878 his
466 857 647 878 serenarum
660 846 801 876 noctium
810 844 900 875 lucu-

173 902 378 939 brationibus,
401 911 466 930 non
488 897 690 929 incommoda
715 903 801 934 sunt,
831 906 900 936 quae

175 955 325 996 leguntur
344 953 378 982 in
397 952 514 982 Graecis
531 950 704 981 Anecdotis
719 947 901 986 Villoisoni,

173 1007 193 1037 i.
208 1018 237 1046 p.
254 1008 325 1037 295.
347 1005 391 1034 ita
406 1002 638 1034 constituenda:
666 1016 716 1032 κιιι
733 1015 792 1043 ‘70²3
809 1015 860 1034 τῆς
879 1013 904 1031 εν

176 1072 256 1089 ruz-⁷1
273 1059 417 1096 ζῆτησεως
433 1055 470 1086 δει
498 1068 565 1098 7:303
593 1068 633 1084 τοι
657 1066 742 1084 κατα
766 1051 904 1083 παιδειαν·

175 1119 300 1153 ευφξονκν
316 1124 376 1152 γαρ
392 1110 416 1139 οἱ
432 1121 550 1141 ποιῆται
567 1119 583 1137 8
597 1105 626 1137 δι’
643 1112 722 1136 azzo
737 1118 764 1135 τι
778 1118 828 1137 τῆν
839 1118 903 1134 νυκ-

175 1176 217 1194 ‘ra
234 1169 386 1196 εκαλεσαν,
412 1174 427 1192 n
443 1159 488 1190 Bm
506 1172 539 1189 το
563 1171 592 1188 ευ
607 1164 708 1199 φξονειν
724 1169 748 1186 εν
764 1169 850 1197 aza-⁷37,
868 1155 903 1188 ὥς

175 1228 227 1245 και
244 1219 432 1253 Επιχαρμος·

213 1288 272 1311 Eme
285 1294 308 1310 ‘tt
325 1281 400 1317 (cm-t)
417 1283 493 1313 {zu-m
507 1288 586 1315 σοφεν,
605 1291 650 1310 τῆς
661 1290 746 1308 mneos
761 1278 905 1312 ενθυμκτεῡν.

175 1339 233 1361 και·

215 1383 313 1408 Παντοι
323 1391 360 1406 τοι
372 1379 489 1406 σπεδσιιοι
500 1388 568 1404 νυκτί
580 1381 682 1411 μαλλον
697 1378 864 1411 εξευξισκετοιι.

178 1442 298 1483 Vulgo,
315 1442 483 1484 εὕρω-κειται,
495 1439 652 1469 trocha'ico
667 1437 871 1468 claudicante.

221 1494 306 1526 Ibid.
322 1495 435 1525 nocteis
450 1493 588 1532 vigilare.
632 1489 800 1527 Horatius,
817 1493 871 1518 sat.
886 1486 907 1518 i.

180 1551 210 1578 5.
230 1550 279 1578 17,

466 1606 545 1628 noctes
557 1600 696 1633 vigilabat,
707 1599 741 1623 ad
752 1598 840 1630 ipsum

240 1648 333 1670 Mane:

181 1700 213 1724 et
230 1693 436 1730 Claudianus,
452 1691 490 1721 de
504 1690 577 1720 bell.
603 1688 688 1719 Gild.
719 1690 794 1718 449.
819 1685 910 1726 cujus

182 1750 213 1776 et
229 1744 397 1785 Preigerus
412 1741 572 1772 meminit:

593 1805 731 1836 discatque
742 1807 862 1832 coactus,

216 1854 287 1885 Quas
297 1850 393 1882 vigilat
406 1848 512 1878 Veneri,
524 1847 614 1872 castris
625 1846 781 1878 impendere
792 1847 882 1867 noctes.

226 1910 304 1939 Ver.
322 1912 391 1938 144.
419 1919 475 1947 quo
493 1906 640 1937 carmine.
675 1902 754 1933 Olor
772 1900 909 1932 Minoia-

188 1971 262 1998 nus,
279 1969 346 1999 geo.
361 1958 393 1988 ii.
411 1961 460 1989 95.

507 2018 535 2040 et
547 2021 593 2046 quo
604 2016 632 2038 te
644 2011 753 2037 carmine
764 2011 862 2039 dicam,

249 2057 390 2082 Rhaetica?

228 2107 305 2138 Ver.
333 2108 404 2137 145.
437 2107 547 2136 Clara:
586 2109 627 2134 Π.
657 2100 912 2134 Clara-amenti.-

188 2158 228 2191 P.
245 2160 370 2190 mencis:
389 2156 444 2186 sed
458 2154 617 2186 mendose.

233 2210 314 2242 Ibid.
323 2210 528 2250 praepandere
537 2208 655 2237 lumina
665 2219 675 2236 :
696 2204 719 2235 i.
733 2214 758 2234 e.
776 2203 916 2233 “lumen

191 2266 214 2283 “
231 2262 387 2297 exhibere,
404 2259 491 2301 quasi
507 2258 545 2288 de
559 2258 662 2288 fronte
678 2254 823 2296 speculae,
847 2265 917 2295 quae

193 2318 214 2334 “
229 2314 299 2352 tibi,
314 2323 369 2353 per
383 2312 561 2342 tenebrosos
572 2307 684 2338 erroris
699 2306 814 2337 fluctus
828 2305 915 2335 navi-

191 2370 214 2387 ⁸‘
230 2366 329 2408 ganti,
351 2364 435 2395 viam
456 2360 704 2404 praemonstret.”
749 2359 917 2400 Virgilius,

192 2419 252 2451 cul.
270 2421 320 2449 15.

620 2482 674 2514 qua
684 2480 803 2506 Parnasia
811 2487 890 2511 rupes

210 2529 277 2553 Hinc
286 2532 368 2558 atque
376 2527 439 2551 hinc
449 2525 539 2558 patula
549 2521 693 2556 praepandit
702 2528 802 2546 cornua
813 2520 919 2545 fronte:

195 2585 251 2615 ubi
272 2586 460 2623 praetendere
482 2582 573 2613 malit
591 2580 738 2621 Scaliger,
765 2589 830 2609 non
846 2577 920 2608 satis

197 2634 310 2666 idonea
326 2635 365 2664 de
380 2634 500 2665 caussa.
549 2633 658 2664 Cicero
680 2630 850 2662 dictionem
865 2628 920 2659 ad-

197 2686 299 2717 hibuit
310 2686 343 2715 in
358 2685 543 2716 dulcissimis
553 2684 690 2716 versibus
707 2684 910 2714 Arateorum2

231 2754 265 2777 Et
275 2755 345 2784 post,
357 2752 460 2777 hiberni
468 2752 634 2784 praepandens
645 2750 773 2783 temporis
783 2752 867 2779 ortus,

231 2792 380 2821 Admonet,
391 2795 421 2816 ut
431 2792 561 2816 mandent
570 2791 696 2816 mortales
706 2790 808 2816 semina
818 2788 908 2814 terris:

975 586 1034 609 Non
1044 590 1130 616 pauca
1141 590 1156 608 e
1167 583 1238 607 coelo
1249 581 1383 613 depellens
1393 580 1477 613 signa,
1487 584 1600 612 repente

975 625 1112 653 Exoritur,
1123 622 1236 654 pandem
1247 621 1367 645 inlustria
1377 620 1489 650 lumina,
1500 620 1591 652 Virgo.

945 683 1066 724 Vulgo,
1082 684 1215 713 candens
1226 695 1235 711 .·
1258 680 1344 710 unde
1362 679 1502 715 Grotius,
1513 683 1671 718 corrupte.

943 735 1009 764 lam
1045 733 1228 772 corruptelae
1263 731 1421 762 fedissime
1457 729 1672 769 accumulans,

944 789 1077 818 candens
1093 787 1208 816 illustri
1221 786 1346 815 lumine.
1394 783 1444 813 Sic
1459 789 1566 813 autem
1581 783 1675 813 verbo

945 838 1084 877 simplice
1101 838 1201 868 Carus
1215 847 1293 866 usus
1308 842 1353 866 est
1371 836 1411 866 ad
1425 846 1453 866 v,
1471 838 1544 866 656.

1293 910 1397 928 roseam
1408 905 1513 928 Matuta
1525 910 1572 934 per
1584 908 1642 927 oras

1007 943 1123 968 AEtheris
1134 951 1257 968 auroram
1270 944 1369 973 defert,
1379 948 1407 968 et
1418 943 1517 967 lumina
1526 942 1627 975 pandit.

948 1006 984 1031 ut
1001 1001 1122 1039 Cicero,
1141 1003 1228 1031 Arat.
1243 1002 1346 1040 phaen.
1363 1002 1421 1030 sub
1438 1001 1547 1038 finem,
1562 1005 1593 1030 et
1603 999 1678 1031 alibi

949 1051 1043 1082 etiam
1059 1052 1092 1081 in
1108 1052 1319 1090 superioribus
1333 1051 1465 1082 ibidem:

1267 1119 1357 1149 simul,
1369 1126 1433 1144 cum
1443 1118 1541 1144 Iumina
1548 1118 1653 1151 pandit,

1010 1162 1068 1192 Ipse
1079 1160 1167 1185 feram
1180 1161 1278 1185 dextra⁴
1291 1160 1399 1185 retinet.

951 1216 1028 1246 Ideo
1051 1222 1158 1246 autem
1179 1219 1330 1257 pandere,
1356 1217 1440 1257 quod
1465 1216 1639 1255 radiorum,
1662 1226 1681 1248 a

949 1274 1066 1307 puncto
1081 1268 1157 1298 dato
1172 1268 1409 1307 profluentium,
1421 1268 1522 1308 magis
1534 1274 1564 1298 et
1579 1267 1681 1309 magis

950 1319 1117 1358 amplietur
1146 1325 1238 1359 atque
1275 1319 1469 1357 expandatur
1506 1319 1681 1349 fasciculus.

950 1370 1037 1400 Hinc
1053 1370 1273 1409 proprietatem
1285 1380 1375 1399 suam
1390 1369 1478 1400 locus
1488 1370 1588 1400 Persii
1603 1381 1683 1401 nan-

949 1422 1085 1460 ciscitur‚
1101 1422 1145 1452 111.
1164 1426 1193 1452 2.
1217 1435 1444 1464 ποιῆτικωτεξως
1461 1428 1646 1454 exornatus:

1237 1491 1292 1521 jam
1304 1489 1406 1514 clarum
1418 1496 1499 1514 mane
1509 1489 1638 1515 fenestras

1014 1530 1110 1559 Intrat,
1122 1534 1149 1554 et
1160 1533 1284 1561 angustas
1295 1529 1407 1553 extendit
1419 1529 1521 1554 lumine
1531 1529 1609 1554 rimas
1619 1538 1630 1554 .·

953 1586 1061 1616 dilatat
1076 1587 1196 1627 utique,
1218 1586 1312 1616 radiis
1326 1591 1480 1625 perpetuo
1494 1586 1684 1628 divergenti-

953 1640 1020 1669 bus.

956 1691 1124 1726 Caeterum,
1140 1690 1210 1720 loco
1225 1688 1376 1728 Lucretii,
1392 1699 1498 1720 coram
1513 1689 1626 1728 posito,
1649 1689 1686 1720 in

954 1743 1063 1782 primis
1079 1743 1234 1780 convenit,
1259 1750 1289 1772 et
1315 1742 1440 1782 egregie
1466 1742 1604 1781 inservit,
1629 1741 1688 1784 qui

955 1795 1072 1835 legitur
1086 1795 1120 1824 in
1135 1805 1163 1824 v.
1176 1798 1247 1825 776.
1268 1794 1398 1841 omnino
1413 1794 1582 1835 gemellus:

1245 1865 1272 1886 et
1283 1864 1367 1893 aperto
1378 1861 1471 1885 lumine
1481 1867 1588 1886 rursum

1020 1901 1117 1925 Omnia
1127 1900 1267 1924 convimnt
1276 1900 1347 1925 clara
1359 1900 1417 1925 loca
1428 1901 1541 1925 candida
1550 1901 1615 1926 luce.

964 1958 1048 1988 Cum
1074 1958 1123 1987 his
1142 1958 1260 1988 utiliter
1275 1959 1430 1989 committi
1445 1965 1548 1998 potest
1562 1959 1690 2001 elegan.

959 2009 1079 2039 tissima
1088 2009 1207 2039 Valerii
1218 2010 1319 2040 Flacci
1331 2011 1459 2049 phrasis,
1469 2011 1597 2051 ingenio
1606 2012 1690 2042 mul-

961 2066 1030 2090 tum
1045 2060 1151 2098 simili,
1168 2061 1287 2100 Argon.
1304 2061 1367 2091 n'ii.
1386 2065 1459 2091 248.

1077 2133 1105 2151 se
1121 2126 1231 2158 pingues
1243 2130 1303 2151 tum
1314 2127 1538 2158 candidastamma
1549 2135 1597 2160 per
1613 2135 1689 2155 auras

976 2166 1116 2198 Explicuit.

961 2224 1097 2263 Plinius,
1114 2230 1176 2255 nat.
1191 2225 1261 2255 hist.
1276 2225 1307 2255 ii.
1325 2229 1352 2257 9.
1378 2228 1400 2244 “
1412 2225 1487 2256 Non
1498 2236 1607 2256 sumus
1618 2237 1689 2266 pro-

962 2280 981 2294 “
999 2277 1081 2307 fecto
1097 2277 1176 2317 grati
1189 2287 1262 2317 erga
1273 2287 1336 2315 eos,
1349 2277 1402 2317 qui
1412 2277 1529 2315 labore,
1542 2277 1690 2319 curaque,

961 2332 982 2347 “
998 2330 1095 2359 lucem
1112 2328 1202 2358 nobis
1217 2339 1374 2368 aperuere,
1390 2329 1423 2358 in
1439 2329 1497 2359 hac
1514 2329 1614 2360 luce.”
1639 2331 1691 2361 Ita

964 2380 1237 2420 distinguendum,
1260 2387 1297 2410 ut
1325 2380 1448 2410 facilius
1474 2381 1691 2422 intelligantur

963 2434 1057 2462 verba
1072 2434 1104 2462 z‘n
1120 2434 1178 2462 lzac
1193 2433 1260 2462 luce
1275 2431 1315 2461 ad
1330 2432 1467 2470 priorem
1482 2438 1604 2470 partem
1619 2443 1690 2463 sen-

963 2484 1070 2515 tentiae
1093 2484 1202 2514 redire.
1249 2484 1309 2514 Sed
1325 2494 1366 2514 an
1380 2484 1551 2525 legendum
1560 2484 1643 2516 ?—“
1657 2495 1691 2515 a-

965 2540 986 2555 “
1001 2546 1131 2575 peruere
1146 2536 1179 2565 in
1195 2537 1310 2566 occluso
1319 2535 1359 2565 ?''

1006 2588 1083 2618 Ver.
1115 2591 1185 2618 146.
1215 2589 1360 2627 penitus.-
1399 2587 1441 2617 G.
1464 2587 1690 2627 peniti.-—con-

963 2637 1074 2671 visere}
1101 2640 1141 2670 P.
1156 2642 1341 2675 conviscere;
1370 2645 1412 2670 n.
1431 2640 1582 2669 comz'sere·

1011 2691 1093 2722 Ibid.
1109 2695 1277 2723 convisere:
1302 2691 1323 2721 i.
1346 2701 1371 2721 e.
1395 2688 1691 2728 adire-attingere5

967 2749 998 2774 et
1024 2743 1097 2774 alibi
1119 2748 1223 2774 noster
1251 2752 1359 2775 vocem
1389 2740 1542 2779 adhibuit,
1564 2749 1628 2769 non
1658 2739 1693 2769 in

967 2795 1132 2835 propatulo
1143 2796 1313 2836 jacentem,
1329 2799 1383 2824 aut
1391 2791 1505 2823 alicubi
1515 2797 1633 2821 temere
1647 2789 1693 2820 le-

202 2857 309 2889 quem,
324 2846 364 2877 ad
378 2848 460 2877 hanc
475 2858 619 2877 normam
634 2846 751 2883 exacta,
767 2844 927 2877 verissima
969 2848 1115 2888 gendam.
1159 2847 1285 2878 Tullius
1305 2847 1340 2876 in
1355 2845 1443 2876 Arat-
1465 2845 1567 2885 phaen.
1591 2843 1646 2883 sic,
1661 2852 1695 2874 o-

201 2899 406 2930 mactabimus
420 2898 538 2929 ibidem
553 2899 784 2930 emendatione:

969 2900 1072 2939 pinor,
1093 2897 1306 2939 corrigendus:
