1894 3253
721 230 781 276 T.
836 230 1213 278 LUCRETII

373 359 470 401 Non
491 360 648 415 magnis
669 360 814 414 opibus
827 360 1010 415 jocunde
1029 376 1204 416 corpora
1223 371 1382 404 curant:

372 433 622 483 Praesertim,
654 449 780 490 quom
800 443 1017 490 tempestas
1038 435 1214 487 adridet,
1244 445 1285 478 et
1304 437 1402 478 anni

232 587 366 618 dictione
388 590 497 628 templa
520 589 640 629 utique,
661 599 745 628 pars,
765 596 802 620 ut
823 590 953 626 videtur,

231 652 287 679 pro
302 648 366 671 toto
381 643 518 681 ponitur.
563 645 674 674 Festus
689 645 889 684 auscultetur,
912 647 956 677 sic

231 693 374 723 edocens:
415 698 437 712 “
470 697 626 735 Templum
649 696 802 735 significat
823 699 954 737 tignum,

233 748 255 762 “
271 745 355 784 quod
381 745 414 775 in
430 746 560 777 aedificio
575 753 781 778 transversum
798 749 955 788 ponitur.''

233 797 369 834 Interea,
393 808 482 828 voces
496 805 606 829 tectum
619 806 650 829 et
664 802 805 840 templum
823 801 955 831 librariis

231 849 399 887 saepissime
419 856 667 888 commutantur;
705 851 743 881 de
769 862 830 891 quo
853 862 955 882 errore

231 899 369 930 diximus
384 901 423 930 ad
436 901 455 930 i.
472 904 562 931 1015.
581 902 631 931 hic
641 907 747 932 autem
763 901 852 940 piura
866 902 954 932 dabi-

232 963 315 988 mus,
338 963 438 992 quum
462 963 511 983 res
541 954 580 983 sit
595 953 766 994 diligentiae
790 965 846 983 nec
862 954 957 983 inuti-

231 1003 279 1038 iis,
297 1012 397 1043 neque
412 1014 483 1034 meo
493 1004 615 1044 judicio
631 1005 754 1042 saltem,
775 1005 957 1035 invenustae.

232 1056 329 1086 Hanc
343 1056 422 1086 adeo
432 1056 621 1087 medicinam
633 1057 772 1096 primum
782 1057 895 1087 faciam
910 1056 957 1086 Si-

231 1108 285 1146 lio,
309 1107 348 1138 ad
364 1108 448 1138 Pun.
464 1108 502 1139 iv.
519 1111 590 1139 786.

524 1173 681 1197 saevamque
694 1174 834 1192 coruscans

262 1208 411 1238 Lampada,
429 1207 538 1239 Tarpeiis
548 1207 628 1232 infers
644 1208 766 1232 incendia
777 1207 880 1239 templis.

234 1256 351 1296 Vulgo,
366 1259 452 1287 tectis
458 1273 468 1292 ‚·
492 1267 566 1286 voce
581 1257 745 1286 materiem
759 1256 956 1296 degravante.

234 1307 368 1345 Iterum,
384 1318 411 1338 v,
429 1311 499 1339 655.

520 1375 566 1393 vos
577 1368 604 1392 in
617 1368 722 1400 Tarpeia
733 1368 850 1393 tonantis

265 1407 365 1438 Templa
376 1407 457 1438 faces,
473 1407 640 1438 ferrumque,
657 1408 733 1432 datis.

236 1457 367 1487 Codices
382 1457 469 1494 dant,
485 1464 571 1488 tecta.
618 1457 720 1493 Idem,
736 1458 798 1487 viii.
812 1461 885 1487 544.

263 1517 389 1548 Tarpeiae
402 1524 491 1548 rupeS,
507 1521 675 1548 cognataque
685 1517 813 1548 sanguine
824 1518 898 1542 nobis

266 1557 364 1589 Templa
375 1559 422 1588 Jov
427 1558 455 1580 is.

235 1607 394 1646 Denique,
418 1606 457 1636 ad
472 1606 542 1635 xvii.
559 1610 629 1636 629.

265 1667 376 1690 Securus
386 1665 494 1696 sceptri,
510 1665 607 1694 repetit
619 1671 667 1695 per
678 1664 778 1688 caerula
791 1667 917 1693 Romam,

264 1707 296 1729 Et
308 1706 393 1737 patria
400 1705 536 1730 invehitur
547 1705 653 1728 sublimi
664 1705 754 1736 templa
766 1705 915 1735 triumpho.

235 1757 409 1797 Utrobique
425 1757 539 1786 iterum
566 1756 598 1786 in
620 1756 706 1785 libris
731 1763 808 1786 tecta
824 1755 958 1796 legitur3

235 1808 288 1838 sed
303 1809 363 1838 hoe
378 1808 526 1838 ultimum
537 1817 575 1837 ex
590 1806 765 1837 imitatione
780 1808 810 1835 V
814 1807 958 1847 irgiliana

235 1866 292 1897 est,
315 1869 382 1900 geo.
398 1859 428 1889 ii.
449 1863 517 1889 148.

266 1921 400 1943 Romanos
411 1919 444 1942 ad
455 1918 546 1950 templa
558 1918 641 1943 desim
652 1918 756 1943 duxere
767 1918 927 1950 triumphos.

238 1967 355 1997 Confer
380 1967 494 1997 Silium
517 1966 557 1996 ad
581 1966 630 1996 vii.
657 1969 709 1997 56.
738 1976 765 1996 X.
793 1969 864 1996 435.
887 1965 958 1995 xvii.

237 2019 308 2046 227.
335 2020 454 2046 Auson.
472 2017 555 2055 idyll.
580 2016 620 2046 xi.
644 2020 694 2046 42.
741 2017 815 2046 Stat.
832 2016 898 2046 silv.
916 2016 958 2045 iii.

235 2071 265 2097 4.
285 2070 353 2097 105.
376 2074 407 2096 et
422 2078 473 2097 me
487 2078 551 2097 non
573 2069 712 2097 aberrare
727 2078 819 2106 scopo
834 2067 961 2097 confite-

234 2118 322 2148 beris.
369 2118 504 2147 Serenus
521 2118 715 2153 Samonicus,
738 2128 799 2147 ver.
818 2121 845 2147 7.

265 2178 395 2209 Tarpeias
406 2184 489 2207 arces,
506 2180 589 2208 atque
599 2176 701 2208 inclyta
711 2176 813 2208 templa,
829 2177 928 2207 petisti.

237 2227 376 2263 Quidam
386 2227 507 2257 codices
518 2225 679 2263 mendose,
690 2232 777 2256 tecta.
825 2225 876 2255 Ad
891 2226 959 2255 Sta-

235 2278 329 2315 tium,
352 2277 417 2308 silv.
443 2278 486 2307 iii.
513 2280 542 2308 5.
566 2276 621 2307 ult.
645 2277 688 2306 rei
702 2276 837 2317 dignitas
851 2286 956 2315 recep-

237 2336 302 2360 tam
317 2329 483 2359 lectionem
498 2339 561 2359 non
577 2329 705 2368 patitur:

522 2398 577 2422 sine
587 2405 632 2422 me
644 2398 693 2421 tibi
704 2397 802 2421 ductor
812 2403 942 2428 aquarum

266 2437 376 2469 Tybris,
392 2440 419 2461 et
436 2436 555 2461 armiferi
565 2436 710 2461 sordebunt
721 2436 813 2468 templa
824 2435 937 2467 Quirini.

234 2496 343 2535 Vulgo
354 2495 517 2531 humilius,
532 2500 619 2525 tecta.
664 2494 757 2524 Idem
766 2495 855 2529 bene,
867 2493 955 2533 paul-

237 2551 266 2580 lo
281 2561 389 2590 supra:

266 2618 336 2648 Quid
354 2624 426 2641 nunc
445 2616 600 2649 magnificas
618 2616 728 2648 species,
753 2616 894 2646 cultusque
919 2615 957 2639 lo-

342 2664 448 2687 corum,

267 2698 430 2729 Templaque,
447 2703 475 2724 et
486 2699 632 2724 innumeris
642 2699 726 2730 spatia
735 2697 903 2723 interstincta
913 2704 957 2722 co-

342 2739 456 2764 lumnis?

238 2795 367 2830 Iterum,
384 2796 456 2826 ibid.
473 2797 511 2826 iv,
529 2801 559 2828 6.
574 2800 625 2829 79.
643 2796 682 2827 de
697 2795 868 2827 Annibale:

368 2853 469 2877 ltalicae
481 2854 617 2885 perfusum
628 2854 756 2887 sanguine
767 2853 864 2886 gentis,

265 2894 382 2923 Diraque
393 2893 527 2918 Romuleis
538 2897 692 2924 portantem
702 2894 824 2919 incendia
834 2893 941 2925 templis,

263 2934 371 2960 Oderat.

998 590 1097 628 Libri,
1119 592 1206 622 tectis
1212 606 1222 627 ;
1260 591 1314 622 sed
1339 590 1455 621 imitari
1484 591 1583 623 voluit
1615 592 1721 624 Hora-

998 642 1080 672 tium
1096 642 1259 681 Papinius,
1282 643 1331 673 od.
1347 641 1385 673 iv.
1401 646 1452 673 48.

1153 703 1262 725 vastata
1274 703 1408 725 Poenorum
1418 702 1552 733 tumultu,

1184 743 1253 764 Fana
1263 741 1326 765 deos
1337 740 1454 766 habuere
1470 746 1573 766 rectos:

992 788 1140 830 'conferas
1154 788 1227 818 ibid.
1241 789 1262 818 i.
1282 792 1334 819 57.
1359 793 1389 820 6.
1413 789 1456 819 sic
1484 790 1570 819 enim
1595 800 1723 830 gravare

997 841 1108 879 solent,
1139 847 1170 871 et
1199 841 1360 880 ampliare,
1390 852 1458 871 rem
1486 843 1593 881 po'etae.
1639 843 1723 873 Cum

999 894 1206 934 epigramma,
1229 893 1315 933 quod
1329 899 1375 923 est
1391 897 1463 924 152.
1478 893 1530 924 lib.
1546 905 1574 925 V.
1593 894 1725 925 Anthol.

1000 944 1068 974 Lat.
1085 945 1195 974 Burm.
1211 950 1420 984 expurgatum
1435 944 1587 983 dederim,
1603 951 1634 975 et
1649 955 1724 976 sane

1000 994 1141 1034 lepidum
1152 999 1207 1030 est,
1218 993 1259 1023 ad
1270 994 1454 1024 Lucretium
1465 995 1572 1026 redibo
1581 996 1615 1026 in
1624 997 1720 1026 viam:

1033 1062 1142 1086 AEdibus
1153 1061 1179 1085 in
1191 1061 1286 1086 nostris
1296 1061 1422 1091 volitans,
1437 1066 1579 1093 argenteus
1589 1069 1665 1087 anser

1063 1101 1205 1126 Dulcisono
1215 1100 1328 1132 strepitu
1342 1100 1410 1125 colla
1421 1108 1514 1125 canora
1525 1101 1607 1126 levat.

1032 1141 1092 1166 Ales
1103 1144 1179 1172 grata
1189 1140 1260 1164 bono
1271 1139 1370 1171 duplici
1380 1148 1389 1170 ;
1407 1146 1469 1163 nam
1481 1140 1583 1165 fercula
1594 1146 1696 1165 mensae

1063 1179 1189 1211 Conplet‚
1205 1182 1233 1204 et
1245 1180 1367 1203 adservat
1378 1183 1458 1204 nocte
1468 1179 1562 1204 silente
1573 1180 1694 1204 domum.

1033 1219 1118 1248 Solus,
1133 1218 1250 1249 Tarpeia
1262 1218 1371 1242 canibus
1384 1218 1409 1242 in
1421 1225 1487 1250 rupe
1498 1219 1605 1249 quietis,

1064 1258 1165 1289 Eripuit
1177 1257 1258 1282 Gallis
1270 1258 1383 1282 Romula
1393 1258 1484 1290 templa
1496 1259 1569 1291 vigil.

1002 1316 1100 1352 Libri,
1123 1322 1217 1351 tecta;
1243 1315 1297 1345 sed
1320 1315 1391 1345 vide
1414 1316 1550 1352 Livium,
1573 1316 1593 1346 i.
1620 1320 1668 1347 10.
1696 1319 1725 1347 5.

1003 1367 1111 1407 Vulgo
1138 1367 1243 1403 etiam,
1266 1378 1392 1397 canore:
1418 1367 1509 1397 male.
1552 1367 1726 1408 Virgilium

1004 1419 1131 1458 scriptor
1147 1418 1311 1448 aemulatus
1327 1422 1383 1455 est,
1399 1417 1438 1447 ad
1451 1417 1528 1448 AEn.
1547 1417 1596 1448 vii.
1614 1421 1684 1449 700.

1501 1485 1582 1517 longa
1588 1492 1691 1510 canoro:

1034 1528 1106 1550 Dant
1118 1532 1165 1557 per
1175 1525 1237 1549 colla
1247 1525 1345 1549 modos
1354 1532 1362 1548 ·.

966 1587 969 1589 ’
1006 1588 1042 1612 ut
1063 1583 1096 1612 in
1121 1593 1209 1612 versu
1233 1582 1334 1620 primo
1358 1591 1414 1611 sua
1439 1581 1571 1621 sumpsit
1590 1591 1628 1611 ex
1651 1582 1725 1613 AEns

1006 1634 1068 1664 viii.
1088 1636 1160 1665 655.

1049 1685 1122 1714 Ver.
1140 1688 1190 1715 29.
1217 1687 1324 1722 Quom,
1352 1686 1464 1721 Quum,
1487 1683 1535 1714 vel
1564 1687 1655 1715 Cum:
1683 1684 1727 1714 sie

1004 1746 1112 1767 omnes
1127 1735 1213 1773 libri,
1225 1745 1298 1765 cum
1312 1735 1475 1765 Macrobio
1486 1735 1647 1772 Gronovii,
1666 1735 1731 1766 Sat.

1003 1789 1046 1819 vi.
1061 1792 1090 1818 2.
1114 1788 1173 1818 nisi
1188 1788 1272 1828 quod
1291 1788 1490 1826 imprimatur
1510 1788 1544 1817 in
1561 1787 1655 1818 Vind.
1672 1789 1731 1818 At-

1003 1848 1103 1872 tamen
1111 1858 1121 1878 ;
1139 1841 1204 1879 sed,
1220 1852 1260 1871 an
1270 1840 1401 1871 fideliter
1410 1840 1450 1871 ad
1462 1840 1620 1880 exemplar
1634 1840 1729 1879 scrip-

1003 1899 1082 1929 tum,
1105 1892 1193 1922 valde
1208 1892 1324 1922 dubito.
1371 1891 1439 1922 Alii
1455 1892 1587 1922 editores
1602 1901 1730 1931 reposu-

1003 1954 1054 1973 ere
1069 1953 1106 1974 ex
1122 1943 1260 1981 arbitrio,
1285 1945 1337 1978 At,
1367 1945 1459 1981 Tum,
1482 1943 1531 1973 vel
1550 1945 1649 1977 Quin:
1675 1952 1732 1972 no-

1002 1994 1048 2024 bis
1077 2005 1141 2024 non
1177 1994 1250 2024 licet
1282 2004 1349 2024 esse
1375 1999 1438 2024 tam
1462 1994 1592 2025 disertis.
1646 1995 1730 2025 Con-

1006 2047 1133 2076 structio
1156 2052 1215 2082 est;
1243 2050 1265 2064 ‘⁶
1284 2047 1368 2076 Cum
1391 2052 1508 2084 tamen,
1530 2046 1564 2075 in
1586 2046 1729 2086 gramine

1007 2101 1029 2115 “
1046 2098 1200 2136 prostrati,
1217 2108 1280 2127 non
1295 2098 1419 2137 magnis
1435 2098 1555 2136 opibus,
1578 2097 1658 2127 inter
1673 2108 1728 2127 na-

1005 2151 1028 2166 “
1043 2154 1122 2178 turae
1137 2148 1284 2187 simplicis
1306 2148 1510 2183 amoenitates,
1533 2153 1644 2177 curant
1658 2158 1724 2178 cor-

1005 2201 1027 2217 “‘
1043 2209 1133 2237 pora;
1167 2205 1198 2228 et
1221 2199 1382 2228 doloribus
1407 2204 1523 2235 carent,
1552 2204 1584 2228 et
1607 2198 1730 2229 deliciis

1005 2253 1027 2268 “
1045 2250 1232 2280 fruuntur:’'
1256 2249 1305 2280 vel
1319 2249 1433 2289 potius,
1456 2255 1493 2279 ut
1508 2250 1638 2279 verbum
1653 2252 1727 2281 sub-

1001 2302 1169 2332 stantivum
1195 2301 1454 2342 subintelligatur,
1495 2305 1516 2320 “
1535 2302 1619 2332 Cum
1641 2312 1728 2341 pros-

1003 2356 1024 2370 “
1040 2353 1111 2383 trati
1123 2355 1196 2390 sint,
1211 2358 1322 2382 curant
1331 2352 1518 2383 tamen-.’‘
1561 2353 1728 2391 Horatius,

1004 2403 1054 2433 od.
1071 2404 1091 2433 ἰ.
1104 2407 1132 2434 7.
1149 2407 1200 2433 21.

1259 2471 1367 2495 Teucer
1381 2470 1522 2500 Salamina,
1540 2473 1709 2502 patremque.
1742 2470 1746 2473 “

1095 2512 1153 2535 Cum
1166 2510 1282 2541 fugeret,
1299 2513 1382 2534 tamen
1393 2510 1446 2534 uda
1457 2516 1543 2541 »yaeo

1029 2550 1169 2580 Tempora
1179 2549 1295 2580 populea
1307 2548 1393 2573 fertur
1404 2549 1521 2574 vinxisse
1532 2548 1640 2574 corona.

1000 2610 1221 2647 —prostratei:
1251 2614 1293 2638 11.
1300 2610 1474 2648 prusti-anti
1476 2623 1487 2643 ;
1506 2608 1546 2637 G.
1556 2612 1723 2646 prostrtna,

1002 2670 1066 2690 non
1081 2659 1174 2697 male,
1197 2664 1233 2689 ut
1246 2659 1286 2690 ad
1297 2670 1420 2699 corpora
1438 2659 1597 2689 referatur.

1045 2709 1127 2740 Ibid.
1137 2712 1303 2750 prostratel'
1314 2712 1347 2740 in
1359 2712 1499 2749 gramine
1513 2709 1604 2738 molli.
1636 2707 1723 2742 Auc-

1002 2767 1051 2792 tor
1068 2761 1197 2798 Culicis,
1220 2771 1279 2792 ver.
1296 2764 1345 2792 68.

1034 2823 1111 2853 Saepe
1120 2828 1199 2853 super
1209 2824 1290 2846 tenero
1299 2819 1434 2852 prosternit
1440 2818 1556 2850 gramine
1566 2823 1662 2849 corpus
1672 2825 1678 2841 ε

1002 2872 1064 2900 huc
1079 2875 1161 2899 certe
1176 2869 1347 2908 respiciens.

1042 2922 1120 2951 Ver.
1135 2925 1186 2951 50.
1208 2922 1296 2950 altae:
1323 2919 1361 2949 V.
1382 2918 1430 2949 ed.
1451 2921 1539 2957 alcae,
1561 2919 1601 2948 ob
1623 2918 1731 2948 maxi*
