1894 3253
157 257 249 302 378

654 250 715 297 T.
765 246 1149 297 LUCRETII

299 382 494 424 Crebrius
513 382 558 422 in
578 396 738 424 cassum
757 395 958 437 magnum
978 380 1170 422 cecidisse
1189 381 1365 424 labores:

159 461 266 498 1165
300 457 369 507 Et,
403 471 528 512 quom
549 465 737 513 tempora
756 455 1011 511 temporibus
1030 457 1251 512 praesentia
1271 457 1430 499 confert

159 618 182 632 “
198 613 294 644 etiam
318 613 507 644 minuuntur
531 615 799 651 contabescentes3
831 623 888 643 ne-

160 670 182 685 “
197 677 258 706 que
283 666 432 706 adaugeri
458 674 596 705 possunt,
627 678 663 697 ac
693 666 888 699 tolerabilem

159 721 182 736 “
198 718 308 748 saltem
338 719 553 749 maturitatem
582 720 754 758 pervenire,
793 721 885 761 (verr.

163 773 184 788 “
204 772 295 802 1159.
313 771 422 810 1160.)
446 771 506 800 nisi
521 781 560 801 ex
575 771 708 802 assiduis
722 772 888 811 improbis-

162 824 183 838 “
199 831 259 861 que
273 821 431 852 laboribus
446 829 510 852 tam
526 823 636 861 boum,
659 833 753 864 quam
769 822 889 863 agrico-

161 875 183 889 “
199 871 333 903 larum.”
380 874 453 903 Hac
471 874 726 913 interpretatione
742 873 821 904 nihil
837 884 890 903 ex-

160 923 307 962 peditius,
325 930 380 954 aut
394 925 570 964 speciosius,
587 926 684 956 lector
699 927 822 966 lepidus
836 926 891 956 de-

162 975 289 1007 sideret:
316 983 346 1007 et
369 978 502 1008 subinde
525 979 632 1009 mirari
654 978 750 1016 soleo,
774 979 891 1009 Lucre-

162 1027 264 1059 tianos
279 1029 420 1066 editores,
447 1030 542 1070 prava
556 1031 744 1061 emendandi
762 1031 893 1061 libidine

163 1081 319 1120 abreptos,
343 1087 374 1112 et
389 1092 469 1112 vano
488 1083 609 1124 ingenii
632 1083 809 1113 ostentandi
829 1089 893 1113 stu-

163 1132 216 1162 dio
230 1134 412 1172 obcaecatos,
435 1134 474 1164 ad
496 1145 605 1165 sensus
627 1135 763 1166 auctoris
785 1135 834 1165 sui
849 1135 898 1165 vel

165 1185 376 1224 apertissimos
404 1193 567 1227 penetrare
594 1198 658 1218 non
689 1198 759 1218 raro
788 1188 898 1228 nequi-

164 1236 251 1268 visse.

209 1288 282 1318 Ver.
310 1292 402 1320 1165.
427 1295 519 1329 caput
542 1300 700 1328 quassans.
745 1287 832 1318 Usus
854 1294 900 1318 est

167 1341 272 1380 phrasi
284 1341 451 1381 Virgilius,
475 1341 550 1370 AEn.
566 1340 617 1370 vii.
636 1344 711 1372 292.

168 1402 255 1431 Tum,
264 1407 388 1433 quassans
399 1403 485 1432 caput,
497 1399 559 1424 haec
569 1399 686 1424 effundit
697 1403 807 1431 pectore
815 1399 896 1424 dicta.

213 1458 294 1488 Ibid.
325 1459 459 1497 grandis
489 1463 604 1487 arator.
659 1457 720 1487 Ille
749 1456 900 1498 querulus

166 1513 352 1551 grandaevus
375 1508 509 1547 scilicet;
532 1509 584 1539 cui
606 1509 714 1540 omnia
736 1510 902 1549 praesentia

170 1571 292 1601 semper
315 1560 440 1592 sordere
464 1568 496 1591 et
523 1561 685 1592 contemni
708 1561 821 1592 solent:
849 1561 902 1592 ille

172 1613 292 1654 utique,

429 1682 555 1707 laudator
564 1682 695 1714 temporis
706 1682 760 1707 acti

235 1723 267 1747 Se
278 1729 372 1754 puero.

175 1781 229 1813 Ad
252 1781 391 1813 eundem
414 1782 547 1813 modum
562 1782 743 1821 Terentius,
768 1782 904 1821 Adelph.

172 1834 211 1865 ir.
231 1837 260 1866 5.
276 1838 328 1866 59.

527 1903 569 1928 Αη
580 1902 671 1927 sedere
682 1903 803 1935 oportuit

237 1943 320 1968 Domi
329 1943 460 1975 virginem
471 1946 529 1968 tam
536 1943 660 1975 grandem
668 1944 682 1967 ?

174 2004 197 2019 ‘⁶
218 2003 386 2038 Grandem,
402 2001 443 2030 ad
454 2007 574 2032 oetatem
591 2007 707 2031 veteres
722 2002 907 2038 retulerunt,

173 2055 197 2070 ‘⁶
214 2061 280 2081 non
305 2051 346 2081 ad
370 2051 523 2091 corpus:”
559 2052 708 2082 Donatus
732 2053 766 2083 in
792 2053 908 2084 locum.

175 2103 278 2135 Plene
299 2113 400 2142 nuper
429 2103 529 2133 Carus
551 2102 641 2140 dixit,
664 2103 704 2133 ad
726 2113 788 2134 ver.
817 2108 909 2136 1140.

174 2157 292 2196 grandi
306 2165 385 2191 aevo;
409 2153 461 2184 cui
476 2154 672 2185 contrarium
694 2160 739 2184 est
755 2154 909 2186 Nasonia-

177 2217 258 2239 num
272 2206 364 2244 illud,
388 2205 428 2236 ad
443 2205 510 2236 Liv.
526 2208 600 2237 285.

207 2267 298 2299 Quam
306 2269 396 2299 parvo
407 2272 535 2291 numeros
544 2265 670 2298 implevit
679 2266 804 2298 principis
815 2270 892 2293 aevo!

220 2325 298 2356 Ver.
328 2328 419 2355 1164.
448 2325 605 2356 Crebrius:
643 2325 682 2355 O.
710 2331 750 2356 Π.
774 2327 907 2365 Saepius;

177 2388 215 2408 ex
225 2375 681 2416 interpretatione—magnum
690 2391 699 2407 .·
713 2377 857 2416 Vossius,
864 2378 912 2409 in.

181 2428 253 2459 dole
277 2427 431 2458 sermonis
456 2427 537 2458 nihil
562 2427 731 2466 intellecta,
753 2428 839 2459 haud
864 2429 912 2460 in-

180 2480 255 2511 scite
280 2486 389 2510 tamen
412 2479 609 2517 emendabat,
636 2480 832 2511 rescribendo
846 2493 913 2512 ma-

179 2543 287 2563 nuum.
331 2530 457 2562 Eadem
482 2531 522 2562 de
547 2529 669 2570 caussa,
691 2543 818 2573 nempe,
841 2534 916 2575 quia

183 2583 223 2613 ad
244 2593 330 2614 veras
355 2582 418 2613 loci
442 2583 580 2614 rationes
605 2584 795 2621 caeeutirent,
820 2584 914 2615 dede-

183 2641 259 2665 runt
273 2635 408 2666 editores
433 2645 472 2666 ex
496 2635 636 2674 arbitrio,
660 2636 747 2667 libris
771 2637 918 2668 omnibus

182 2693 291 2717 contra
319 2687 483 2726 stantibus,
520 2690 664 2726 laborem,
694 2688 762 2719 vice
791 2690 916 2721 labores.

185 2738 361 2778 Nimirum,
386 2740 428 2771 sic
454 2751 488 2771 se
513 2751 562 2771 res
583 2742 684 2771 habet.
729 2742 850 2774 Versus
872 2749 919 2774 est

186 2790 296 2832 utique
317 2791 433 2822 rariore
459 2791 562 2823 forma
587 2792 746 2831 orationis,
774 2799 806 2823 et
819 2799 918 2826 struc-

186 2841 257 2873 turfi
278 2842 419 2873 multum
447 2844 586 2882 difficili;
616 2854 674 2875 nec
702 2855 833 2884 possum
854 2857 918 2877 non

188 2905 378 2937 magnopere
391 2897 543 2936 gratulari
568 2897 679 2937 poetae,
702 2907 808 2929 veram
828 2909 918 2930 men-

188 2951 262 2986 tem,
285 2947 354 2981 sine
369 2946 435 2979 ulla
449 2948 640 2980 sincerarum
656 2948 829 2981 lectionum
845 2960 916 2982 mu-

931 613 1059 650 tatione,
1089 614 1169 644 mihi
1196 615 1368 645 certissime
1393 625 1460 645 esse
1489 613 1664 654 deprehen-

933 675 1012 695 sam:
1047 676 1122 696 nam
1148 666 1203 696 diu
1232 677 1284 696 me
1312 666 1430 697 frustra
1459 667 1664 697 exercitatum

931 717 1049 748 habuit.
1096 720 1219 749 Cassum
1236 718 1353 748 scilicet
1367 718 1419 748 hic
1435 718 1496 748 loci
1508 718 1664 759 significat

933 772 1026 801 inane
1041 772 1187 810 spatium,
1210 771 1259 801 vel
1273 772 1451 802 barathrum
1460 787 1470 807 ;
1499 777 1529 800 et
1544 770 1665 809 phrasis

934 824 1041 853 cadere
1057 825 1091 853 in
1113 833 1233 853 cassum
1257 833 1323 852 non
1339 822 1429 853 valde
1447 822 1601 861 discrepat
1625 835 1666 862 :ny

936 877 1091 905 subsedere
1103 886 1224 915 pessum
1241 875 1351 912 nostri,
1374 875 1412 904 vi.
1430 878 1468 905 58
1475 878 1501 904 S.
1528 874 1583 904 ubi
1599 873 1668 904 ani-

936 925 1168 956 madversiones
1182 936 1261 955 meae
1276 925 1473 966 perlegendae
1489 932 1570 955 sunt.
1599 925 1667 955 No-

937 978 1009 1008 nius
1025 978 1210 1016 Marcellus,
1233 978 1252 1008 i.
1269 981 1341 1009 217.
1370 982 1391 996 “
1411 981 1536 1009 Cassum
1554 983 1671 1007 veteres

939 1034 960 1048 ‘⁶
977 1032 1070 1061 inane
1093 1037 1281 1069 posuerunt;
1313 1036 1344 1060 et
1370 1029 1586 1061 arbitrandum
1613 1035 1671 1067 est,

940 1085 962 1099 “
979 1081 1046 1121 ejus
1069 1082 1153 1112 verbi
1174 1082 1396 1121 proprietatem
1419 1082 1520 1122 magis
1542 1083 1582 1112 ab
1603 1091 1671 1111 ara—

942 1136 964 1151 “
981 1144 1112 1164 nearum
1127 1134 1264 1164 cassibus
1280 1134 1408 1172 dictam,
1432 1135 1518 1175 quod
1540 1134 1603 1164 sint
1629 1132 1674 1163 le-

942 1188 964 1203 “
982 1196 1044 1221 ves,
1068 1196 1103 1216 ac
1118 1185 1238 1216 nullius
1253 1185 1472 1225 ponderis—.'’
1506 1186 1575 1216 Nec
1590 1184 1675 1215 mul-

942 1243 1012 1267 tum
1027 1237 1183 1268 discordat
1200 1238 1325 1268 Servius
1339 1238 1379 1268 ad
1396 1239 1473 1269 AEn.
1489 1238 1542 1268 vii.
1558 1241 1631 1267 421.

972 1297 1079 1324 Turne,
1096 1300 1138 1320 tot
1150 1297 1177 1321 in
1187 1305 1285 1322 cassum
1297 1297 1369 1322 fusos
1380 1298 1482 1330 patiere
1492 1297 1611 1322 labores?

944 1344 1031 1374 Nam
1046 1345 1256 1383 Lucretianis,
1279 1349 1387 1377 cadere
1413 1348 1530 1377 labores
1556 1348 1589 1376 in
1609 1357 1677 1377 cas-

943 1407 1022 1433 sum,
1039 1395 1116 1436 quid
1131 1396 1269 1426 exactius
1284 1397 1478 1436 responderit
1493 1407 1589 1437 quam
1603 1397 1675 1434 ista,

944 1448 1060 1477 labores
1078 1446 1182 1488 ficndi
1209 1449 1242 1477 in
1268 1459 1401 1484 cassum,
1428 1447 1477 1477 vel
1502 1447 1597 1477 inane
1621 1458 1673 1477 va·

946 1509 1055 1537 cuum,
1085 1498 1129 1527 ita
1154 1504 1189 1528 ut
1214 1504 1400 1528 evanescant
1426 1505 1457 1529 et
1486 1498 1676 1538 perdantur?

946 1551 967 1583 J
970 1561 1022 1581 am
1037 1560 1110 1580 vero
1125 1549 1349 1591 grammaticus
1364 1550 1536 1580 honoratus
1550 1550 1680 1581 audien-

947 1603 1006 1634 dus
1021 1608 1080 1633 est:
1108 1605 1130 1620 “
1147 1604 1187 1633 In
1214 1613 1332 1633 cassum
1355 1607 1463 1632 autem
1484 1607 1619 1632 tractum
1634 1607 1680 1632 est

949 1657 972 1672 “
988 1665 1006 1684 a
1021 1654 1166 1691 cassibus,
1189 1653 1222 1683 id
1243 1660 1300 1691 est,
1323 1653 1476 1683 retibus.'’
1524 1653 1576 1684 Ob
1598 1654 1681 1684 hanc

949 1712 1058 1737 tamen
1072 1716 1215 1736 caussam
1240 1705 1344 1744 potius
1365 1704 1512 1743 dixerim,
1536 1711 1567 1735 et
1582 1704 1680 1735 confi-

949 1759 1059 1789 denter
1081 1757 1222 1798 quidem,
1252 1767 1371 1788 nomen
1395 1768 1415 1787 a
1440 1758 1574 1788 cassibus
1596 1756 1681 1787 deri-

948 1810 1029 1847 vari;
1053 1809 1188 1850 quodid
1209 1808 1313 1848 spatii,
1337 1808 1389 1839 cui
1411 1808 1500 1839 sinus
1526 1808 1601 1839 retis
1623 1808 1682 1839 cir-

949 1862 1159 1903 cumjiciatur,
1175 1872 1231 1901 pro
1246 1871 1344 1891 vacuo
1355 1862 1435 1891 bene
1450 1861 1594 1901 deputari
1609 1871 1680 1901 pos-

950 1916 1001 1953 sit,
1024 1920 1151 1954 propter
1179 1919 1337 1944 texturam
1366 1912 1531 1943 subtilium
1552 1912 1682 1944 filorum

950 1973 1080 1998 tenuem
1095 1972 1126 1997 et
1141 1972 1288 2005 apertam.
1322 1966 1474 1995 Phrasem
1485 1965 1584 2005 igitur
1594 1976 1681 2005 mag-

951 2031 1026 2050 num
1048 2030 1165 2050 cassum
1190 2019 1279 2049 aliter
1299 2017 1338 2048 ad
1361 2019 1447 2048 hunc
1472 2017 1604 2048 modum
1620 2017 1685 2057 ipse

953 2071 1121 2102 Lucretius
1136 2071 1290 2101 extulerat
1304 2069 1458 2109 superius,
1481 2069 1516 2100 in
1530 2069 1551 2100 i.
1570 2072 1662 2100 1017.

1016 2140 1096 2168 Nam,
1112 2138 1226 2170 dispulsa
1237 2145 1286 2162 suo
1297 2138 1330 2162 de
1342 2141 1429 2167 coem,
1446 2136 1571 2161 materiai

1016 2178 1101 2209 Copia
1111 2177 1229 2202 ferretur
1239 2184 1361 2208 magnum
1373 2183 1420 2208 per
1431 2176 1507 2200 inane
1517 2176 1613 2201 soluta.

957 2241 1126 2276 Caetemm,
1152 2241 1246 2270 verba
1266 2250 1388 2279 semper
1407 2245 1482 2269 sunt
1502 2239 1685 2281 disjungen-

956 2292 1007 2330 da,
1031 2298 1061 2322 et
1076 2302 1135 2322 vox
1150 2292 1324 2331 composita
1333 2294 1487 2323 incassum
1503 2302 1584 2322 verae
1598 2293 1685 2323 Lati-

956 2344 1047 2374 nitati
1061 2354 1127 2374 non
1142 2349 1189 2374 est
1203 2349 1290 2382 nota,
1305 2349 1400 2384 atque
1414 2344 1446 2373 in
1459 2343 1605 2374 ultimam
1617 2346 1686 2375 bar.

956 2395 1076 2426 bar-iem
1091 2395 1270 2436 releganda.
1317 2395 1452 2425 Plautus
1473 2395 1547 2425 huic
1570 2395 1615 2426 rei
1633 2396 1688 2426 ad-

957 2455 1096 2488 vocetur,
1123 2450 1214 2481 Poen.
1231 2449 1250 2480 i.
1267 2453 1297 2480 2.
1319 2453 1390 2480 147.

988 2519 1062 2544 Bene
1071 2518 1208 2550 promittis
1217 2517 1322 2547 multa3
1342 2524 1380 2542 ex
1390 2516 1484 2541 multis
1497 2515 1590 2541 omnia
1600 2516 1629 2540 in
1637 2523 1691 2541 cas-

1066 2564 1123 2582 sum
1137 2557 1233 2582 cadunt
1242 2565 1251 2582 .·

961 2616 1008 2648 uti
1022 2616 1196 2657 loquuntur
1217 2615 1251 2646 in
1273 2613 1422 2655 primaria
1434 2613 1529 2644 etiam
1553 2612 1689 2644 notione.

962 2669 1067 2699 Testis
1081 2669 1121 2699 sit
1137 2668 1284 2706 Ovidius,
1309 2673 1364 2698 art.
1381 2677 1443 2697 am.
1464 2666 1496 2696 ii.
1512 2669 1541 2696 2.

1055 2727 1157 2753 Decidit
1168 2727 1195 2752 in
1205 2734 1285 2752 casm
1295 2726 1391 2758 praeda
1400 2725 1488 2758 petita
1498 2731 1582 2750 meos.

964 2780 1087 2812 Iterum
1101 2779 1271 2821 Virgilius,
1294 2779 1369 2809 AEn.
1386 2778 1446 2808 viii.
1462 2780 1534 2808 578.

1222 2855 1272 2874 nec
1284 2851 1323 2879 te,
1340 2846 1473 2872 carissime
1483 2844 1616 2875 conjunx,

1024 2891 1056 2913 In
1067 2896 1200 2914 cassumve
1210 2892 1271 2913 tuos
1283 2887 1356 2912 volui
1366 2891 1494 2911 exercere
1505 2884 1600 2908 labores
1609 2891 1619 2909 .·

965 2951 986 2967 “
1004 2953 1039 2978 ut
1054 2958 1137 2979 esses
1160 2957 1274 2986 nempe
1297 2958 1332 2981 εις
1355 2957 1424 2987 aspa
1445 2956 1520 2975 κενσν
1545 2940 1694 2974 eurem-'⁸
