1894 3253
232 242 321 283 192

266 367 341 398 Ver.
360 370 433 397 251.
450 366 594 405 ingenuei
601 365 721 404 fantes.
741 365 833 396 -Hinc
847 366 952 396 hausit

223 418 425 456 locutionem,
456 416 509 446 sed
538 426 631 445 sensu
661 426 774 455 parum
808 416 948 455 definito,

221 470 411 507 Eumenius,
437 473 527 508 gratt.
546 473 604 498 act.
620 474 692 498 sect.
711 472 758 498 10.
783 471 805 486 “
824 469 874 499 Sic
898 471 948 499 in·

222 520 242 541 ‘⁶
255 524 351 562 genui
365 520 505 560 largique
509 520 627 560 fontes,
640 526 676 549 ut
691 520 806 560 ubique
817 521 948 559 prosint,

221 577 243 591 “
258 575 302 603 ire
318 571 545 602 festinant—,³³
591 571 784 610 Explicatior
805 578 850 602 est
865 572 885 603 J
888 572 948 602 uli-

221 636 260 655 us
288 624 454 662 Fir-micus,
482 634 510 662 p.
527 627 600 658 461,
625 630 656 653 et
682 632 820 654 nostram
842 624 949 655 lectio-

220 687 294 707 nem
320 676 438 705 firmat:
479 679 502 693 “
522 676 681 705 Laventur
710 676 816 716 itaque
846 676 950 706 sordes

218 732 242 748 “
258 729 336 767 istae,
363 738 439 768 quas
466 727 596 768 colligis.
643 729 757 764 Quaere
770 729 875 770 fontes
898 732 947 760 in-

219 784 239 800 “
252 792 379 821 genuos,
399 790 502 820 quaere
512 791 606 820 puros
621 783 764 821 liquores,
788 787 824 811 ut
838 781 902 811 illic
917 788 947 811 te

217 836 239 851 “
255 838 325 872 post
340 831 456 861 multas
471 831 612 861 maculas
627 842 701 862 cum
718 832 828 871 spiritu
842 839 948 863 sancto

218 887 241 903 “
261 884 377 914 Christi
401 884 530 924 sanguis
552 883 764 914 incandidet.'’
812 884 875 919 Qui
902 884 947 914 lo-

218 947 274 968 cus
288 936 419 976 pulchre
434 935 560 975 respicit
574 935 746 975 apocalyps.
762 935 812 965 vii.
830 939 879 965 14.

257 989 332 1018 Ver.
350 991 422 1018 262.
444 989 521 1017 lacte
536 992 647 1017 mentes
657 987 811 1026 perculsa.
843 986 947 1016 Locus

219 1039 338 1079 Orphei
354 1038 393 1069 de
414 1037 528 1077 lapidd.
545 1048 605 1067 ver.
623 1041 694 1067 221.
718 1037 808 1077 cujus
828 1036 948 1067 sincera

214 1092 377 1131 scriptura,
407 1096 500 1131 atque
530 1089 610 1119 adeo
636 1100 709 1119 vera
737 1100 836 1125 mens,
867 1089 948 1119 viros

215 1145 322 1175 doctos
352 1143 477 1183 penitus
513 1142 635 1182 effugit,
674 1141 948 1182 exquisitissimam

216 1196 356 1230 Lucretii
371 1195 509 1235 phrasim
531 1194 706 1224 luculenter
720 1193 899 1223 illustrabit:

257 1265 304 1289 Συν
316 1263 348 1293 δε,
361 1267 518 1297 μελικρκτοω
529 1271 599 1294 μετα
614 1266 740 1295 γλυκεροω
754 1269 874 1294 fuya-roa,

254 1314 328 1346 Ορνυε
339 1319 461 1343 {nugatum
474 1314 574 1342 vufflpm'
595 1308 636 1334 ι’ντι
651 1318 727 1336 mmor
739 1307 781 1333 υἶοι

255 1359 449 1387 ΜΛΣΤΟΙΣΙ,
463 1356 675 1384 ΜΕΘΥΟΝΤΑ,
697 1353 761 1389 παρ’
777 1354 946 1380 ΕΥΝΑΟΙΣΙ

372 1404 477 1437 κομιζω,

218 1462 269 1493 Ita
293 1457 566 1500 distinguendum:
593 1466 668 1486 nam
693 1460 749 1487 Συν
771 1455 947 1495 praepositio

216 1514 257 1545 ad
270 1521 349 1555 Ορνυε
365 1511 455 1541 debet
471 1509 606 1548 provehi.
638 1508 713 1539 Jam
730 1518 802 1537 vero
819 1521 945 1544 ευναωσι,

210 1569 340 1609 pulchre
352 1566 537 1607 fluentibus,
560 1574 597 1593 ex
624 1561 802 1602 conjectura
823 1560 947 1600 reposui

216 1630 273 1659 pro
297 1631 429 1653 summm-1,
455 1616 550 1656 longe
573 1614 788 1644 insulsissimo.
834 1612 947 1643 Facilis

216 1678 283 1702 erat
299 1680 392 1706 error,
416 1675 447 1699 et
468 1669 502 1698 in
518 1666 698 1698 doctissima
712 1676 786 1695 voce
808 1665 946 1696 maxime

215 1722 394 1762 probabilis.
440 1719 523 1749 Vide
548 1718 589 1748 sis
615 1718 716 1748 Hom.
745 1716 807 1747 Od.
834 1723 855 1747 1.
875 1721 945 1747 222.

216 1774 327 1813 Eurip.
346 1772 435 1804 Med.
455 1774 526 1802 855.

220 1827 389 1862 Caeterum,
428 1823 492 1854 duo
520 1820 728 1862 praecedentes
761 1830 866 1850 versus
895 1831 947 1851 me

216 1885 357 1917 movent,
373 1884 408 1908 ut
417 1877 569 1918 judicem,
592 1875 732 1914 scriptori
751 1876 862 1906 Graeco
876 1885 947 1904 nos-

217 1938 302 1963 trum
314 1942 378 1962 non
393 1931 623 1960 inobservatum
639 1927 748 1957 fuisse:

256 1994 289 2020 Οἱ
303 1993 323 2019 δ’
338 2004 378 2028 oep,
391 1994 445 2027 ὑπερ
457 1993 560 2026 pagum
571 1999 755 2025 κορεσεαιμενω,
769 1988 906 2020 γαλοιθηνω

256 2040 419 2075 Σκιρτυηθμων
433 2041 527 2070 εξοιυτις
541 2037 707 2072 αναμνῆσσντ’
721 2047 853 2073 σιγερωχοι.

250 2096 341 2125 Verr.
356 2097 428 2125 278,
440 2098 511 2125 299.
524 2097 596 2124 502.
610 2093 691 2122 Haec
702 2092 771 2121 loca
780 2091 820 2121 de
833 2089 944 2120 natm-i

215 2146 362 2178 invisibili
377 2152 542 2180 ventorum,
559 2146 697 2180 odorum,
713 2149 744 2172 et
759 2145 846 2177 vocis,
864 2142 944 2171 Lac-

217 2201 335 2232 tantius
349 2201 541 2237 intuebatur,
557 2198 597 2228 ad
611 2197 705 2228 divin.
720 2197 829 2227 institt.
844 2196 897 2226 vii.
917 2200 944 2227 9.

218 2260 249 2284 et
258 2253 438 2284 illustrabit:
460 2256 481 2270 “
495 2254 580 2281 Ante
589 2251 706 2288 omnia,
717 2249 866 2289 quoniam
879 2248 945 2278 De-

221 2308 244 2325 “
260 2316 297 2335 us
311 2306 349 2335 ab
360 2304 492 2334 homine
505 2302 603 2332 videri
615 2312 679 2331 non
695 2306 806 2340 potest,
823 2310 862 2329 ne
877 2299 946 2339 quis

215 2359 236 2375 “
258 2361 365 2386 tamen
387 2365 426 2385 ex
450 2364 487 2384 eo
512 2354 580 2393 ipso
605 2357 728 2392 putaret
748 2351 856 2381 Deum
882 2359 944 2379 non

218 2411 242 2427 “
258 2418 338 2445 esse,
353 2406 427 2447 quia
441 2404 626 2435 mortalibus
641 2402 739 2433 oculis
751 2412 815 2432 non
828 2400 947 2431 videre-

217 2462 241 2479 “
263 2465 327 2496 tur,
339 2458 420 2488 inter
435 2463 544 2487 caetera
555 2455 770 2485 institutorum
785 2451 948 2489 miracula,

216 2515 236 2530 “
259 2510 333 2541 fecit
348 2510 442 2540 etiam
468 2508 579 2546 multa,
604 2517 739 2548 quorum
753 2505 799 2535 vis
820 2504 949 2546 quidem

220 2566 243 2582 “
260 2568 429 2602 appareret,
442 2561 615 2592 substantia
628 2564 733 2589 autem
750 2568 815 2588 non
830 2557 946 2587 videre-

219 2617 244 2632 “
260 2620 324 2646 tur:
348 2613 428 2646 sicut
441 2619 487 2645 est
502 2624 565 2652 vox,
581 2613 665 2651 odor,
682 2615 839 2643 ventus-.
863 2607 950 2645 Quid

767 234 1184 284 ADDENDA,

996 370 1017 385 “
1033 378 1100 398 vace
1114 366 1240 404 clarius,
1257 371 1312 396 aut
1326 372 1409 397 vento
1426 367 1549 405 fortius,
1565 373 1619 398 aut
1633 368 1722 399 odore

995 421 1017 436 “
1034 416 1221 448 violentius?
1241 417 1323 447 Haec
1334 423 1450 453 tamen,
1463 428 1538 448 cum
1552 429 1606 457 per
1620 420 1724 449 a'erem

994 474 1015 488 “
1032 470 1186 506 feruntur,
1205 469 1245 499 ad
1260 480 1429 510 sensusque
1444 476 1564 500 nostros
1578 472 1721 508 veniunt,

995 525 1015 540 “
1032 526 1062 551 et
1077 532 1129 551 eos
1144 520 1283 560 potentia
1303 520 1359 551 sua
1376 520 1554 560 impellunt,
1577 532 1641 551 non
1656 532 1722 552 cer-

994 577 1016 592 “
1034 579 1154 604 nuntur
1169 573 1234 603 acie
1250 573 1420 612 luminum,
1437 573 1491 603 sed
1505 573 1574 603 aliis
1588 573 1725 612 corporis

995 630 1016 644 “
1031 626 1171 665 partibus
1193 625 1397 656 sentiuntur.'’
1442 625 1511 655 Nec
1535 625 1642 655 minus
1657 625 1724 655 Mi-

994 678 1106 707 nucius
1132 677 1230 713 Felix,
1257 683 1327 707 sect.
1354 681 1405 707 52.
1428 677 1512 707 unde
1540 676 1724 707 Lactantius

993 739 1049 759 sua
1078 729 1172 759 etiam
1198 728 1358 767 expolivit:
1395 732 1416 746 “
1434 728 1501 758 Nec
1531 727 1662 764 mireris,
1696 727 1724 757 si

993 785 1013 800 ‘⁶
1030 782 1138 812 Deum
1151 792 1214 811 non
1229 781 1323 811 vides.
1366 783 1455 812 Vento
1473 786 1504 811 et
1514 780 1638 811 flatibus
1654 790 1724 810 om-

993 836 1014 850 “
1030 833 1082 862 nia
1105 833 1321 872 impelluntur,
1345 833 1517 869 vibrantur,
1544 832 1719 873 agitantur:

993 887 1014 902 ‘⁶
1031 889 1060 913 et
1075 886 1129 914 suh
1143 886 1243 914 oculos
1258 890 1364 913 tamen
1381 894 1444 913 non
1461 884 1546 913 venit
1560 890 1676 919 ventus,
1693 888 1724 912 et

993 939 1014 953 “
1031 935 1152 966 flatus.”
1199 936 1251 966 Sic
1280 936 1527 966 rescribendum:
1568 935 1602 964 in
1633 935 1725 965 editis

993 992 1049 1024 est,
1072 988 1125 1017 snb
1141 988 1236 1017 oculis
1243 1003 1253 1022 ;
1278 986 1436 1017 mendose.
1485 989 1560 1017 Esse
1580 988 1637 1017 sub
1652 998 1724 1017 ocu-

990 1041 1041 1077 lis,
1064 1038 1113 1068 vel
1128 1041 1161 1069 in
1182 1040 1255 1074 loco,
1278 1039 1373 1077 probe
1388 1037 1519 1075 dixeris3
1543 1037 1598 1067 scd
1620 1039 1723 1068 venire

991 1093 1045 1122 sub
1061 1092 1168 1128 oculis,
1190 1090 1239 1120 vel
1260 1101 1320 1121 esse
1335 1092 1370 1120 in
1390 1091 1501 1127 locum,
1526 1100 1620 1120 nemo
1635 1090 1722 1120 dixe-

992 1145 1043 1181 rit,
1069 1143 1109 1174 ad
1134 1149 1232 1173 rectas
1262 1142 1398 1173 accurati
1428 1141 1540 1172 saltem
1569 1142 1724 1173 sermonis

992 1196 1086 1236 legeS.

1034 1247 1110 1277 Ver.
1128 1250 1202 1276 281.
1236 1246 1348 1286 Hujus
1370 1245 1432 1276 loci
1454 1245 1577 1276 videtur
1599 1255 1722 1275 memor

991 1310 1056 1329 esse
1073 1299 1296 1337 Mamertinus,
1322 1299 1356 1329 in
1376 1299 1576 1339 panegyrico,
1604 1304 1676 1328 sect.
1692 1300 1723 1329 5.

992 1355 1014 1369 “
1032 1350 1115 1381 Toto
1131 1350 1245 1390 quippe
1266 1350 1375 1389 praelio
1399 1350 1548 1385 ferebare,
1574 1359 1639 1379 non
1665 1348 1722 1378 ali-

991 1406 1014 1421 “
1030 1408 1088 1439 ter,
1114 1412 1210 1442 quam
1225 1412 1360 1441 magnus
1383 1401 1487 1430 amnis
1503 1400 1592 1438 solet,
1619 1400 1724 1430 hiber-

991 1458 1013 1472 “
1029 1454 1079 1483 nis
1093 1453 1244 1483 imbribus
1258 1458 1368 1481 auctus
1394 1458 1425 1482 et
1440 1451 1576 1489 nivibus,
1604 1451 1722 1490 passim

992 1509 1014 1523 “
1030 1516 1129 1542 ruere,
1152 1503 1215 1544 qua
1242 1513 1370 1542 campus
1385 1503 1460 1533 est.''
1510 1502 1572 1540 Sic,
1598 1502 1721 1541 opinor,

989 1559 1050 1589 loci
1078 1559 1123 1588 vis
1152 1557 1383 1587 rescribendum
1410 1556 1540 1596 flagitat,
1563 1566 1620 1595 pro
1647 1559 1721 1597 flu-

989 1622 1046 1641 ere.
1091 1609 1255 1639 Dictiones
1269 1620 1325 1638 ruo
1351 1614 1382 1637 et
1391 1610 1464 1649 fluo
1491 1607 1633 1637 confusae
1648 1612 1723 1637 sunt

990 1662 1124 1693 librariis
1149 1662 1189 1692 ad
1215 1660 1379 1691 Claudian.
1403 1661 1436 1690 in
1461 1659 1570 1690 Rufin.
1592 1659 1624 1689 ii.
1648 1662 1722 1689 428.

992 1715 1046 1745 Sil.
1064 1714 1138 1744 Ital.
1152 1714 1204 1743 xii.
1220 1717 1293 1744 619.
1314 1713 1369 1743 ubi
1384 1711 1454 1742 vide
1469 1717 1574 1748 notas;
1596 1710 1637 1741 ad
1651 1711 1722 1741 Liv.

990 1766 1084 1796 xxvii.
1118 1769 1166 1795 17.
1193 1768 1222 1794 4.
1259 1764 1370 1801 Porro,
1401 1762 1434 1792 in
1456 1771 1570 1802 paneg.
1597 1761 1722 1799 incerti,

994 1818 1156 1848 Constant.
1174 1817 1258 1856 Aug.
1282 1820 1356 1844 sect.
1374 1819 1405 1846 9.
1429 1813 1491 1843 alia
1513 1819 1558 1843 est
1572 1822 1721 1843 versuum

991 1868 1256 1899 Lucretianorum
1279 1865 1426 1896 imitatio:
1455 1868 1477 1883 “
1494 1864 1578 1895 Toto
1604 1864 1720 1904 quippe

991 1924 1012 1938 “
1029 1920 1149 1958 impetu
1163 1918 1313 1954 ferebare,
1339 1915 1469 1946 torrenti
1484 1914 1594 1945 similis
1620 1915 1720 1953 amni,

991 1975 1012 1989 “
1030 1981 1125 2012 quem
1140 1971 1278 2009 abruptae
1301 1967 1450 1998 radicitus
1472 1967 1576 2006 sylvae,
1600 1973 1631 1996 et
1646 1976 1720 1996 con-

991 2028 1012 2041 “
1028 2023 1116 2053 vulsa
1130 2022 1274 2052 funditus
1289 2031 1372 2056 saxa,
1394 2018 1632 2059 sequerentur.”

1033 2074 1107 2103 Ver.
1137 2076 1212 2103 555.
1253 2071 1398 2110 Hujusce
1428 2069 1603 2106 schematis,
1634 2067 1719 2108 quod

990 2134 1046 2154 nos
1061 2123 1212 2162 exemplis
1226 2122 1460 2157 illustravimus,
1483 2119 1630 2149 meminit
1649 2119 1718 2148 Da-

989 2175 1085 2205 visius
1110 2174 1144 2203 in
1170 2173 1252 2203 notis
1277 2171 1494 2202 eruditissimis
1519 2170 1560 2200 ad
1594 2169 1719 2201 Minue.

990 2226 1054 2257 Fel.
1081 2231 1152 2255 sect.
1176 2228 1223 2254 17.
1249 2229 1343 2263 atque
1370 2222 1465 2252 etiam
1490 2221 1719 2252 Lucretianum

990 2288 1114 2308 versum
1130 2287 1192 2307 non
1209 2274 1363 2315 neglexit3
1385 2273 1486 2303 multa
1506 2273 1539 2302 in
1554 2273 1635 2301 hanc
1650 2281 1719 2301 rem

990 2330 1149 2360 fructuosa
1171 2327 1344 2363 conferens,
1367 2336 1436 2365 quae
1452 2334 1565 2363 nuper,
1590 2323 1717 2354 Octavi-

992 2391 1047 2412 um
1062 2379 1244 2416 recolentes,
1266 2376 1502 2407 incursavimus.

1035 2433 1108 2462 Ver.
1126 2434 1199 2462 494.
1222 2431 1335 2469 glacies
1357 2429 1437 2458 aeris.
1461 2425 1606 2465 Hujusce
1628 2424 1715 2454 locu-

991 2484 1086 2514 tionis
1101 2484 1173 2512 hinc
1190 2482 1317 2511 fortasse
1335 2480 1448 2510 rectius
1473 2477 1628 2517 „oncipias
1642 2476 1716 2506 rati-

992 2547 1099 2574 onem,
1126 2535 1150 2565 si
1175 2533 1214 2564 ad
1229 2533 1392 2563 metallum
1409 2531 1566 2571 respicias,
1589 2530 1664 2570 igne
1677 2527 1714 2557 li-

992 2588 1185 2630 quefactum,
1200 2592 1231 2617 et
1246 2583 1359 2617 deinde
1372 2583 1489 2624 frigore
1503 2581 1700 2621 congelatum.
