1894 3253
560 251 793 301 LIBER
841 247 1255 300 SECUNDUS.

1557 256 1650 296 253

294 386 517 436 Praeterea,
539 400 704 443 magnae
724 385 904 442 legiones
923 397 1050 439 quom
1069 382 1158 423 loca
1178 395 1299 422 cursu

295 462 550 517 Camporum
572 461 780 516 conplent,
803 458 896 501 belli
917 458 1132 500 simulacra
1152 457 1322 504 cientes3

149 616 256 647 sistere
270 616 500 656 apparentium,
527 616 668 656 quamvis
682 621 770 646 tanto
785 625 878 655 opere

147 667 392 705 tumultuentur,
408 672 474 696 tam
492 666 552 696 late
568 667 756 705 spatientur3
779 673 810 696 et
824 678 877 696 nr-

148 721 206 750 mis
227 721 365 759 peditum
393 718 537 754 coruscis,
561 717 702 757 undique
725 717 876 747 moventi-

152 771 220 807 bus,
248 775 279 799 et
293 768 490 809 splendorem
516 767 721 798 fluctuantem
747 767 877 807 profun-

151 822 308 860 dentibus,
333 820 411 851 dum
432 821 550 850 interea
572 820 794 859 spectatoribus
809 820 876 850 haec

151 873 314 903 fluctuatio
329 883 392 903 non
408 871 603 902 discernitur.
643 871 761 901 Veram
776 871 875 910 po'e'tae

149 931 300 963 mentem,
317 931 347 955 et
362 925 422 954 loci
433 924 644 963 proprietateS,
654 923 836 962 interpretes
847 929 878 953 et

149 977 282 1007 editores
305 976 395 1006 nullo
411 975 505 1006 modo
521 976 615 1015 probe
629 981 801 1014 perspectas
822 976 877 1004 ha·

152 1029 298 1058 buerunt.

195 1077 277 1108 Ibid.
311 1079 453 1117 Fulgur:
481 1078 520 1107 G.
538 1077 574 1107 L.
592 1077 639 1107 M.
667 1078 800 1116 Fulgor:
825 1076 879 1107 sed

148 1130 329 1167 infeliciter,
344 1129 486 1170 quamvis
501 1129 648 1159 maximae
665 1129 728 1158 sint
743 1129 877 1159 auctori-

149 1182 222 1212 tatis
237 1181 376 1219 codices;
398 1191 496 1222 quum
512 1181 614 1211 multo
634 1180 756 1210 facilius
760 1181 878 1221 fulgur

147 1234 180 1264 in
203 1234 316 1275 fulgor
338 1233 457 1263 librarii
472 1233 728 1271 demutavissent,
744 1244 839 1273 quam
862 1244 879 1263 e

149 1286 317 1316 contrario:
345 1291 377 1315 et
402 1285 482 1315 illud
505 1285 693 1315 vocabulum
708 1285 878 1324 elegantio-

147 1347 215 1367 rem
232 1337 320 1376 sapit.
366 1337 424 1366 Me
445 1336 551 1366 videas
577 1336 618 1366 ad
642 1336 754 1366 Horat.
782 1336 829 1367 od.
848 1336 878 1366 ii.

148 1392 176 1419 1.
197 1392 244 1420 19.
275 1391 308 1420 F
309 1390 399 1428 ulgur
410 1388 521 1429 utique
536 1394 582 1419 est
599 1389 733 1419 Homeri
745 1402 880 1431 nepam-n,

151 1441 185 1470 in
200 1440 270 1471 loco
285 1441 391 1471 statim
406 1440 578 1471 excitando.
624 1441 774 1471 Similiter
795 1451 879 1477 sane,

149 1492 204 1523 sed
219 1493 378 1529 audacius,
394 1493 518 1523 locutus
533 1499 578 1523 est
592 1492 645 1522 ille
661 1493 803 1523 sacerdos
817 1493 878 1533 pri-

150 1544 267 1574 marius
284 1545 464 1579 Musarum,
482 1544 557 1573 AEn.
573 1544 614 1573 ix.
631 1547 702 1574 753.

453 1622 576 1644 tremunt
587 1619 613 1643 in
631 1620 733 1645 vertice
743 1620 832 1645 cristae

165 1659 335 1691 Sanguineae,
346 1660 480 1691 clypeoque
492 1660 621 1684 micantia
624 1660 742 1692 fulmina
751 1661 877 1685 mittunt.

154 1719 221 1755 Qui
236 1719 324 1750 locus
345 1725 450 1750 tamen
476 1721 646 1750 certissime
670 1720 798 1751 vitiosus
821 1727 878 1752 est.

149 1770 310 1809 Rescribe,
324 1771 556 1815 et‘felicissima,
571 1771 605 1801 ni
615 1771 718 1810 fallor,
730 1772 880 1802 emenda-

152 1822 252 1852 tione:

298 1880 431 1913 clypeoque
442 1882 571 1906 micantia
582 1882 696 1907 fulmina
712 1883 821 1907 nicrum.

152 1929 346 1969 Exquisitior
360 1941 419 1960 vox
435 1931 567 1961 librariis
578 1931 689 1962 fucum
701 1933 786 1962 fecit:
806 1943 880 1963 con-

151 1980 233 2010 feras
248 1981 432 2011 Lucretium
446 1992 555 2012 meum
571 1983 610 2012 ad
626 1984 666 2014 vi.
681 1987 750 2014 180.
767 1989 798 2013 et
812 1994 880 2014 om-

151 2043 227 2063 nem
250 2044 317 2063 rem
340 2034 468 2064 tenebis.
514 2035 649 2075 Antiqui
675 2035 792 2066 scilicet
817 2042 882 2066 tam

154 2086 236 2115 nicto
252 2087 379 2123 m‘ctere,
405 2095 501 2125 quam
526 2088 655 2122 nictare,
682 2088 882 2126 usurpabant.

152 2135 264 2174 Porro,
283 2136 351 2176 jam
367 2135 452 2166 vides
467 2142 498 2166 et
512 2137 662 2178 intelligis
677 2139 782 2176 probe,
808 2138 884 2178 quid

155 2185 212 2216 sibi
228 2186 325 2216 velint
339 2186 490 2217 librorum
514 2188 689 2226 varietates,
716 2195 831 2219 nutant
853 2195 884 2219 et

153 2239 266 2274 vicant;
291 2238 368 2268 adeo
383 2244 419 2268 ut
434 2249 522 2279 aeque
536 2239 695 2279 probabile
711 2240 761 2278 sit,
778 2240 803 2270 si
815 2251 881 2270 ma-

156 2287 204 2327 gis
220 2289 363 2327 arrideat,
387 2291 515 2320 verbum
530 2291 738 2331 pervagatiuS,
761 2294 883 2323 nietam

155 2339 279 2369 scilicet.
314 2340 403 2370 Nihil
418 2341 555 2379 profecto
569 2343 671 2372 verius
685 2348 730 2372 est
745 2343 804 2372 hac
818 2353 883 2372 res-

152 2390 310 2421 titutione.
356 2392 573 2432 Virgilianum
592 2394 736 2434 fulmina
767 2395 802 2424 in
825 2396 884 2426 hoc

156 2442 225 2472 loco
242 2442 327 2472 Naso
343 2443 465 2479 stabilit,
479 2454 576 2475 amor.
587 2445 607 2475 i.
619 2449 648 2475 8.
663 2449 712 2476 16.
728 2446 788 2475 nisi
800 2453 885 2476 utro.

155 2494 249 2534 bique
254 2495 389 2535 fulgura
407 2501 437 2525 et
442 2495 590 2534 fulgurat
606 2506 755 2535 reponere
770 2497 883 2528 debea-

158 2557 239 2583 mus,
256 2546 338 2586 quod
354 2556 423 2576 reor
438 2547 593 2587 equidem,
606 2558 704 2588 quum
720 2548 782 2578 sint
795 2559 884 2580 voces

153 2598 268 2638 oppido
283 2599 518 2637 permutabiles:

447 2676 530 2701 oculis
542 2683 649 2708 quoque
660 2677 761 2709 pupula
773 2677 876 2709 duplex

218 2714 356 2744 fulminat,
365 2720 392 2740 et
404 2716 513 2747 gemino
525 2716 617 2741 lumen
629 2717 662 2740 ab
674 2717 737 2741 orbe
748 2718 838 2741 venit:

157 2780 177 2810 i.
201 2791 226 2810 e.
251 2791 270 2810 a
283 2781 410 2820 pupulis
426 2788 457 2812 et
472 2782 597 2812 orbibus
616 2783 779 2823 utriusque
794 2782 884 2812 oculi.

157 2831 307 2862 Demiror
323 2833 508 2864 Heinsium.
535 2834 623 2864 Hinc
638 2834 736 2864 discas
751 2834 887 2864 eundem

160 2881 311 2913 Ovidium
321 2894 486 2923 exponere,
506 2891 578 2916 met.
595 2885 626 2915 ii.
643 2889 715 2916 308.

161 2940 240 2966 Unde
249 2946 341 2969 movet
353 2944 478 2976 tonitrus,
495 2944 657 2976 vibrataque
670 2943 783 2970 fulmina
794 2945 886 2975 ,iactate

922 614 940 643 i.
957 623 982 643 e.
998 624 1028 643 se
1042 613 1208 647 vibrantia,
1225 611 1258 641 in
1275 610 1386 641 mediae
1402 610 1484 641 νοεῖς
1499 616 1649 651 potestate

920 663 1484 695 -tremula—nictantia—fulmina.
1502 664 1649 695 Valerius

923 717 1064 754 Flaccus,
1080 715 1123 746 iii.
1140 719 1211 747 119.
1228 715 1454 755 pereleganter:

1082 781 1231 812 strictoque
1243 781 1297 805 vias
1304 781 1477 813 praefulgurat
1487 790 1556 807 ense:

920 833 973 863 ubi
986 832 1148 868 nonnulla,
1161 842 1286 871 prorsus
1297 831 1410 870 aliena,
1421 832 1554 863 contulit
1567 834 1649 864 Bur-

1111 883 1230 913 Confer
1259 883 1396 913 eundem
1423 883 1587 915 Valerium
1611 885 1652 917 ad

921 935 982 965 viii.
1007 938 1057 966 61.
1083 934 1174 965 Statii
1188 935 1281 964 verba
1295 934 1416 975 liquido
1430 937 1563 974 probant
1577 947 1653 967 eum

924 998 960 1017 ex
976 989 1035 1017 hoc
1051 986 1189 1017 Lucretii
1204 986 1272 1017 loco
1287 987 1466 1026 profecisse:

920 895 1064 914 mannus.

1086 1062 1216 1079 armorum
1226 1056 1520 1088 trammittuntsulgura
1532 1058 1617 1090 sylva:
1628 1067 1635 1084 :

923 1114 1007 1154 quod
1036 1114 1164 1153 pulchre
1188 1114 1329 1144 sublimis
1354 1122 1440 1146 vates
1463 1116 1654 1158 imaginatus

923 1174 976 1197 est.
1023 1167 1228 1205 Claudianus,
1255 1168 1294 1198 de
1317 1174 1385 1198 tert.
1411 1179 1497 1200 cons.
1525 1170 1649 1200 Honor.

923 1228 983 1248 ver.
999 1221 1052 1248 51.
1098 1218 1274 1257 Virgilium
1287 1225 1426 1248 secutus:

1239 1294 1321 1327 galee
1332 1302 1382 1320 nec
1394 1296 1470 1321 triste
1481 1297 1627 1322 timentem

923 1334 1027 1365 Fulgin,
1038 1338 1066 1359 et
1078 1334 1111 1358 ad
1122 1341 1242 1359 summas
1253 1335 1413 1360 tendentem
1425 1336 1533 1361 brachia
1544 1337 1651 1362 cristas:

925 1405 1027 1435 neque
1052 1394 1140 1425 aliter
1155 1395 1240 1425 idern
1255 1395 1294 1426 de
1316 1395 1398 1426 laud.
1430 1396 1497 1427 Stil.
1522 1396 1554 1426 ii.
1582 1399 1654 1428 274.

924 1452 1000 1485 rapt.
1017 1447 1102 1478 ptos,
1118 1447 1149 1477 ii.
1168 1451 1238 1478 147.
1263 1448 1467 1486 Prudentius,
1490 1449 1657 1488 peristeph.

924 1499 964 1528 xi.
983 1503 1052 1529 184.
1098 1500 1222 1530 Redeas
1241 1500 1338 1530 etiam
1361 1501 1400 1531 ad
1426 1500 1521 1531 modo
1542 1501 1656 1532 collata

925 1550 957 1580 in
969 1560 1029 1581 ver.
1050 1554 1116 1581 163.
1144 1551 1274 1591 hujusce
1289 1552 1369 1582 libri.
1415 1552 1573 1592 Denique,
1589 1563 1654 1583 non

922 1602 1040 1632 infimae
1053 1609 1135 1633 notae
1150 1603 1329 1643 conjectura
1349 1603 1516 1633 Sidonium
1531 1604 1654 1644 Apolli-

923 1665 1031 1685 narem
1046 1655 1256 1693 restituemus,
1270 1666 1365 1686 carm.
1380 1655 1420 1686 xi.
1438 1659 1488 1686 85.

1382 1730 1480 1755 collata
1491 1730 1592 1760 rubori,

939 1771 1036 1795 Pallida
1048 1770 1132 1795 blatta
1143 1771 1224 1801 latet,
1242 1772 1417 1802 depressaque
1429 1769 1531 1795 lumine
1542 1770 1647 1801 vultus,

941 1810 1099 1842 Nigrescunt
1111 1810 1203 1834 vincto
1214 1810 1475 1841 baccarumfnlgura
1486 1810 1569 1836 collo.

924 1876 1024 1913 Libri,
1041 1878 1166 1907 vulnera
1172 1891 1183 1911 ,·
1210 1876 1415 1915 ineptissime:
1436 1882 1467 1905 et
1482 1885 1576 1905 nemo
1592 1875 1656 1905 ele-

924 1928 1047 1968 gantior
1062 1938 1097 1958 ac
1112 1927 1265 1958 cordatior
1281 1933 1418 1958 nostram
1430 1926 1657 1956 divinationem

925 1990 989 2009 non
1019 1987 1167 2020 agnoscet
1202 1979 1298 2009 unice
1328 1978 1527 2009 commodam
1557 1979 1657 2017 po’esstae

925 2031 1037 2069 menti,
1060 2037 1092 2060 et
1106 2030 1238 2060 omnino
1253 2030 1473 2069 recipiendam.
1519 2029 1657 2068 Invidia,

926 2093 996 2123 quae
1018 2082 1130 2112 nostris
1155 2082 1234 2112 solet
1258 2082 1422 2120 oblatrare,
1445 2081 1508 2119 hic,
1535 2082 1649 2120 opinor

927 2134 1134 2164 immutescet.
1179 2134 1256 2165 Jam
1275 2144 1361 2172 vero,
1384 2140 1420 2163 ut
1435 2133 1564 2163 lectores
1578 2132 1656 2172 lepi-

926 2186 982 2216 dos
1011 2186 1181 2224 demerear,
1207 2186 1336 2225 Corippi
1359 2196 1464 2215 versus
1487 2184 1658 2214 nonnullos

926 2237 1019 2268 laude
1031 2237 1239 2272 meritissima,
1250 2237 1288 2266 de
1298 2236 1450 2276 exsequiis
1462 2234 1659 2274 imperatoris

926 2289 1101 2322 Justiniani
1117 2289 1313 2324 exornandis,
1337 2287 1565 2318 emendatiores
1585 2296 1657 2325 pro-

927 2343 1038 2381 feram,
1055 2342 1106 2373 lib.
1123 2343 1165 2372 iii.
1182 2352 1243 2372 ver.
1262 2345 1311 2373 19.

958 2437 1049 2460 Triste
1059 2435 1237 2460 ministerium
1249 2436 1331 2459 latam
1344 2434 1465 2458 veniebat
1475 2433 1502 2457 in
1513 2432 1618 2456 aulam:

961 2476 1024 2500 Alba
1036 2476 1207 2507 superpositis
1218 2475 1357 2499 radiabant
1369 2473 1479 2498 stamina
1491 2471 1618 2503 gemmis,

958 2517 1096 2547 Tempore
1107 2522 1172 2546 quas
1183 2515 1268 2546 prisco
1281 2516 1402 2538 Romana
1413 2510 1535 2543 potentia
1547 2510 1634 2541 cepit;

959 2557 1030 2586 Quas
1042 2555 1131 2579 viridis
1142 2557 1251 2584 Nereus,
1263 2561 1327 2585 quas
1338 2552 1450 2585 protulit
1462 2551 1552 2574 Indica
1563 2549 1654 2579 tellus,

959 2597 992 2619 Et
1003 2602 1067 2626 quas
1079 2594 1255 2626 Memphitica
1267 2595 1358 2617 Caesar
1369 2590 1497 2623 perduxit
1511 2589 1544 2612 ab
1555 2587 1632 2617 auliu

961 2636 1032 2666 Quas
1052 2635 1168 2666 supplex
1184 2634 1328 2664 Cleopatra
1343 2631 1429 2660 dedit,
1445 2636 1531 2660 quum
1549 2627 1657 2653 vincula

1053 2674 1144 2698 fratris

962 2715 1117 2745 Frangeret,
1128 2717 1155 2737 et
1166 2716 1246 2743 rupto
1257 2710 1357 2742 pallens
1368 2709 1480 2734 custode
1491 2708 1610 2733 veniret:

963 2754 1004 2776 Ex
1015 2753 1111 2782 quibus
1122 2751 1237 2775 adversis
1248 2750 1394 2774 cernebant
1397 2749 1510 2780 fulgura
1521 2747 1606 2771 mitti.

962 2793 1021 2815 Haec
1032 2791 1137 2820 lumen,
1155 2796 1209 2814 non
1220 2789 1300 2821 ignis,
1309 2792 1381 2813 erat:
1400 2788 1450 2812 lux
1467 2786 1586 2818 undique
1602 2784 1654 2809 ful-

1054 2833 1111 2861 get,

962 2872 1049 2896 Aurea
1061 2868 1198 2900 conspicui
1209 2868 1323 2893 lustrans
1333 2867 1467 2899 laquearia
1475 2866 1552 2891 tecti.

961 2911 1036 2934 Tura
1048 2909 1140 2933 Sabaea
1151 2912 1288 2938 cremant,
1298 2906 1452 2939 fragrantia
1471 2905 1550 2930 mella
1561 2901 1657 2928 locatis

963 2949 1112 2974 infundunt
1123 2948 1230 2979 patr-ris,
1241 2951 1268 2973 et
1281 2947 1364 2972 odoro
1376 2947 1491 2972 balsama
1503 2950 1575 2969 suco.
