1894 3253
615 233 849 282 LIBER
898 231 1210 282 PRIMUS.
1608 238 1672 279 49

308 365 423 408 Nihil
444 366 570 424 igitur
590 366 680 409 fieri
701 367 752 409 de
773 367 902 408 nihilo
922 381 1041 422 posse
1060 364 1274 407 fatendum
1296 371 1389 415 est;.

309 442 475 483 Semine
495 442 662 498 quando
683 458 787 498 opus
808 450 868 484 est
889 442 1025 492 rebus,
1048 456 1131 497 quo
1152 455 1327 497 quaeque
1348 446 1496 482 creatae

306 516 428 557 A'e'ris
448 517 492 557 in
512 525 673 558 teneras
693 525 861 572 possent
881 516 1103 571 proferrier
1123 531 1254 557 auras.

368 591 600 641 Postremo,
623 591 821 646 quoniam
841 590 1005 631 incultis
1025 597 1223 645 praestare
1243 588 1430 631 videmus

192 670 277 705 210
311 665 434 706 Culta
453 665 558 715 loca,
581 672 622 705 et
642 664 832 705 manibus
852 663 1039 705 meliores
1060 662 1233 704 reddere
1251 662 1371 714 fetus,

307 739 408 780 Esse
428 738 616 780 videlicet
636 739 680 779 in
701 739 821 780 terris
842 737 1073 793 primordia
1093 752 1254 787 rerum3

308 813 418 862 Quae
438 829 529 864 nos,
551 813 746 855 fecundas
766 821 976 855 vortentes
996 828 1164 854 vomere
1184 812 1341 869 glebas,

163 970 312 1002 exhibent
329 971 370 1001 G.
384 971 423 1001 V.
440 970 488 1001 ed.
505 971 542 1001 L.
556 971 603 1002 M.
619 978 659 1002 11.
673 975 707 1003 Σ.
721 978 766 1002 Ω..
782 971 898 1007 caeteri,

157 1025 295 1063 possint:
321 1029 352 1052 et
369 1023 405 1053 B.
417 1022 565 1063 preferre.

208 1074 290 1105 Ibid.
305 1082 425 1106 teneras
441 1086 538 1105 auras
552 1077 647 1112 aeris,
672 1080 709 1105 ut
723 1078 796 1106 a‘e'ra
813 1082 899 1107 tene-

161 1136 243 1161 rum,
267 1126 298 1156 ii.
318 1129 389 1156 145.
415 1126 433 1156 i.
451 1136 477 1156 e.
502 1125 640 1163 mollem,
664 1126 758 1157 facile
781 1127 895 1157 ceden-

161 1182 236 1208 tem.
283 1178 436 1208 Nostrum
451 1178 593 1218 sequitur
609 1178 813 1217 Pmdentius,
838 1181 894 1209 ha-

163 1238 253 1263 mart.
272 1236 322 1264 91.

193 1292 289 1316 Libera
297 1298 331 1316 ne
341 1294 453 1315 tenerum
464 1295 588 1323 penetret
599 1292 741 1317 meditatio
752 1291 841 1317 coelum
851 1300 861 1317 .·

161 1346 194 1370 et
208 1341 368 1380 psychom.
388 1343 457 1370 121.
473 1340 606 1379 pulchro
621 1340 704 1371 loco:

327 1407 440 1433 stridens
451 1408 572 1440 sequitur
583 1408 707 1434 convicia
719 1409 807 1441 pinus,

224 1449 272 1472 Per
283 1450 378 1471 teneros
388 1448 503 1480 crispata
514 1452 583 1473 notos
595 1457 603 1473 .-

163 1503 219 1534 ubi
245 1503 326 1533 nihil
349 1503 428 1534 vidit
449 1515 589 1544 nuperus
604 1505 705 1536 editor
722 1506 900 1537 Romanus.

165 1555 259 1586 Prior
274 1555 442 1596 Virgilius,
460 1556 535 1586 AEn.
551 1556 595 1587 ix.
613 1561 685 1588 699.

517 1623 591 1649 volat
603 1623 670 1649 Itala
681 1630 778 1649 cornus

226 1664 296 1687 Αὲνα
307 1670 358 1694 per
368 1666 482 1687 tenerum
491 1672 500 1688 .-

163 1719 219 1750 ubi
236 1730 274 1750 ex
292 1720 442 1758 Heinsio,
458 1720 512 1760 qui
528 1721 661 1751 omnino
677 1720 900 1757 consulendus,

166 1770 307 1801 demetas
323 1771 541 1811 exemplorum
556 1779 706 1812 segetem.
746 1773 904 1811 Avienus,

169 1823 259 1853 Arat.
279 1828 308 1854 9.

613 1881 656 1905 hic
668 1884 737 1905 tener
746 1882 802 1911 ae'r,

231 1920 409 1951 Materiaeque
420 1922 506 1952 gravis
518 1922 664 1946 concretio.

211 1969 286 2000 Ver.
298 1969 481 2010 210.fetus:
503 1971 542 2000 G.
548 1970 631 2011 feti:
647 1977 688 2007 et,
701 1982 758 2011 pro
768 1974 905 2011 reddere,

172 2020 297 2051 volebat
315 2020 466 2051 Gifanius
479 2024 604 2052 reddz'er
612 2037 623 2057 ‚·
650 2033 746 2063 quam
761 2024 903 2054 barbare!

172 2070 325 2102 Inficetus
341 2077 388 2102 est
403 2072 547 2110 omnino,
571 2084 623 2103 me
634 2073 754 2113 judice,
776 2075 831 2116 qui
857 2085 906 2105 re-

171 2129 294 2163 ceptam
309 2123 478 2154 lectionem
494 2125 568 2156 velit
583 2127 765 2165 extrudere3
788 2127 814 2157 si
836 2128 907 2169 quis

169 2182 279 2207 tamen
291 2178 350 2207 hoc
361 2179 472 2207 morbo
483 2183 631 2215 tentetur,
644 2179 673 2209 ei
685 2181 907 2211 commendem

170 2229 393 2260 Bentleianam
410 2229 651 2262 divinationem:

368 2293 395 2315 et
407 2291 530 2316 manibus
541 2292 664 2317 meliores
675 2292 745 2317 edere
756 2293 841 2319 fetus:

172 2343 209 2367 ut
224 2337 290 2376 ipse
306 2338 484 2376 Lucretius,
501 2340 532 2371 ii.
553 2344 626 2372 617.

207 2396 304 2421 Vivam
314 2398 455 2429 progeniem
467 2399 513 2430 qui
523 2400 550 2424 in
562 2407 620 2425 oras
630 2401 739 2426 luminis
749 2401 838 2427 edant.-

177 2456 252 2477 cum
268 2447 415 2485 Marone,
431 2459 502 2488 geo.
519 2450 558 2481 iv.
577 2454 650 2483 199.

464 2509 588 2540 autsetus
599 2511 707 2536 nixibus
719 2511 807 2536 edunt.

175 2553 238 2584 Sed
252 2564 366 2585 manus
375 2561 449 2585 sunt
460 2566 478 2585 a
489 2557 654 2588 sanissimo
669 2559 738 2589 loco
751 2560 909 2591 abstinen-

175 2606 388 2645 dae.—Porro,
420 2608 571 2639 locutioni
603 2613 744 2642 manibus
774 2616 910 2652 reddere,

173 2658 468 2690 convenientissime
490 2661 705 2692 committetur
736 2664 907 2695 Mantuani

174 2712 252 2742 vatis
267 2714 516 2753 germanissima,
542 2716 621 2746 AEn.
632 2716 672 2746 ix.
689 2720 760 2747 704.

309 2779 397 2804 neque
410 2774 482 2799 enim
489 2774 576 2807 jaculo
588 2775 674 2800 vitam
685 2775 729 2801 ille
740 2776 853 2802 dedisset.

216 2819 292 2852 Ver.
310 2825 380 2852 211.
405 2825 438 2853 z'n
465 2826 573 2856 terris:
603 2824 693 2865 ponit
715 2831 784 2864 post
805 2837 908 2859 rerum

179 2874 304 2904 11.--z'n
321 2876 442 2911 teneris,
461 2875 501 2906 Β.

989 969 1071 1001 Ibid.
1106 980 1167 1001 esse
1196 971 1343 1000 videlicet.

944 1026 966 1041 “
982 1022 1100 1053 Videre
1115 1022 1188 1052 licet
1214 1022 1310 1052 esse.‘’

943 1075 982 1105 iv.
999 1079 1028 1105 8.
1046 1078 1097 1105 16.

1394 968 1534 1000 Plenum
1563 969 1678 1008 fuerat,

1356 1021 1537 1061 Terentius,
1555 1023 1676 1055 Heaut.

1203 1133 1230 1157 id
1239 1133 1337 1158 amicae
1350 1134 1467 1158 dabitur.
1481 1134 1532 1159 Ch.
1546 1135 1641 1160 Scilicet

975 1176 1106 1197 Daturum
1117 1180 1125 1196 .·

940 1222 960 1252 i.
977 1232 1003 1252 e.
1027 1221 1104 1251 scire
1120 1221 1207 1260 licet,
1234 1227 1270 1251 ut
1286 1227 1392 1252 noster
1408 1222 1439 1252 ii.
1457 1226 1529 1253 468.
1561 1223 1680 1255 Videas

940 1273 984 1303 ibi
1001 1273 1267 1304 VVesterhovium.

942 1325 1031 1361 Quid
1046 1325 1172 1357 autem?
1197 1326 1219 1358 J
1222 1332 1291 1357 acet
1303 1326 1338 1357 in
1354 1327 1530 1367 corruptela
1542 1328 1682 1360 Lucretii

945 1377 1129 1416 versiculus,
1153 1388 1255 1419 neque
1275 1378 1314 1409 de
1338 1378 1439 1409 nihilo
1454 1385 1503 1409 est
1520 1393 1553 1410 το
1568 1383 1682 1412 teneris

946 1428 1123 1459 Bodleiano
1138 1429 1246 1460 codiee
1261 1430 1411 1461 exhiberi.
1460 1431 1518 1461 Me
1533 1442 1683 1471 sponsore

946 1481 1132 1520 rescriptum
1148 1480 1258 1512 velim:

1009 1543 1069 1567 Esse
1080 1542 1206 1568 videlicet
1215 1543 1242 1567 in
1254 1543 1360 1568 tenebris
1371 1544 1519 1576 primordia
1530 1552 1632 1571 rerum.

949 1590 1038 1621 Hinc
1054 1597 1110 1630 est,
1128 1592 1215 1632 quod
1230 1592 1337 1623 statim
1352 1593 1435 1624 dicat
1457 1596 1559 1635 po'e'ta,
1586 1599 1685 1629 cimus

948 1645 989 1673 ad
1005 1650 1088 1675 ortus
1097 1658 1108 1679 ;
1135 1644 1198 1674 diei
1215 1656 1330 1685 nempe
1346 1652 1378 1676 et
1392 1647 1483 1686 lucis,
1506 1659 1524 1678 e
1548 1650 1684 1691 caligine

947 1696 1107 1735 profunda
1121 1696 1191 1728 soli.
1237 1698 1341 1734 Maro,
1360 1699 1436 1729 AEn.
1454 1700 1493 1730 vi.
1511 1704 1583 1732 267.

1114 1764 1154 1781 res
1165 1757 1220 1781 αΙῐᾶ
1231 1758 1300 1782 terni
1314 1761 1341 1782 et
1353 1758 1458 1790 caligine
1469 1767 1578 1785 mersaS.

951 1804 1074 1834 Redeas
1089 1804 1129 1834 ad
1146 1815 1205 1835 ver.
1224 1809 1294 1836 180.
1319 1807 1375 1837 ubi
1392 1807 1430 1837 de
1445 1809 1614 1850 terraefetu
1638 1810 1684 1841 lo.

950 1855 1058 1895 quitur
1087 1856 1222 1896 gemella
1253 1858 1370 1896 phrasi,
1399 1859 1432 1888 in
1460 1870 1528 1890 oras
1552 1862 1682 1893 luminis

950 1907 1104 1938 veniente.
1145 1908 1298 1939 Conferas
1331 1909 1495 1942 Claudian.
1526 1911 1560 1941 in
1590 1912 1684 1944 Proh.

952 1963 983 1987 et
1000 1957 1091 1997 Olyb.
1108 1968 1192 1989 cons.
1210 1962 1259 1989 45.
1276 1969 1351 1989 cum
1374 1960 1487 1991 Horat.
1503 1961 1553 1992 od.
1569 1962 1601 1992 ii.
1614 1967 1641 1993 2.
1655 1968 1683 1994 2.

955 2009 1066 2039 Statim
1082 2010 1222 2050 sequitur
1241 2013 1350 2050 terrdi,
1374 2012 1481 2043 minus
1495 2020 1635 2052 venuste,
1659 2016 1685 2046 si

951 2065 1052 2090 stetur
1068 2067 1200 2101 receptae
1215 2061 1351 2093 lectioni.

995 2113 1070 2143 Ver.
1088 2117 1161 2144 212.
1185 2120 1333 2146 vortentes
1348 2127 1462 2147 vomere
1475 2118 1586 2156 glebas.
1611 2118 1684 2148 Ma-

951 2175 997 2202 ro,
1013 2176 1081 2206 geo.
1098 2165 1142 2197 iii.
1158 2169 1231 2197 525.

1273 2232 1338 2264 quid
1349 2240 1454 2257 vomere
1464 2236 1547 2258 terras

1019 2270 1160 2295 Invertisse
1170 2271 1274 2302 gravis?

956 2318 1021 2349 Ubi
1051 2319 1161 2360 quovis
1184 2320 1317 2360 pignore
1340 2322 1555 2352 contenderim
1580 2333 1687 2355 veram

953 2371 1141 2410 scripturam
1162 2382 1181 2401 a
1197 2372 1326 2413 Virgilii
1348 2384 1447 2404 manu
1462 2373 1558 2404 fuisse
1571 2376 1687 2414 glebas,

954 2423 1048 2463 longe
1063 2423 1221 2464 longeque
1235 2425 1464 2464 pulchriorem;
1489 2432 1519 2456 et
1534 2433 1632 2458 terras
1647 2437 1686 2457 ex

955 2475 1210 2513 interpretatione
1225 2477 1392 2517 marginali
1408 2487 1440 2507 se
1455 2477 1488 2506 in
1504 2483 1687 2508 contextum

954 2526 1136 2557 insinuasse.
1183 2528 1266 2558 Vide
1288 2528 1384 2558 modo
1408 2528 1688 2560 inconcinnitatem

954 2579 1160 2619 repetitionis,
1185 2591 1204 2610 a
1230 2581 1395 2611 castissimi
1419 2581 1518 2619 po'e'tae
1543 2581 1688 2620 po'e'mate

955 2630 1153 2661 limatissimo
1168 2632 1307 2661 maxime
1323 2631 1475 2662 alienam2

986 2698 1028 2722 Ad
1037 2702 1185 2729 terramque
1195 2699 1255 2723 fluit
1267 2699 1374 2723 devexo
1386 2701 1506 2731 pondere
1516 2700 1622 2725 cervix.

987 2738 1057 2769 Quies
1068 2738 1142 2762 1.,bor
1152 2742 1199 2762 aut
1211 2738 1352 2764 benefacta
1360 2740 1473 2771 juvant?
1493 2741 1564 2772 Quid
1575 2747 1688 2767 vomere

1078 2777 1205 2801 ,νῶναι-ἓ

999 2826 1073 2856 Ver.
1101 2829 1172 2856 215.
1207 2828 1389 2867 subigentes:
1415 2830 1454 2860 B.
1483 2831 1685 2869 subz'ngentes.

951 2880 1109 2911 —cz'vmuae
1134 2878 1171 2909 L.
1191 2879 1239 2911 M.
1262 2882 1392 2918 scimus,·
1417 2893 1440 2919 s,
1458 2888 1494 2913 ut
1508 2881 1692 2921 saepissime,
