1894 3253
198 269 262 308 28

708 261 769 309 T.
811 259 1191 337 LUCRETH

341 391 490 434 Exitus
510 400 556 433 ut
576 391 688 432 classi
709 390 806 432 felix
825 390 1059 447 faustusque
1079 391 1258 433 daretur.

341 466 526 508 Tantum
545 464 708 522 Religio
726 466 862 520 potuit
883 465 1052 506 suadere
1071 465 1292 508 malorum!

401 539 598 580 Tutemet
617 554 642 580 a
662 539 781 580 nobis
794 540 883 594 jam
904 540 1047 596 quovis
1066 548 1268 595 tempore,
1290 548 1430 582 vatum

344 613 598 669 Terriloquis
618 613 748 655 victus
769 613 904 663 dictis,
928 614 1150 655 desciscere
1171 629 1340 669 quaeres.

234 693 310 730 105
343 687 511 743 Quippe
532 696 572 728 et
592 688 703 728 enim
724 703 847 743 quam
868 688 996 729 multa
1016 688 1090 729 tibi
1106 688 1194 743 jam
1215 687 1372 745 fingere
1391 704 1557 744 possum

345 762 531 812 Somnia,
554 776 647 817 quae
667 762 762 802 vitae
783 761 960 802 rationes
981 769 1142 802 vortere
1161 762 1333 817 possint,

343 836 630 892 Fortunasque
650 844 740 877 tuas
761 835 918 877 omneis
939 834 1105 877 turbare
1124 835 1284 876 timore.

232 978 340 1001 Tantum
351 975 406 1001 aevi
417 975 561 1007 longinqua
573 974 645 1000 valet
655 977 762 999 mutare
772 977 890 1000 vetustas
901 975 906 999 !

200 1036 322 1067 Auctor
340 1035 430 1071 Ciris,
446 1045 507 1065 ver.
523 1036 595 1065 445.

423 1104 524 1126 tantum
535 1101 618 1126 solam
627 1101 722 1126 vidisse
732 1101 864 1125 malorum.

240 1161 316 1191 Ver.
336 1163 405 1191 105.
431 1160 603 1190 Obscurior
627 1159 724 1194 locus,
752 1164 783 1188 et
808 1158 841 1187 in
867 1167 930 1198 quo

199 1211 251 1240 vix
279 1209 520 1250 deprehenderis
545 1209 637 1239 filum
666 1209 810 1239 subtilius
836 1219 929 1249 argu-

200 1262 308 1293 menti.
355 1262 520 1297 Quantum
542 1261 687 1301 equidem
701 1260 821 1290 valeam
836 1260 931 1299 dispi-

201 1323 282 1351 cere,
319 1313 364 1342 ita
393 1312 598 1352 concipienda
627 1318 674 1341 est
701 1312 801 1350 po'etae
828 1322 928 1341 mens:

202 1368 226 1383 “
242 1364 350 1395 Etiam
365 1369 401 1394 tu
412 1364 489 1402 ipse,
502 1362 643 1393 moribus
654 1368 792 1397 ornatus,
804 1361 933 1402 ingenio

201 1418 226 1434 “
241 1415 373 1454 pollens,
395 1420 425 1444 et
441 1414 584 1445 excultus
604 1414 742 1444 scientiae
753 1412 934 1452 disciplinis,

203 1470 225 1485 “
242 1465 283 1496 ad
296 1476 425 1497 omnem
447 1465 505 1495 viae
530 1464 647 1495 flexum
671 1465 830 1495 conaberis
854 1463 932 1494 effu-

204 1521 228 1537 “
243 1529 316 1559 gere
333 1517 469 1548 veritatis
484 1517 559 1556 vim,
583 1517 752 1547 larvalibus
773 1517 932 1557 religioso-

203 1573 226 1589 “
241 1581 314 1601 rum
329 1570 442 1600 fabulis
459 1570 596 1600 devictus
602 1582 611 1607 ;
636 1580 710 1600 nam
726 1570 834 1600 multae
849 1577 933 1609 sunt,

202 1625 227 1641 “
244 1628 276 1652 et
289 1622 360 1652 vitae
376 1622 512 1652 rationes
527 1622 685 1652 universas
700 1623 738 1652 ab
754 1622 818 1652 imo
833 1622 933 1652 fundo

203 1677 227 1692 “
243 1675 369 1703 turbare
385 1673 535 1712 efficaces,
552 1674 630 1704 adeo
641 1679 677 1703 ut
690 1674 770 1703 bene
784 1674 934 1713 beateque

204 1727 226 1742 “
241 1724 343 1754 vivere
358 1724 447 1754 nullo
462 1724 557 1754 modo
572 1724 674 1754 liceat.
700 1723 786 1759 Quid
798 1723 934 1754 mirum?

205 1778 229 1793 “
244 1785 344 1815 quum
359 1775 393 1804 in
410 1774 597 1805 crassissima
607 1774 742 1814 caligine
754 1774 940 1814 ignorantiae

205 1829 228 1844 ‘⁶
243 1832 404 1856 versentur
420 1825 577 1863 homines,
599 1835 617 1855 a
632 1835 711 1855 verae
735 1825 940 1865 philosophiae

205 1879 227 1894 ‘⁶
242 1875 313 1906 luce
342 1876 524 1916 longissime
549 1876 663 1906 dissiti:
697 1887 793 1917 quam
822 1877 856 1907 in
886 1887 939 1907 me

208 1930 229 1945 ⁸‘
246 1927 415 1966 suscipiam
444 1927 627 1966 depromere
649 1934 679 1957 et
704 1928 889 1964 diffundere,
912 1929 938 1958 si

208 1980 231 1996 “
247 1977 343 2008 modo
358 1977 519 2016 praeceptis
533 1977 611 2007 meis
637 1988 745 2007 aurem
769 1978 844 2008 velis
858 1979 937 2017 pati·

207 2032 230 2047 ‘⁶
247 2033 353 2058 entem
367 2027 578 2058 commodare:
605 2027 649 2066 id,
665 2028 750 2068 quod
764 2034 794 2058 te
803 2029 940 2059 maxime

209 2084 231 2099 “
247 2079 400 2111 decebit.”

253 2131 337 2162 Ibid.
361 2132 482 2171 quovis:
510 2130 550 2160 G.
579 2131 724 2170 quodvis;
751 2131 792 2161 V.
818 2130 865 2162 ed.
893 2137 938 2162 Ω.

208 2184 348 2225 quoquz‘s.

251 2234 327 2264 Ver.
347 2237 416 2264 104.
439 2236 620 2265 desciscere.-
647 2237 682 2264 Δ.
698 2235 847 2265 desistere.

254 2285 336 2316 Ibid.
364 2287 553 2325 Terriloquz's
567 2288 660 2316 (lictis
670 2292 781 2316 vatum.
816 2286 939 2316 Locum

210 2337 315 2376 ipsum
330 2336 509 2376 perstrinxit
534 2335 700 2376 Virgilius,
724 2337 868 2368 extimuit
892 2338 938 2368 lo-

211 2389 383 2426 cutionem,
399 2387 438 2418 ad
455 2388 530 2418 AEn.
545 2398 573 2417 v.
589 2391 660 2419 524.

273 2458 388 2488 Seraque
398 2455 501 2487 terrifici
512 2455 668 2480 cecinerunt
680 2457 770 2481 omina
782 2460 868 2482 vates.

211 2510 314 2546 Vetus
325 2514 524 2556 glossarium:
541 2517 564 2533 “
581 2516 687 2552 Terra,
700 2528 792 2554 σγα-σω,
804 2515 941 2559 πτυρω.·”

212 2573 256 2605 et,
291 2571 313 2586 ‘⁶
345 2569 556 2607 Terricrepus,
586 2567 796 2609 βαξυὲρσμας.”
851 2568 940 2599 Hinc

213 2618 284 2648 fluit
293 2619 510 2660 perterrefacio
526 2618 677 2656 Terentii,
697 2618 782 2650 And.
795 2619 815 2649 i.
828 2623 852 2649 l.
869 2623 939 2651 14⁶2.

214 2674 252 2699 ut
274 2671 427 2710 terrzjficus
451 2670 605 2708 Maronis,
629 2680 702 2700 cum
718 2673 940 2712 perterricrepo

214 2719 326 2757 nostri,
356 2720 395 2749 vi.
429 2724 500 2751 128.
559 2721 762 2760 Claudianus,
793 2722 832 2753 de
861 2723 943 2754 laud.

215 2769 283 2800 Stil.
298 2769 318 2799 i.
336 2772 409 2801 109.

413 2836 548 2862 terrisonus
557 2839 655 2864 stridor
665 2841 796 2866 venientis
807 2841 897 2867 Alani:

217 2903 294 2924 nam
311 2893 447 2924 Heinsio
462 2895 648 2935 conjectanti
651 2898 827 2938 ferrz'sonus
842 2899 947 2940 ecquis

221 2945 446 2985 obtemperabit
476 2946 613 2979 sobrius?
658 2949 752 2980 Adde
780 2950 946 2982 Sidonium

971 974 1201 1014 Apollinarem,
1211 985 1237 1004 ν.
1251 978 1322 1005 414.
1333 975 1373 1005 ad
1385 974 1593 1006 imitationem
1605 975 1700 1006 Clau-

972 1026 1056 1057 djani
1072 1027 1363 1066 propensissimum:

1003 1086 1039 1109 At
1050 1084 1115 1108 tuba
1125 1083 1244 1108 terrisono
1255 1084 1367 1115 strepuit
1379 1091 1461 1115 grave
1473 1091 1552 1109 rauca
1565 1084 1687 1116 fragore3

1003 1125 1148 1155 Responsat
1161 1124 1263 1148 clamor
1275 1123 1356 1153 lituis,
1371 1124 1508 1155 virtusque
1521 1128 1644 1156 repente,

1005 1165 1110 1195 Ignavis
1122 1164 1163 1189 vel
1173 1168 1260 1196 parta,
1272 1163 1346 1188 furit.

977 1213 1027 1243 Ita
1041 1213 1229 1253 legendum3
1247 1224 1310 1243 non
1321 1225 1420 1252 parva
1430 1228 1440 1244 .·
1459 1213 1540 1244 utin
1554 1213 1705 1252 AEneffle,

976 1264 1013 1295 vi.
1032 1267 1081 1296 89.

1202 1325 1273 1349 Alius
1286 1325 1355 1349 Latio
1364 1325 1420 1356 jam
1429 1327 1520 1357 partus
1530 1325 1656 1355 AchilleS,

1039 1365 1120 1387 Natus
1132 1368 1159 1388 et
1172 1365 1226 1395 ipse
1237 1364 1297 1389 dea.

1023 1412 1096 1443 Ver.
1126 1416 1195 1444 105.
1233 1412 1399 1443 Bentleius
1428 1412 1463 1442 in
1491 1411 1635 1452 margine
1664 1411 1708 1443 sic

979 1464 1187 1494 constituebat
1201 1474 1340 1494 versum:

992 1522 1099 1554 Quippe
1108 1523 1208 1548 etenim
1221 1523 1263 1555 qui
1275 1523 1362 1547 muita
1373 1522 1423 1547 tibi
1431 1522 1567 1554 cmfingere
1575 1525 1679 1554 ponunt
1687 1530 1697 1548 .·

977 1572 1142 1602 temeraria
1159 1572 1287 1613 quidem
1312 1582 1411 1602 manu
1434 1560 1521 1607 usuS,
1537 1581 1640 1612 neque
1654 1579 1712 1610 pro

976 1623 1168 1653 solertissimi
1183 1624 1309 1654 artificis
1325 1623 1472 1653 acumine
1487 1632 1522 1652 ac
1536 1621 1712 1661 prudentia.

979 1674 1146 1715 Virgilius,
1163 1685 1230 1715 ge0.
1247 1675 1266 1705 i.
1287 1678 1356 1706 176.

1013 1735 1118 1758 Possum
1129 1732 1209 1757 multa
1222 1733 1266 1757 tibi
1277 1737 1401 1758 veterum
1412 1734 1550 1764 praecepta
1561 1731 1669 1757 referre.

1027 1781 1109 1811 Ibid.
1133 1783 1190 1812 tihi
1200 1783 1325 1822 fingere
1349 1784 1483 1812 Somnia.
1527 1781 1634 1820 Maro,
1656 1779 1712 1811 ecl.

983 1833 1045 1864 viii.
1064 1837 1134 1864 108.

1013 1891 1170 1917 Credimus?
1189 1899 1234 1922 an,
1251 1892 1298 1924 qui
1308 1895 1412 1923 amant,
1425 1892 1474 1924 ipsi
1490 1891 1537 1917 sibi
1552 1891 1648 1917 somnia
1657 1890 1714 1923 fin-

1103 1932 1188 1963 gunt?

984 1979 1048 2009 Pro
1062 1986 1091 2010 et
1105 1982 1200 2018 enim,
1226 1980 1264 2010 V.
1281 1981 1329 2010 ed.
1351 1986 1509 2011 aetermmz.

1027 2029 1100 2059 Ver.
1128 2033 1196 2061 106.
1219 2038 1343 2061 vortere.
1389 2030 1440 2060 Ita
1463 2040 1586 2070 semper
1607 2030 1714 2060 scribi-

984 2091 1065 2116 muS‚
1081 2091 1122 2110 ne
1137 2081 1222 2111 color
1247 2082 1300 2111 ille
1327 2095 1519 2124 αρχαιοπινης
1546 2081 1714 2122 rubiginis,

983 2141 1058 2171 qu0,
1080 2132 1189 2170 procul
1204 2131 1310 2168 dubio,
1336 2131 1553 2162 venerandum
1567 2133 1626 2162 hoc
1640 2132 1714 2171 po'e'-

983 2193 1036 2212 ma
1052 2183 1199 2222 primitus
1213 2183 1330 2224 ubique
1352 2183 1546 2220 enitesceret,
1565 2182 1715 2212 Lucretio

983 2239 1090 2264 nostro
1119 2234 1216 2263 nimis
1237 2233 1426 2264 deflorescat.
1481 2232 1626 2274 Vestigia
1653 2234 1714 2263 hu-

979 2285 1070 2325 jusce
1085 2285 1316 2326 orthographiae
1331 2284 1447 2324 passim
1461 2290 1591 2314 manent
1606 2284 1714 2314 hodie-

983 2347 1056 2377 que,
1066 2336 1115 2366 vel
1126 2336 1267 2376 ipsorum
1277 2336 1503 2375 exscriptorum
1514 2342 1640 2375 stupore
1649 2345 1715 2366 non

983 2389 1135 2426 obstante,
1146 2388 1180 2418 in
1190 2388 1378 2418 dictionibus
1387 2394 1487 2419 vortex
1499 2392 1531 2417 et
1540 2388 1716 2418 devortium.

1027 2440 1103 2470 Ver.
1130 2442 1199 2471 107.
1227 2441 1351 2470 turbare
1375 2441 1492 2470 timore.
1543 2438 1594 2469 Sic
1619 2438 1715 2469 etiam

987 2492 1198 2530 Mantuanus,
1215 2492 1291 2522 AEn.
1306 2491 1346 2521 xi.
1363 2495 1436 2522 401.

1366 2550 1477 2575 Proinde
1486 2549 1577 2575 omnia
1583 2555 1684 2581 magno

1048 2593 1087 2616 Ne
1098 2598 1168 2616 cessa
1178 2591 1279 2615 turbare
1290 2594 1366 2615 metu.

1030 2639 1103 2669 Ver.
1123 2643 1192 2670 108.
1215 2651 1289 2670 nam
1312 2641 1356 2670 si:
1384 2638 1423 2669 V.
1449 2637 1497 2668 ed.
1523 2643 1567 2668 Ω.
1578 2636 1652 2676 jam
1667 2638 1711 2668 si.-

988 2698 1019 2722 et
1032 2702 1089 2731 pro
1104 2699 1227 2729 certam,
1244 2693 1282 2723 P.
1300 2692 1341 2723 V.
1358 2691 1405 2721 ed.
1421 2691 1459 2721 B.
1474 2695 1599 2720 certum.

1033 2742 1105 2774 Ver.
1124 2747 1193 2774 111.
1216 2744 1370 2775 restandi:
1394 2741 1414 2771 i.
1430 2751 1456 2771 e.
1471 2739 1643 2771 resistendi.
1668 2739 1714 2771 0-

988 2794 1103 2833 vidius,
1118 2793 1186 2825 fast.
1201 2794 1232 2825 ii.
1250 2797 1320 2826 749.

1306 2860 1468 2891 melioribus,
1478 2860 1575 2892 Ardea,
1585 2862 1675 2889 restas,

1082 2903 1214 2935 Improba.

991 2952 1085 2983 Silius
1101 2951 1241 2987 Italicus,
1256 2949 1297 2981 vi.
1318 2952 1363 2982 15.
