1894 3253
170 267 262 306 124

695 253 754 303 T.
805 248 1185 301 LUCRETII

311 389 439 439 Quod
458 388 553 429 facit
573 385 674 426 hicc’
695 385 821 435 idem,
843 384 1092 439 perdelirum
1113 399 1198 425 esse
1217 383 1390 425 videtur.

311 463 420 504 Nam
441 469 585 502 contra
606 474 744 500 sensus
765 458 817 499 ab
837 457 1019 498 sensibus
1040 458 1127 512 ipse
1146 465 1364 514 repugnat,

195 542 276 579 695
311 537 365 577 Et
384 533 598 576 labefactat
618 548 702 583 eos,
728 532 837 574 unde
858 533 999 572 onmia
1019 532 1175 573 credita
1194 531 1396 587 pendent;

313 609 438 651 Unde
458 608 525 648 hic
546 607 736 664 cognitus
757 614 816 647 est
836 606 928 661 ipsi,
951 621 1073 662 quem
1094 607 1281 647 nominat
1300 607 1451 663 ignem.

312 683 456 725 Credit
477 683 587 723 enim
609 697 748 723 sensus
776 682 914 738 ignem
937 696 1184 738 cognoscere
1204 695 1315 730 vere;

312 758 475 799 Caetera
495 771 580 798 non
602 757 748 807 credit,
775 771 868 811 quae
889 755 1018 796 nihilo
1039 756 1147 797 clara
1165 755 1301 796 minus
1322 762 1431 795 sunt:

311 831 439 881 Quod
459 830 560 871 mihi
581 846 707 886 quom
730 845 897 879 vanum,
921 838 1009 870 tum
1030 829 1219 878 delirum,
1242 844 1326 870 esse
1345 827 1518 869 videtur.

196 910 278 948 700
310 906 409 955 Quo
430 904 649 946 referemus
671 903 804 945 enim?
838 903 937 958 quid
958 903 1077 943 nobis
1098 903 1246 943 certius
1267 903 1363 956 ipsis

313 979 506 1022 Sensibus
528 994 612 1019 esse
642 977 800 1033 potest?
834 976 903 1032 qui
925 992 1034 1026 vera,
1058 991 1105 1016 ac
1125 976 1237 1025 falsa,
1260 975 1472 1016 notemus?

369 1055 591 1104 Praeterea,
615 1053 695 1109 quei
719 1069 763 1094 re
783 1053 999 1109 quisquam
1021 1052 1152 1108 magis
1173 1051 1314 1092 onmia
1334 1049 1462 1099 tollat,

209 1212 282 1243 Ver.
306 1216 377 1243 699.
403 1213 495 1241 mihi:
532 1212 568 1241 B.
599 1213 816 1251 niul—quom,
847 1210 896 1241 vel

164 1278 252 1298 cum:
280 1268 318 1297 B.
338 1272 374 1296 Δ.
391 1272 467 1296 tum.

208 1318 290 1349 Ibid.
320 1329 450 1349 vanum.-

165 1370 214 1401 uti
228 1380 315 1407 mox,
332 1380 393 1399 ver.
414 1371 507 1399 1067.
533 1380 630 1399 vanus
644 1381 739 1406 error,
762 1368 815 1408 qui
836 1367 894 1397 fal-

164 1422 289 1452 sitatem
320 1421 408 1459 parit,
456 1419 590 1457 Gellius,
621 1420 703 1450 xviii.
728 1424 756 1449 4.
790 1423 811 1438 “
830 1419 896 1448 Nos

165 1478 188 1493 “
204 1480 311 1504 autem
335 1478 440 1511 postea
462 1483 499 1501 ex
518 1471 693 1511 Apollinari
717 1472 895 1507 didicimus,

166 1529 188 1544 ‘³
204 1536 295 1556 vanos
310 1523 432 1563 proprie
452 1523 605 1559 dici,—ut
620 1529 760 1553 veterum
783 1522 895 1552 doctis-

489 1317 507 1347 i.
535 1327 560 1347 e.
590 1317 716 1353 falsum,
743 1317 894 1353 mendax;

166 1581 188 1596 “
205 1577 276 1607 simi
292 1576 450 1612 dixissent,
477 1577 647 1613 mendaces,
674 1581 704 1605 et
721 1574 843 1610 infidos,
867 1580 897 1604 et

165 1633 187 1647 “
203 1628 283 1658 levia
298 1627 466 1666 inaniaque
480 1637 536 1665 pro
551 1627 698 1665 gravibus
713 1632 743 1655 et
758 1626 837 1655 veris
849 1635 895 1654 as-

165 1684 187 1698 “
203 1679 359 1709 tutissime
387 1677 640 1717 componenteS.''
688 1678 897 1714 Mantuanus,

165 1732 241 1762 AEn.
257 1730 289 1760 ii.
307 1734 356 1761 80.

361 1798 425 1826 Nec,
437 1796 457 1820 si
468 1796 596 1821 miserum
608 1797 726 1820 Fortuna
739 1796 863 1820 Sinonem

162 1838 266 1867 Finxit,
274 1844 379 1862 vanum
388 1838 470 1862 etiam
478 1837 676 1867 mendacemque
682 1837 793 1868 inproba
800 1835 893 1867 finget.

167 1909 189 1923 “
206 1904 348 1941 Vanum,
376 1903 525 1944 fallacem
536 1903 570 1934 :''
611 1903 743 1933 Servius.
813 1902 896 1932 Item

165 1956 343 1992 Terentius,
361 1955 445 1985 Eun.
461 1955 480 1985 i.
498 1960 527 1985 52.
545 1959 594 1985 24.

196 2022 239 2046 S'm
248 2022 361 2053 falsum,
381 2025 428 2045 aut
447 2029 562 2050 vanum,
584 2025 631 2045 aut
647 2020 741 2052 fictum
761 2023 812 2049 est,
832 2026 895 2044 con-

350 2060 428 2083 tinuo
439 2060 528 2090 palam
541 2062 596 2083 est:

164 2122 220 2152 ubi
237 2121 402 2150 Donatum
421 2119 571 2159 perlegam,
593 2119 758 2156 morosius,
775 2128 832 2148 nec
847 2118 895 2147 in-

164 2173 325 2203 fructuose
355 2177 470 2206 tumen,
502 2170 638 2199 rationes
663 2168 807 2199 dictionis
833 2168 896 2198 exi-

163 2230 300 2265 gentem.
349 2223 491 2260 Orosius,
515 2222 586 2251 hist.
603 2222 641 2251 iv,
661 2225 685 2251 1.
712 2225 732 2238 “
748 2220 895 2259 Delphici

165 2280 187 2294 “
206 2275 290 2305 illius
304 2276 464 2305 vanissimi
487 2272 624 2312 spiritus,
651 2278 681 2302 et
695 2273 894 2302 mendacissi-

164 2331 186 2346 “
203 2330 248 2358 mi
277 2325 472 2356 nebulonis.''
520 2324 617 2365 Apud
646 2324 788 2361 Livium,
819 2323 894 2353 xxii.

165 2383 215 2410 25.
238 2381 413 2411 vanioribus
428 2380 525 2408 literis
548 2382 631 2412 sunt,
657 2375 819 2406 ambitiose
845 2375 895 2404 fu-

164 2433 250 2467 catis,
274 2441 331 2461 nec
346 2430 505 2470 praecisani
522 2429 683 2459 veritatem
706 2427 894 2466 scrupulosi-

165 2496 202 2514 us
232 2483 474 2515 observantibus.
523 2484 629 2523 Atque
658 2482 702 2511 ita
728 2481 792 2511 fere
814 2490 894 2510 sem-

165 2546 228 2574 per.
614 2537 618 2540 '

211 2588 286 2617 Ver.
306 2590 377 2619 700.
401 2590 494 2628 quid:
523 2587 559 2617 P.
576 2587 616 2617 V.
633 2586 680 2616 ed.
696 2588 785 2626 quod.

211 2639 287 2669 Ver.
315 2643 385 2671 701.
413 2639 484 2680 qui.-
515 2640 533 2670 i.
551 2651 575 2669 e.
601 2649 663 2679 quo
690 2637 803 2674 modo3
826 2636 896 2666 vide

167 2690 317 2720 Priscian.
342 2691 392 2720 lib.
414 2702 460 2721 xv.
485 2702 512 2730 p.
532 2694 622 2721 1011.
638 2693 688 2720 54.
726 2689 776 2719 Sic
791 2694 897 2718 autem

166 2741 277 2782 legunt
302 2741 338 2771 P.
357 2742 450 2772 Vind.
468 2743 509 2772 V.
526 2742 572 2772 ed.
597 2742 633 2772 L.
658 2742 705 2771 M.
734 2740 772 2771 O.
801 2745 834 2770 Δ.
863 2744 896 2770 Σ.

171 2799 215 2823 Ω.
239 2791 362 2831 reliqui,
379 2804 445 2830 quo.
492 2794 612 2823 Parum
634 2794 772 2823 interest.
819 2791 898 2821 Mox

168 2845 209 2873 V.
227 2843 272 2874 ed.
294 2845 417 2879 tollenti,-
442 2851 472 2874 et
488 2855 547 2875 ver.
565 2849 635 2876 703.
659 2846 746 2875 velut.

212 2895 284 2924 Ver.
314 2896 383 2925 702.
410 2894 483 2923 Hoc
506 2894 579 2924 dicit
608 2896 713 2934 po‘e'ta:
749 2899 770 2913 “
787 2895 898 2930 Quum

169 2951 190 2966 ‘⁴
207 2946 389 2978 Heraclitus
402 2946 445 2977 ita
467 2957 504 2977 ex
522 2947 647 2978 arbitrio
672 2958 739 2978 rem
761 2946 896 2978 admini-

941 1214 961 1227 “
978 1215 1062 1245 stret,
1094 1214 1124 1238 et
1153 1208 1232 1238 nihil
1260 1217 1326 1237 esse
1355 1206 1388 1236 in
1414 1215 1519 1235 rerum
1545 1205 1668 1242 natura,

941 1264 962 1279 ‘⁴
980 1268 1090 1300 practer
1116 1261 1224 1301 ignem
1253 1260 1365 1294 solum,
1391 1258 1487 1295 dicat;
1518 1257 1669 1298 quidnam

941 1317 960 1330 “
977 1312 1120 1351 impedit,
1137 1322 1198 1351 quo
1215 1311 1320 1340 minus
1335 1316 1365 1339 et
1385 1320 1442 1340 nos
1458 1310 1592 1339 vicissim
1607 1309 1667 1339 im-

941 1369 962 1382 “
978 1365 1097 1403 periose
1113 1374 1186 1393 cum
1201 1363 1256 1392 illo
1271 1373 1413 1402 agasnuS‚
1440 1367 1472 1391 et
1486 1362 1594 1391 omnia
1607 1360 1669 1390 alia

941 1420 961 1434 “
978 1428 1055 1453 esse,
1092 1426 1248 1456 nusquam
1278 1425 1350 1445 vero
1380 1415 1498 1454 ignem,
1532 1413 1668 1443 affirme-

941 1473 960 1486 “
978 1468 1089 1499 mus?’'

984 1520 1060 1550 Ver.
1085 1522 1155 1550 704.
1180 1521 1292 1557 ignei&
1327 1524 1363 1547 ut
1389 1528 1464 1548 verr.
1493 1520 1568 1555 657,
1595 1520 1668 1552 667,

942 1577 1014 1608 680,
1031 1577 1103 1604 687.
1151 1572 1269 1611 Vulgo,
1288 1573 1380 1610 ignis,
1403 1570 1503 1610 patrio
1517 1580 1591 1600 casu
1606 1570 1670 1599 sin-

941 1625 1058 1665 gularis
1073 1624 1208 1659 numeri,
1232 1629 1267 1653 ut
1284 1629 1438 1653 strucmra
1454 1622 1605 1652 orationis
1619 1621 1671 1659 sit,

944 1680 965 1694 ‘⁶
981 1687 1076 1716 quam
1091 1682 1185 1715 neget
1201 1685 1267 1704 esse
1281 1681 1427 1704 naturam
1442 1673 1564 1713 ignis:”
1587 1672 1672 1713 quod

942 1729 1030 1758 nobis
1046 1728 1152 1758 minus
1168 1727 1296 1757 obvium
1310 1726 1441 1756 videtur.

985 1781 1066 1811 Ibid.
1095 1791 1261 1810 summam:
1288 1779 1324 1808 L.
1355 1783 1452 1817 ignem
1460 1792 1470 1812 ‚·
1498 1783 1529 1807 et
1555 1777 1593 1807 G.
1620 1777 1669 1807 M.

940 1833 1040 1863 deest:
1068 1838 1104 1862 ut
1120 1832 1205 1872 justa
1220 1831 1354 1870 suspicio
1369 1829 1551 1869 corruptelae
1567 1829 1672 1870 cujus-

940 1886 1023 1921 dam,
1047 1895 1141 1926 quam
1157 1895 1220 1914 non
1237 1883 1407 1914 tollendam
1425 1893 1538 1922 speres,
1563 1883 1672 1913 obmo-

940 1943 1056 1967 veatur.

985 1989 1057 2019 Ver.
1090 1992 1160 2020 705.
1192 1990 1318 2028 AEqua:
1345 1987 1384 2017 V.
1415 1986 1463 2017 ed.
1494 1987 1531 2017 B.
1563 1992 1597 2017 Δ.
1630 1993 1670 2017 Π.

942 2041 1070 2079 AVequae
1103 2045 1137 2070 Σ.
1165 2041 1288 2078 IVequa.
1333 2038 1469 2072 Deinde,
1500 2038 1533 2066 in
1563 2037 1672 2067 ordine

940 2101 1100 2127 versuum,
1124 2095 1154 2119 et
1170 2100 1208 2119 ex
1223 2089 1334 2118 eodem
1349 2093 1535 2124 atramento,
1558 2087 1672 2127 legitur

942 2142 975 2170 in
993 2146 1027 2171 Δ.
1043 2146 1080 2170 ut
1094 2140 1127 2169 in
1143 2140 1212 2169 aliis
1227 2138 1413 2179 quibusdam
1426 2138 1595 2168 codicibus:

970 2228 1062 2256 Neque
1083 2225 1187 2256 ignem,
1209 2231 1297 2255 neque
1318 2224 1388 2254 acra,
1406 2230 1494 2254 neque
1515 2223 1671 2254 humorem,

1122 2264 1251 2295 principia
1262 2269 1331 2293 esse;

939 2351 1009 2381 quae
1031 2339 1284 2370 manifestissime
1307 2344 1379 2368 sunt
1401 2348 1489 2367 mera
1513 2339 1671 2378 sequenti-

939 2404 996 2424 um
1011 2393 1155 2432 capitula,
1180 2393 1347 2422 stationem
1369 2402 1433 2422 non
1452 2402 1542 2421 suam
1556 2397 1673 2421 temere

940 2445 1133 2484 occupantia.
1499 2464 1502 2467 »

984 2498 1058 2527 Ver.
1075 2500 1145 2528 710.
1170 2499 1266 2536 ipsum
1276 2510 1284 2525 .·
1315 2496 1349 2525 P.
1374 2497 1470 2534 2'J)s(1s;
1495 2494 1536 2525 V.
1553 2494 1600 2524 ed.
1625 2496 1672 2532 ip-

940 2562 1021 2585 sum;
1045 2549 1132 2579 haud
1157 2548 1304 2585 deterius,
1333 2547 1359 2577 si
1383 2547 1470 2577 locus
1492 2546 1537 2576 ita
1561 2545 1670 2575 distin-

940 2607 1068 2642 guatur:

1074 2687 1121 2708 aut
1132 2684 1276 2708 humorem
1288 2681 1489 2713 queiquomque
1500 2681 1628 2710 putarunt

972 2726 1083 2756 Fingere
1094 2731 1145 2754 res,
1155 2723 1234 2755 ipsam
1246 2729 1293 2754 per
1304 2729 1331 2746 se
1341 2724 1476 2746 terramve
1486 2723 1577 2742 creare

973 2764 1111 2789 Omnia-.

943 2847 1108 2871 terramve:
1135 2839 1172 2869 B.
1188 2844 1358 2875 terramque
1363 2850 1374 2870 ;
1400 2839 1440 2863 Π.
1457 2836 1491 2862 Σ.
1508 2837 1633 2861 terrave.

984 2893 1060 2922 Ver.
1073 2894 1144 2922 712.
1161 2891 1277 2927 Magno
1290 2897 1374 2926 opere
1389 2885 1492 2923 longei
1501 2885 1669 2913 deerrasse.-

940 2945 960 2976 i.
977 2955 1002 2975 e.
1029 2950 1048 2962 “
1064 2951 1214 2982 magnam
1230 2938 1316 2980 quasi
1335 2946 1460 2977 operam
1477 2934 1597 2966 dedisse
1612 2944 1670 2973 pu-
