1894 3253
159 245 223 284 84

610 275 615 281 ,
650 233 724 280 4Τ.
779 232 1164 280 LUCRETII

305 367 368 409 Ut
388 373 533 408 contra
551 364 715 420 gravius
735 363 825 418 plus
845 363 889 403 in
911 378 953 404 se
973 364 1157 419 corporis
1178 378 1263 404 esse

303 441 497 488 Dedicat,
519 446 560 478 et
579 437 710 478 multo
729 453 906 479 vacuum
926 439 1061 479 minus
1081 439 1192 479 intus
1211 437 1375 478 habere.

364 515 439 555 Est
460 513 586 569 igitur
607 512 804 552 nimirum
825 511 884 562 id,
907 512 1020 568 quod
1041 512 1202 553 ratione
1222 512 1358 568 sagaci

190 593 273 633 370
306 588 558 638 Quaerimus,
582 587 815 627 admixtum
836 587 976 637 rebus3
1010 587 1122 642 quod
1143 587 1266 628 inane
1285 600 1491 627 vocamus.

365 662 486 712 Illud,
510 662 554 701 in
574 661 652 702 hiis
673 661 796 702 rebus
816 677 869 702 ne
888 669 929 702 te
949 661 1155 702 deducere
1174 676 1272 702 vero

306 737 457 787 Possit,
479 736 592 792 quod
613 736 806 792 queidam
827 736 1007 793 fingunt,
1029 751 1284 791 praecurrere
1304 750 1443 793 cogor.

307 811 467 853 Cedere
489 811 756 867 squamigeris
776 811 915 852 latices
936 811 1161 852 nitentibus
1183 811 1313 860 aiunt,

302 886 360 927 Et
379 885 554 941 liquidas
575 885 734 939 aperire
755 885 854 935 vias,
879 886 975 940 quia
994 894 1088 939 post
1108 885 1198 926 loca
1217 885 1347 939 pisces

190 965 273 1005 375
306 961 536 1016 Linquant‚
559 974 641 1014 quo
662 959 820 1013 possint
841 959 1030 1000 cedentes
1052 959 1258 1000 confluere
1279 958 1418 999 undae:

163 1121 243 1151 vice
267 1121 382 1151 videres
405 1123 521 1153 autem,
553 1116 670 1157 legitur
696 1116 793 1147 etiam
816 1118 896 1147 vale-

158 1180 248 1204 rent:
274 1172 347 1202 hinc
363 1181 427 1200 non
444 1169 526 1199 male
549 1175 649 1199 tentes
672 1169 712 1199 ad
728 1171 813 1199 hunc
829 1179 896 1199 mo-

163 1225 256 1256 dum:

195 1292 382 1302 —..--—-
392 1278 465 1302 haud
476 1277 529 1302 ulla
541 1276 598 1302 fieri
609 1277 713 1301 ratione
722 1277 833 1301 valeret.

151 1333 303 1366 Interea,
320 1329 401 1358 nihil
416 1334 462 1358 est
476 1328 509 1357 in
533 1327 666 1367 vulgatis
688 1327 773 1367 quod
788 1326 894 1365 displi-

164 1395 234 1415 cere
250 1383 373 1419 debeat,
390 1380 421 1410 vi
431 1380 549 1420 majore
561 1379 704 1409 codicum
721 1379 893 1409 addicente.

208 1452 284 1481 Ver.
297 1454 370 1481 561.
397 1449 504 1480 Codex
522 1455 561 1479 Π.
578 1449 663 1478 hunc
675 1447 818 1478 ordinem
830 1457 896 1477 ver-

163 1507 277 1537 borum
294 1508 407 1533 servat:

229 1567 308 1594 Nam,
320 1566 340 1589 si
350 1564 524 1588 tantumdem
537 1564 564 1587 in
576 1563 645 1587 lanae
658 1567 692 1587 est
704 1563 839 1595 glomere:

165 1630 236 1661 quae
251 1619 330 1658 pede
347 1625 420 1648 sunt
435 1617 570 1648 dimidio
586 1628 706 1647 manca.
739 1618 894 1647 Fortasse:

229 1679 308 1706 Nam,
320 1678 340 1701 si
352 1676 524 1701 tantumdem
538 1675 565 1699 in
577 1675 652 1700 Imm?
663 1679 701 1700 est
713 1675 846 1707 glomere:

164 1736 262 1766 quam
279 1725 450 1754 scribarum
466 1724 693 1754 aberrationem
703 1724 793 1754 valde
802 1723 898 1753 usita-

153 1779 229 1808 ‘tam
244 1787 308 1807 esse
327 1787 381 1815 per
404 1775 506 1815 operis
533 1776 699 1805 decursum
726 1775 897 1814 deprehen-

164 1829 286 1860 demus.

210 1882 284 1910 Ver.
302 1884 376 1910 56⁶2.
407 1881 564 1918 Corporis:
593 1886 635 1909 Π.
661 1890 837 1919 (οηωντιηη
862 1885 899 1907 ut

163 1933 199 1962 in
229 1936 377 1971 sequente
401 1941 492 1960 versu
523 1932 558 1960 P.
592 1930 689 1960 vind.
721 1931 762 1960 V.
790 1930 837 1960 ed.
862 1931 899 1960 B.

166 1982 319 2012 similiter.
358 1981 434 2010 Non
444 1982 551 2019 probo,
571 1981 727 2021 (conseras
738 1991 798 2010 ver.
810 1980 899 2018 557.)

169 2031 313 2075 quamvis
336 2031 367 2060 in
393 2031 546 2060 concessis
562 2032 713 2060 habeatur
728 2031 899 2060 vetustissi-

167 2098 236 2118 mos
251 2099 279 2117 m
299 2086 427 2116 finalem
444 2085 608 2125 aliquoties
624 2096 687 2114 non
712 2085 842 2122 elisisse3
866 2090 901 2114 ut

164 2139 293 2170 Ennius
308 2138 396 2178 apud
413 2138 564 2168 Priscian.
581 2137 600 2166 i.
617 2148 644 2175 p.
663 2139 735 2167 556.

197 2210 325 2241 Insignita
338 2209 393 2233 fere
406 2212 466 2232 tum
479 2208 561 2232 millia
573 2207 682 2231 militum
693 2210 756 2231 octo

196 2250 294 2280 Duxit,
307 2249 435 2279 delectos,
447 2248 548 2273 bellum
561 2247 675 2272 tolerare
687 2247 831 2278 potenteis.

209 2307 290 2338 Ibid.
310 2310 460 2347 pendere:
491 2308 529 2336 G.
556 2307 596 2335 V.
621 2305 669 2336 ed.
694 2306 735 2335 B.
754 2312 794 2335 Π.
814 2316 896 2344 γυη-

165 2361 247 2396 dere,
279 2359 363 2388 facili
387 2368 498 2388 errore.
545 2358 609 2388 Pro
634 2368 707 2397 pur,
735 2363 774 2386 Π.
803 2356 899 2386 etiam

167 2412 261 2441 habet
271 2422 356 2451 pars.

211 2464 286 2492 Ver.
303 2466 376 2493 564.
393 2463 515 2492 inanis:
537 2467 577 2490 Π.
596 2461 701 2494 inane}
729 2464 758 2489 et
774 2458 901 2488 fortasse

166 2515 294 2546 melius:
325 2519 346 2533 “
363 2521 470 2544 manet
482 2514 590 2553 utique
608 2524 649 2552 τῳ
664 2512 751 2542 inani
768 2523 824 2542 Sua
844 2523 898 2542 na-

168 2569 191 2584 “
209 2572 279 2596 tura
294 2567 362 2596 sine
373 2565 552 2606 pondere:”
576 2574 651 2593 nam
667 2563 794 2603 vulgata
809 2563 900 2593 lectio

168 2619 285 2656 inanis,
302 2619 440 2648 secundo
455 2629 540 2655 casu,
554 2628 572 2646 a
584 2615 805 2646 terminatione
815 2626 900 2645 com-

169 2668 261 2698 muni
278 2670 422 2699 nonnihil
446 2668 598 2709 ambigui,
621 2667 705 2707 quod
727 2667 897 2706 displiceat,

166 2723 369 2753 nanciscitur.

211 2774 288 2803 Ver.
302 2777 375 2804 567.
395 2777 453 2805 Ut.-
473 2776 516 2804 sic
529 2774 612 2805 edidi
626 2784 663 2804 ex
678 2773 808 2813 ingenio
819 2784 900 2811 meo,

161 2835 225 2865 pro
239 2825 362 2864 vulgari
379 2827 443 2860 At‚·
469 2837 568 2866 quum
590 2826 712 2856 codices
739 2827 778 2856 G.
803 2827 839 2856 B.
864 2826 900 2856 L.

169 2877 220 2907 M.
232 2883 273 2907 Π.
288 2881 321 2908 Σ.
334 2877 450 2906 habent
462 2879 538 2914 Aut,
551 2878 636 2907 haud
648 2878 743 2908 dubie
753 2878 901 2913 volentes,

170 2928 292 2970 opinor,
327 2930 576 2970 Ut.-corporz's:
603 2930 640 2961 P.
665 2931 706 2962 V.
731 2930 780 2961 ed.
804 2931 841 2961 B.
867 2935 901 2961 Δ.

940 1130 1117 1158 covporum:
1144 1123 1174 1147 et
1197 1127 1253 1156 pro
1276 1127 1348 1154 esse,
1372 1114 1470 1146 iidem
1496 1120 1609 1155 praeter
1632 1124 1668 1149 Δ.

941 1172 1046 1201 inesse.
1074 1177 1114 1200 Π.
1139 1169 1233 1199 etiam
1247 1169 1361 1208 gravis,
1377 1167 1444 1197 vice
1456 1170 1591 1207 gravius.

985 1222 1059 1251 Ver.
1075 1224 1148 1251 568.
1172 1231 1321 1251 vacuum.-
1347 1219 1391 1248 ita
1407 1219 1509 1248 multo
1524 1218 1628 1257 plures
1642 1223 1674 1247 et

941 1273 1087 1302 castiores
1109 1272 1192 1309 libri,
1224 1272 1263 1301 G.
1281 1272 1318 1301 P.
1335 1271 1376 1301 V.
1393 1271 1439 1301 ed.
1457 1271 1494 1301 B.
1512 1272 1560 1301 ΓΜ.
1578 1277 1612 1301 Δ.
1630 1277 1673 1300 Π·

942 1332 975 1359 Σ.
995 1334 1038 1357 Ω.
1055 1326 1170 1367 quibus
1181 1326 1428 1361 auctoritatibus,
1438 1324 1527 1354 nulla
1541 1329 1673 1365 cogente

941 1379 1135 1415 necessitate,
1174 1377 1362 1417 religionem
1403 1377 1499 1407 habui
1543 1379 1673 1410 obstare.

945 1429 1032 1460 Ordo
1048 1436 1104 1459 est:
1134 1432 1156 1447 ‘⁵
1174 1429 1217 1459 Et
1226 1429 1327 1458 multo
1342 1428 1449 1458 minus
1464 1430 1544 1470 (prae
1559 1428 1675 1460 leviore

945 1486 964 1500 “
982 1482 1124 1521 corpore)
1149 1482 1263 1511 habere
1279 1481 1365 1511 intus
1387 1481 1561 1510 vacuum:”
1586 1487 1617 1511 et
1639 1482 1674 1512 in

943 1533 992 1562 his
1016 1533 1096 1562 nihil
1119 1532 1227 1563 absoni
1250 1538 1389 1571 apparet,
1416 1531 1497 1561 nihil
1521 1531 1675 1564 salebrosi.

944 1586 1123 1615 Fatendum
1134 1584 1262 1625 quidem
1271 1591 1316 1614 est
1325 1584 1486 1624 vulgatam
1496 1583 1676 1624 lectionem,

943 1639 1034 1667 vacui
1060 1637 1142 1674 dico,
1166 1636 1338 1666 faciliorem
1362 1635 1472 1673 videri,
1499 1641 1592 1676 atque
1613 1636 1676 1666 ele.

942 1689 1135 1728 gantiorem3
1158 1688 1212 1718 sed
1238 1688 1276 1718 de
1300 1688 1349 1717 his
1374 1687 1597 1717 minutioribus
1618 1698 1677 1718 nos

944 1750 1029 1769 nunc
1040 1740 1164 1769 dierum
1174 1750 1286 1778 pamm
1296 1739 1400 1769 idonei
1408 1739 1532 1780 judices
1541 1739 1677 1769 habendi

944 1801 1062 1821 sumus.
1109 1790 1213 1821 Aliud
1228 1791 1355 1829 insuper
1377 1801 1442 1820 non
1468 1800 1538 1820 raro
1560 1790 1678 1830 placuit

945 1844 1045 1881 po'e'tae
1061 1849 1179 1880 nostro,
1207 1842 1295 1872 aliud
1309 1848 1416 1872 autem
1439 1842 1496 1871 aevi
1521 1842 1678 1882 sequentis

943 1897 1136 1936 politissimis
1151 1896 1296 1936 ingeniis.

991 1948 1071 1978 Ibid.
1096 1949 1250 1978 Dedicat:
1277 1947 1298 1977 i.
1316 1958 1341 1977 e.
1365 1947 1458 1986 plane
1473 1947 1678 1977 dicit—affir-

946 1998 1464 2038 mat—significat—demonstratz
1491 2000 1581 2039 cujus
1606 2009 1676 2028 sen-

946 2049 998 2078 sus
1016 2050 1142 2079 Nonius
1157 2050 1190 2078 in
1207 2060 1281 2079 voce
1297 2049 1361 2079 duo
1378 2049 1520 2088 exempla
1535 2049 1676 2088 protulit,

944 2110 1046 2129 unum
1064 2110 1100 2128 ex
1120 2099 1209 2129 Accii
1228 2100 1438 2138 Alphesiboea,
1455 2100 1589 2130 alterum
1604 2110 1677 2130 vero

945 2161 983 2180 ex
1001 2150 1120 2180 Caecilii
1138 2150 1332 2180 Annalibus:
1353 2161 1422 2191 quae
1433 2151 1544 2182 videas
1585 2151 1677 2181 Nihil

942 2208 1043 2242 agunt
1064 2202 1172 2242 igitur,
1199 2213 1301 2242 neque
1324 2202 1389 2232 ullo
1405 2203 1500 2233 modo
1516 2209 1589 2233 sunt
1604 2215 1676 2234 aus-

943 2254 1095 2292 cultandi,
1124 2255 1177 2294 qui
1201 2260 1357 2293 receptam
1380 2254 1546 2285 lectionem
1562 2255 1676 2286 intem-

945 2311 1089 2344 peranter
1105 2306 1294 2335 solicitatum
1312 2312 1396 2336 eunt.

989 2357 1060 2386 Ver.
1092 2360 1164 2388 309.
1210 2357 1283 2386 Hoc
1314 2357 1409 2387 modo
1438 2357 1677 2398 distinguendos

944 2419 1050 2438 versus
1063 2408 1228 2438 Bentleius
1243 2408 1336 2438 dixit:

977 2486 1020 2509 Est
1032 2485 1113 2517 igitur
1125 2485 1263 2514 nimirum,
1275 2485 1302 2508 id
1315 2485 1387 2516 quod
1398 2485 1501 2510 ratione
1511 2485 1599 2517 sagaci

977 2525 1143 2556 Quaeritnu3‚
1161 2525 1319 2549 admixtum
1336 2525 1414 2550 rebus
1426 2526 1499 2556 quod
1509 2526 1588 2550 inane
1598 2531 1676 2549 voca-

1068 2572 1138 2589 mus.

947 2623 1016 2653 Nos
1030 2623 1174 2653 videmur
1190 2623 1419 2662 nobismetipsis
1440 2621 1615 2661 planiorem
1629 2620 1675 2651 vi-

942 2685 994 2704 am
1008 2675 1148 2705 inivisse:
1168 2674 1222 2704 sed
1234 2674 1326 2712 nihil,
1337 2679 1391 2704 aut
1400 2683 1522 2712 parum,
1535 2672 1675 2710 interest,

943 2736 1174 2766 quamcumque
1191 2725 1320 2768 demum
1343 2724 1483 2763 elegeris,
1510 2723 1550 2752 ad
1575 2723 1674 2762 po'e'tae

944 2783 1093 2813 mentem,
1111 2778 1232 2807 nemini
1248 2787 1311 2807 non
1323 2775 1530 2816 perspicuam.

990 2830 1064 2859 Ver.
1091 2833 1164 2860 571.
1187 2839 1242 2859 ne:
1279 2828 1316 2858 B.
1342 2837 1534 2857 nece-vero:
1561 2826 1601 2855 V.
1625 2826 1672 2856 ed.

947 2880 984 2910 B.
1001 2891 1077 2912 vere.

991 2930 1073 2961 Ibid.
1097 2932 1260 2961 deducere:
1292 2928 1311 2959 i.
1336 2939 1362 2959 e.
1384 2928 1532 2960 deorsum
1560 2928 1674 2959 duce-re
