1894 3253
543 220 778 270 LIBER
828 219 1241 269 SECUNDUS.

282 372 422 427 Pepla‚
455 386 564 412 novo
584 384 723 411 rerum
744 377 936 424 superata
955 368 1107 418 colore,
1133 369 1332 423 jacerent:

283 448 556 502 Contemptus
577 445 699 486 sudos
722 458 914 499 smyrnae,
947 443 1156 498 mellisque
1177 458 1362 498 sapore53

133 613 198 643 cap.
215 606 265 635 55.
281 603 453 642 proposita;
477 604 543 641 ubi,
566 613 636 644 quae
662 603 741 633 bene
765 602 865 632 multa

133 655 316 694 interpretes
345 664 537 693 congessere,
572 654 613 684 ad
642 653 866 684 illustrandum

132 705 317 735 Lucretium
339 705 464 745 egregie
479 705 603 735 facient.
647 705 802 745 Loquitur
817 704 864 734 ni-

131 756 248 786 mirum
272 766 325 795 per
357 765 485 785 omnem
509 756 614 786 locum
641 756 742 786 Carus
764 762 868 785 noster

132 807 171 838 de
187 809 280 837 rebus
295 806 494 844 inanimatis;
520 807 606 837 unde
621 808 794 837 viventium
809 818 864 847 pa-

134 869 252 889 vonum
278 859 398 888 mentio
423 859 639 898 intempestiva
669 860 807 890 maxime
834 865 865 889 et

131 911 336 954 ατροςῖιονυσσς
370 911 457 940 haud
485 911 602 951 injuria
632 911 730 941 videri
760 912 865 951 possit.

133 963 155 994 J
157 973 210 992 am
224 973 297 992 vero
310 972 347 992 ex
360 962 511 992 universis
524 962 703 992 Latinitatis
715 963 868 993 thesauris

133 1014 320 1045 vocabulum
349 1014 590 1054 magnificentiae
619 1015 770 1045 sermonis
799 1016 864 1045 Lu-

135 1067 265 1097 cretiani
302 1074 396 1107 atque
432 1067 605 1097 amoenitati
647 1067 867 1107 adjunctarum

133 1117 295 1156 phrasium
317 1118 584 1148 accommodatius
607 1119 665 1148 hac
685 1118 864 1158 conjectura

132 1181 227 1201 nemo
241 1171 477 1211 deprompserit.
513 1171 661 1201 Isidorus.
685 1172 783 1212 origg.
801 1172 862 1202 xix.

132 1226 182 1254 25.
208 1228 228 1240 ‘⁶
245 1224 385 1262 Peplum,
398 1222 569 1253 matronale
581 1222 723 1261 pallium,
739 1233 777 1252 ex
789 1233 863 1261 pur-

135 1277 159 1292 “
174 1273 253 1313 pura
283 1274 460 1314 signanum
497 1273 586 1313 cujus
615 1273 746 1303 fimbriae
774 1275 863 1303 aurei

134 1328 158 1342 “
172 1324 313 1354 staminis
341 1325 522 1355 summitate
546 1323 766 1363 resplendent.’'
814 1323 865 1353 Sic

133 1376 318 1416 legendum:
363 1376 445 1412 libri,
483 1378 594 1407 aureis.
655 1376 789 1412 Servius,
824 1375 864 1405 ad

134 1428 224 1469 Virg.
244 1429 319 1459 AEn.
334 1429 355 1458 i.
372 1432 444 1464 480,
460 1430 584 1469 peplum
602 1427 722 1466 definit,
744 1429 863 1468 pallam

131 1481 440 1522 11ictanzji2mirzeam.
484 1481 604 1510 Versus
625 1480 754 1520 quidam
776 1480 866 1510 nobis

112 1540 117 1543 “
136 1533 310 1563 admodum
334 1532 466 1572 appositi
489 1532 639 1572 leguntur
664 1532 698 1561 in
729 1532 866 1562 Homeri

133 1585 252 1624 hymno
266 1583 308 1613 ad
323 1584 493 1621 Venerem,
509 1594 570 1613 ver.
588 1587 638 1614 86.
655 1582 710 1613 sed
725 1583 864 1622 corrupti

135 1635 304 1676 luxatique,
320 1635 378 1665 hoc
395 1640 502 1665 autem
518 1640 608 1674 pacto
623 1633 849 1664 concinnandi:

171 1709 268 1733 Πεπλον
279 1716 323 1736 μεν
338 1717 389 1740 γαρ
403 1705 479 1736 ἕεστο,
500 1713 644 1739 φωεινῡτερσν
655 1715 727 1740 πνρας
742 1715 831 1736 αυγκς,

173 1755 304 1785 KAAON,
332 1755 519 1783 ΧΡΥΣΕῙΟΝ,
546 1754 809 1778 ΠΑΜΠΟῘΚῙΛΟΝ“
832 1753 863 1780 ὡς

270 1801 294 1826 δε
314 1805 409 1830 eamn,

174 1848 289 1878 {noto-nr
301 1848 365 1881 αμᾷ
378 1849 511 1874 &eramen
526 1852 663 1881 §.u-,wera
688 1847 788 1880 θαυμα,
801 1847 863 1872 ιδία-

273 1896 320 1922 θαι.

176 1946 238 1978 Ειχε
253 1944 274 1970 δ’
287 1953 466 1977 επιγνιμεττοις
478 1943 667 1972 {Mam—zri-

142 2006 240 2046 AEqui
258 2006 380 2046 judices
397 2012 427 2036 et
441 2006 557 2042 idonei,
580 2006 634 2046 qui
649 2005 708 2036 sibi
730 2005 763 2035 id
774 2006 863 2036 labo-

138 2057 180 2086 ris
194 2057 392 2096 sumpserint,
416 2063 451 2087 ut
478 2057 517 2087 Il.
544 2063 576 2087 E.
599 2061 672 2087 558.
700 2064 731 2088 Ζ.
760 2062 866 2090 289—

139 2111 211 2140 296.
233 2108 264 2139 J.
283 2100 459 2146 Pollucem,
479 2109 530 2138 vii.
554 2112 604 2139 50.
628 2119 702 2138 cum
719 2110 778 2139 hoc
801 2109 869 2140 loco

138 2160 312 2198 conferant,
336 2160 421 2190 haud
451 2160 548 2191 invite
578 2160 769 2197 fatebuntur,
800 2161 866 2200 opi-

138 2221 207 2249 nor,
230 2212 484 2251 depravationem
512 2212 683 2242 scribarum
713 2213 866 2253 insignio·

140 2272 205 2292 rem
221 2264 348 2301 pulchre
363 2265 442 2294 mihi
464 2264 660 2305 profligatam
677 2275 750 2295 esse.
798 2265 866 2296 Cae-

139 2320 254 2352 terum,
288 2321 323 2344 ut
361 2325 397 2345 ex
437 2316 610 2346 abundanti
642 2316 867 2347 divinationem

141 2365 422 2402 Burrnannianam,
438 2367 472 2395 in
484 2367 609 2405 optimis
624 2378 699 2398 sane
714 2375 806 2409 atque
820 2369 866 2399 fe-

139 2415 296 2446 licissimis
317 2417 520 2455 habendam,-'
535 2419 750 2450 confirmatam
775 2427 867 2461 atque

141 2466 327 2496 illustratam
339 2467 464 2504 demus;
481 2468 557 2508 quid
569 2469 704 2499 colorem
716 2473 867 2503 sermonis

139 2517 323 2548 Lucretiani
349 2529 403 2557 per
427 2520 513 2549 hunc
538 2519 643 2550 locum
665 2522 792 2560 propius
821 2530 866 2553 at-

141 2569 236 2610 tingit
245 2569 450 2609 descriptione
466 2570 519 2600 ina
532 2572 614 2610 pepli
627 2573 812 2612 Papiniana‚
827 2576 867 2605 ad

143 2621 242 2651 Theb.
262 2632 290 2651 Χ.
307 2621 368 2653 59?

490 2683 567 2706 variis
577 2683 622 2707 ubi
634 2684 748 2715 plurima
751 2686 827 2716 floret

173 2721 292 2751 Purpura
301 2720 369 2751 picta
380 2721 477 2751 modis,
488 2722 632 2753 mixtoque
640 2723 783 2749 incenditur
793 2733 865 2751 auro.

144 2776 219 2807 Jam
232 2788 304 2808 vero
319 2778 460 2809 lectionis
484 2780 664 2811 varietatem
688 2793 866 2822 percensea-

142 2836 226 2866 πως,
247 2834 283 2858 ut
298 2829 376 2859 nihil
392 2830 471 2860 desit
486 2831 663 2871 lectoribus,
686 2844 748 2874 quo
763 2835 868 2866 minus

141 2877 297 2917 judicium
313 2882 351 2912 de
375 2884 432 2914 hac
448 2885 666 2916 emendatione
689 2896 868 2919 accuratum

146 2929 254 2962 feram.
299 2936 394 2982 ῌἻγῖα
410 2948 496 2968 novo:
523 2937 559 2968 P.
584 2938 623 2970 V.
640 2938 688 2969 ed.
716 2941 753 2970 B.
776 2947 810 2972 Δ.
828 2949 867 2973 Π.

911 606 944 632 Σ.
970 602 1031 632 Sed
1056 612 1146 631 nova:
1179 599 1264 630 unde
1291 610 1364 630 sane
1396 601 1436 630 ob
1461 599 1640 630 similitudi-

910 663 983 682 nem
1006 655 1035 683 cl
1061 667 1103 693 τῳ
1129 655 1160 688 d,
1186 651 1322 692 vulgaris
1352 650 1508 681 editorum
1538 651 1640 688 lectio,

909 706 992 734 Secla
1010 703 1136 740 scilicet,
1159 702 1230 733 aliis
1255 713 1318 732 non
1347 703 1549 739 obstantibus,
1573 714 1641 742 spe-

910 755 991 785 ciem
1006 757 1145 786 haberet:
1173 753 1419 784 emendatissimi
1443 754 1564 784 codices
1588 755 1639 784 Pii

911 808 998 847 dant,
1022 810 1129 839 Sedulo
1144 818 1225 848 (μα’.-
1252 807 1291 837 de
1315 806 1469 846 scriptura
1483 808 1639 836 membra-

912 870 1024 889 narum
1039 860 1075 889 L.
1093 859 1142 889 M.
1161 858 1193 888 in
1209 859 1268 888 hoc
1285 858 1365 896 loco,
1383 864 1418 887 ut
1434 858 1466 887 in
1482 858 1551 888 aliis
1562 860 1641 888 bene

910 912 1027 948 multis,
1050 921 1161 951 parum
1191 911 1309 952 liquido
1336 917 1471 948 constat3
1507 917 1537 940 et
1566 922 1642 941 sane

911 964 1162 1003 Havercampus,
1185 964 1237 994 cui
1250 963 1326 993 liber
1342 974 1417 993 usus
1431 964 1546 993 horum
1562 964 1642 1003 opti-

910 1026 1036 1045 morum
1045 1014 1273 1054 exemplarium
1283 1016 1477 1053 suppetebat,
1494 1013 1642 1053 perfunc-

911 1067 988 1096 torie
1003 1067 1098 1096 nimis
1113 1066 1216 1096 officio
1230 1075 1288 1095 suo
1302 1065 1430 1096 functus
1446 1072 1501 1095 est.
1529 1066 1642 1105 Ipsum

907 1130 958 1149 me
975 1120 1069 1149 etiam
1085 1120 1230 1150 nonnihil
1245 1119 1378 1150 subinde
1393 1119 1495 1158 culpo,
1517 1120 1570 1159 qui
1586 1120 1643 1149 ali-

907 1171 1027 1210 quoties
1053 1174 1252 1202 membranas
1284 1178 1329 1201 Ω.
1355 1170 1569 1210 negligentius
1588 1171 1641 1201 ¹in-

908 1222 1078 1259 spexerim;
1112 1223 1166 1252 sed
1196 1222 1351 1251 recentior
1379 1222 1405 1250 is
1433 1221 1514 1250 forte
1551 1221 1642 1259 liber,

908 1282 1003 1312 quam
1019 1272 1052 1301 in
1065 1283 1128 1312 quo
1139 1272 1281 1302 locorum
1297 1271 1335 1301 de
1351 1273 1409 1302 hoc
1425 1282 1539 1312 genere
1554 1273 1643 1303 valde

908 1323 1099 1354 lubricorum
1116 1324 1220 1354 omnis
1242 1323 1336 1353 cardo
1350 1322 1462 1352 versari
1478 1323 1643 1354 debeat.—

908 1375 1068 1415 Denique,
1095 1375 1122 1405 si
1138 1378 1220 1406 Secla
1239 1374 1394 1413 scripserit
1408 1375 1574 1405 Lucretius
1589 1386 1642 1405 vo-

907 1437 976 1457 cem
991 1428 1092 1458 ubivis
1102 1428 1238 1465 obviam,
1262 1433 1293 1457 et
1307 1427 1434 1466 ipsimet
1448 1427 1564 1466 passim
1580 1428 1641 1457 fre-

909 1485 1100 1519 quentatam,
1112 1479 1198 1509 unde
1207 1479 1402 1517 corruperint
1413 1478 1543 1518 librarii,
1558 1490 1641 1520 aegre

910 1530 1023 1570 aliquis
1038 1530 1164 1561 divinet.

954 1582 1026 1612 Ver.
1053 1586 1124 1613 505.
1161 1581 1427 1622 Conjunctionem
1453 1583 1510 1620 Et,
1533 1593 1552 1611 a
1579 1583 1641 1623 qua

913 1634 1020 1663 omnia
1035 1633 1224 1672 exemplaria
1239 1643 1364 1662 versum
1379 1632 1558 1669 ordiuntur,
1580 1633 1642 1673 quai

912 1685 952 1716 de
976 1685 1085 1717 caussa
1112 1685 1311 1724 potissimum
1337 1684 1510 1722 omiserim,
1537 1685 1642 1715 statim

907 1739 1032 1777 patebit⁴
1078 1738 1170 1775 Sane,
1193 1737 1261 1767 sine
1277 1736 1409 1776 copulis,
1425 1737 1548 1766 incessu
1565 1737 1641 1767 vivi-

908 1790 988 1820 diori
1003 1797 1096 1830 atque
1111 1790 1262 1820 stabiliori
1277 1789 1365 1819 locus
1378 1789 1530 1827 procedit,
1554 1796 1585 1819 et
1599 1790 1640 1819 si-

907 1841 1016 1871 milem
1041 1841 1314 1880 interpolationem
1337 1840 1518 1879 nuperrime
1550 1841 1640 1881 ejeci-

908 1905 980 1923 mus
1002 1893 1040 1924 de
1063 1893 1124 1923 fine
1146 1904 1206 1924 ver.
1223 1894 1440 1930 500.—suclos,
1463 1892 1510 1922 vel
1527 1895 1637 1923 sudor:

912 1946 981 1987 (sed
1002 1956 1060 1976 nos
1075 1945 1329 1986 orthographiam
1345 1950 1501 1975 vetustam
1523 1945 1642 1975 Lucre-

909 1998 955 2034 tii,
979 2005 1009 2028 et
1033 1998 1168 2038 antiquis
1192 1997 1333 2037 agnitam
1355 1997 1582 2036 grammaticis,
1606 2005 1641 2027 ut

910 2049 1003 2080 decor
1031 2060 1066 2079 ac
1092 2048 1251 2088 proportio
1279 2047 1449 2087 postulant,
1480 2047 1640 2086 amplecti-

912 2102 1000 2141 mur)
1022 2101 1064 2132 sic
1089 2101 1251 2140 perspicue
1278 2105 1313 2130 Δ.
1343 2106 1385 2129 Π.
1413 2105 1446 2130 Σ.
1472 2106 1504 2129 et
1529 2100 1567 2129 V.
1593 2100 1640 2130 ed.

912 2163 1007 2193 quam
1015 2153 1166 2192 proxime,
1179 2153 1290 2182 suodor
1301 2161 1432 2189 nempe;
1445 2150 1481 2180 L.
1493 2151 1541 2180 M.
1552 2153 1640 2186 καῖον,-

911 2215 1012 2235 errore
1042 2204 1136 2240 facili,
1167 2213 1266 2243 quum
1295 2201 1419 2231 literam
1448 2207 1640 2239 prostantem

911 2257 1042 2296 praeiens
1056 2255 1244 2285 vocabulum
1269 2252 1429 2283 attraxerit
1452 2258 1483 2281 et
1509 2251 1637 2282 eliserit:

911 2308 1021 2348 reliqui
1044 2317 1165 2344 omneS,
1189 2306 1226 2335 P.
1253 2304 1348 2334 vind.
1379 2304 1418 2333 B.
1450 2310 1494 2333 Ω.
1519 2303 1639 2343 utique,

911 2362 983 2390 odov-
990 2374 1000 2394 ;
1015 2358 1150 2388 dictione
1162 2354 1322 2386 tritissima
1334 2365 1408 2384 cum
1421 2354 1481 2384 ali-:1
1495 2364 1532 2384 ex
1546 2354 1640 2394 longe

910 2411 1159 2452 elegantissimis,
1182 2409 1265 2450 quod
1281 2408 1410 2446 adsolet,
1434 2407 1638 2438 commutata.

913 2464 974 2494 Sed
989 2463 1075 2493 enim
1091 2468 1198 2492 auctor
1217 2460 1298 2492 Ciris
1320 2469 1385 2489 non
1408 2458 1539 2488 absurde
1551 2458 1637 2497 judi-

909 2517 971 2547 cari
986 2523 1087 2556 potest
1100 2518 1186 2546 hunc
1201 2514 1391 2554 ipsissimum
1404 2512 1509 2542 locum
1525 2512 1641 2541 imitari

910 2568 1054 2606 voluisse,
1077 2578 1139 2598 ver.
1157 2571 1228 2597 458.

926 2629 984 2651 Non
996 2626 1128 2657 mihijam
1140 2623 1235 2657 pingui
1249 2623 1378 2648 sudabunt
1390 2626 1514 2653 tempora
1524 2621 1636 2653 myrrhci.

912 2675 1059 2705 Totidem
1069 2675 1170 2704 verbis
1187 2671 1363 2712 Euripides,
1389 2671 1460 2701 Ion.
1476 2674 1567 2702 1194.

1232 2747 1260 2764 εκ
1273 2747 1299 2763 τε
1310 2748 1361 2771 γαρ
1373 2747 1487 2772 κρωσσων
1501 2737 1561 2771 ὕδωρ

950 2792 1033 2822 Χίρων
1047 2796 1138 2819 eveum
1151 2797 1249 2821 ητα-ρει,
1269 2785 1424 2819 κᾳῖξεθνμιω

952 2835 1122 2861 ΣΜΪΡΝΗΣ
1132 2835 1300 2859 ῚΔΡΩΤΔ;

912 2889 965 2920 ubi
981 2899 1038 2918 nos
1052 2887 1191 2918 videndi:
1218 2886 1273 2917 sed
1299 2887 1462 2917 notissima
1477 2892 1524 2916 est
1539 2894 1638 2916 trans-

913 2942 967 2972 lati
989 2943 1141 2972 sermonis
1162 2940 1311 2979 formula,
1340 2951 1399 2970 nec
1429 2938 1639 2970 annotationis
