1894 3253
728 281 788 329 T.
839 282 1224 335 LUCRETII

333 408 392 450 Et
419 417 598 453 reserata
626 411 738 469 viget
766 415 1000 471 genitabilis
1029 434 1130 461 aura
1162 420 1355 473 Favonii3

333 484 473 525 A’e‘riae
501 485 684 540 primum
711 487 896 532 volucres
925 499 981 542 te,
1013 492 1140 545 Diva,
1173 503 1374 553 tuumque

189 627 212 645 ‘⁴
228 625 359 656 confuso
374 635 410 656 ac
425 625 599 665 deperdito,
623 626 678 658 sed
692 638 770 667 pure
785 628 918 669 reflex03

188 681 211 696 “
233 678 290 708 tibi
313 677 385 707 visae
407 677 660 718 gratulabundus
670 679 703 710 :⁹²
728 690 803 710 nam
825 689 920 724 γελᾳυ

188 736 235 760 est
248 732 404 770 splendere
410 745 421 766 ;
448 736 485 761 ut
501 731 656 762 Romanis
678 732 774 763 etiam
795 736 916 766 ridere:

187 782 280 812 adeas
291 783 392 813 Hom.
410 782 450 813 ΙΙ.
467 783 506 813 T.
523 786 599 814 562.
615 783 730 816 Horat.
747 785 796 816 od.
812 786 851 816 iv.
871 790 919 818 11.

187 838 216 865 6.
243 844 319 864 nam
346 835 397 865 cui
423 846 489 865 non
513 835 616 866 dictus
642 843 688 867 est
714 838 766 868 hic
793 839 917 879 Hylas?

186 885 277 916 Hinc
291 887 396 926 capias
412 887 612 927 AEschylum,
630 888 739 919 Prom.
758 890 850 920 vinct.
867 895 918 922 90.

225 957 713 977 —————u,r0Wth
727 961 753 978 ΤΕ
765 962 887 985 κυμάτων

225 996 359 1031 Αγηςιθμω
371 998 562 1023 ΓΕΛΑΣΜΑε

186 1050 260 1070 cum
275 1041 390 1081 quibus
413 1042 548 1073 editores
570 1043 701 1082 pulchre
717 1045 922 1076 contulerunt

188 1092 362 1129 Catullum,
385 1093 449 1124 lxii.
466 1097 539 1126 275.
562 1095 602 1126 de
618 1097 714 1127 maris
729 1097 824 1128 undis
839 1098 920 1129 mol-

185 1144 257 1175 liter
273 1145 427 1184 crispatis:

202 1204 273 1235 Quae
283 1204 361 1229 tarde
370 1204 502 1236 primum,
513 1206 643 1232 clementi
655 1208 765 1234 flamine
775 1209 872 1241 pulsae,

200 1245 352 1277 Proeedunt
360 1254 368 1275 3
378 1245 631 1277 leviterquesonant
639 1249 767 1281 plangore
776 1251 919 1275 cachinnei.

189 1295 398 1334 Apollonidas
436 1307 500 1326 non
532 1297 772 1338 intempestivus
801 1301 921 1339 aderit;

186 1347 276 1387 cujus
305 1348 576 1387 corruptissimum
607 1352 805 1391 epigramma
836 1354 921 1392 apud

187 1398 327 1429 Brunck.
341 1399 472 1430 analect.
489 1401 523 1430 in
538 1402 622 1431 notis
640 1403 719 1443 ejus,
735 1413 765 1442 p.
785 1406 854 1435 159.
871 1415 920 1434 se-

186 1450 292 1481 cundo
307 1450 440 1482 disticho
455 1452 499 1482 sic
511 1454 757 1485 emaculandum
773 1466 838 1488 esse
850 1456 919 1486 dix-

186 1501 280 1532 erim:

186 1566 252 1600 Asga
264 1565 286 1591 δ’
299 1574 366 1600 σιμςξι
378 1577 405 1593 σε
418 1569 577 1599 ΠΟΝΤΟΣ,
590 1570 634 1596 ἕντο
646 1572 756 1607 Ζεςυςωο
769 1582 882 1609 ταναῇσιν,

226 1615 304 1648 Αφςον
316 1614 372 1649 {meg
387 1625 449 1641 νωτε
459 1626 560 1646 zvaris,
575 1619 754 1647 ΓΕΛΔΣΑΣ.

188 1664 328 1695 Accedat
336 1667 495 1698 Leonidas
508 1669 756 1711 Alexandrinus,
767 1674 848 1714 epig.
867 1678 917 1705 28.

185 1733 256 1763 0:151ss
270 1743 286 1759 ‘a
300 1744 344 1767 μοι
355 1736 524 1761 ΓΕΛΟΩΣΑ
536 1748 731 1774 zarano-rogerus
740 1743 887 1766 rAAnNH

226 1783 394 1812 KTMATA,
408 1794 455 1809 και
465 1789 595 1817 μαλακῇ
609 1793 686 1821 φςικα
699 1795 759 1823 ςεξοι
771 1790 881 1824 Ζεςυξος,

187 1827 317 1859 Νποῖατην
327 1830 356 1864 ,cz-¹
369 1831 460 1862 (Αμεσθε

183 1884 230 1914 Et
245 1884 426 1923 Euripides,
449 1886 562 1926 fragm.
578 1888 685 1919 incert.
712 1894 786 1921 208.

247 1940 394 1971 Azanium-03
407 1940 431 1965 δε
441 1941 616 1967 ΠΟΡΘΜΟΣ
633 1952 653 1968 εγ
665 1951 737 1979 :gap
751 1946 851 1974 ΓΕΛᾼ.

185 1983 328 2014 Suaviter
343 1984 440 2014 etiam
465 1985 643 2025 Oppianus,
660 1988 720 2018 hal.
737 1989 776 2019 iv,
791 1978 864 2020 534.

183 2041 365 2065 KTMATOE
377 2051 528 2075 ακξιτατοιο
541 2043 660 2067 ΓΕΛΩΣ
670 2043 702 2068 σ’θι
711 2053 797 2079 χεςσω
811 2043 915 2078 αμϋξει.

184 2084 274 2114 Hinc
303 2084 419 2122 pendet
444 2084 601 2125 elegantia
630 2087 756 2124 Catulli,
784 2089 849 2119 lxii.
866 2094 916 2120 67.

182 2145 278 2176 quem
293 2135 347 2164 alii
363 2137 461 2166 secuti
476 2143 550 2166 sunt
564 2137 597 2167 in
613 2139 672 2168 hoe
686 2150 746 2169 usu
762 2140 917 2171 dictionis.

215 2198 313 2223 omnia
325 2205 399 2229 quae,
409 2202 471 2224 toto
481 2200 587 2224 delabsa
598 2208 612 2225 e
624 2208 736 2233 corpore
746 2203 853 2234 passim,

216 2239 300 2271 Ipsius
311 2244 375 2264 ante
384 2240 464 2271 pedes
466 2240 491 2271 st
493 2244 565 2264 uetus
576 2241 633 2265 salis
644 2242 809 2267 adludebant.

185 2290 305 2319 Abesse
320 2300 385 2319 non
408 2289 501 2320 debet
515 2291 564 2320 his
581 2291 701 2322 deliciis
722 2294 836 2332 poe'tici
852 2306 916 2326 ser-

182 2342 288 2372 monis
304 2342 460 2381 Rufilius,
476 2343 543 2374 itin.
559 2343 591 2374 ii.
611 2348 660 2375 15.

213 2402 321 2427 Adridet
328 2403 459 2435 placidum
471 2405 549 2429 radiis
560 2406 735 2437 crispantibus
745 2415 831 2440 aequor
839 2418 848 2434 .-

182 2452 238 2493 qui
271 2453 330 2483 sibi
356 2454 391 2483 in
415 2455 573 2494 proposito
601 2457 711 2487 habuit
738 2453 912 2499 Virgilium

181 2503 337 2543 aemulari,
353 2504 415 2535 loci
431 2507 564 2547 hujusce
579 2507 799 2540 felicissimum
815 2512 912 2542 inter-

182 2561 314 2593 pretem,
341 2557 417 2588 [En.
441 2558 492 2589 vii.
517 2563 545 2591 9.
568 2570 644 2590 nam
665 2562 797 2592 verbum
818 2566 912 2596 verbo

181 2606 308 2636 videtur
323 2610 524 2647 respondere:

315 2665 427 2696 splendet
436 2669 542 2693 tremulo
552 2671 601 2695 sub
612 2670 708 2696 lumine
714 2675 817 2704 pontus.

180 2713 386 2752 Heliodorus,
418 2718 559 2759 AEthiop.
588 2721 640 2751 lib.
675 2732 704 2752 v.
736 2723 913 2757 init—2218

181 2779 344 2806 πνευματος
369 2781 401 2799 εκ
418 2784 473 2810 ’γῆς
499 2785 710 2814 προςυτνεαμενκ,
735 2791 817 2817 κυμιι
831 2783 911 2820 χθα-

178 2826 275 2859 μαλσν
292 2821 434 2863 ὑπετρεχε
458 2837 500 2860 τε,
517 2839 567 2856 και
593 2828 645 2858 οἷον
668 2836 912 2869 ΠΡΟΣΕΓΕΛΑ,

180 2883 218 2912 «τῃ
245 2884 364 2915 πρυμνῃ.
410 2874 473 2904 Sed
494 2886 532 2905 ex
554 2878 614 2907 hoc
636 2881 775 2911 maten‘ae
797 2883 909 2924 pelago

179 2926 329 2956 enatandi
351 2933 476 2968 tempus
491 2937 546 2968 est,
570 2942 611 2964 ne
625 2933 722 2965 lector
746 2935 908 2968 nimietate

178 2987 306 3011 mecum
322 2981 482 3014 obruatur.

907 3037 928 3066 5

1006 633 1082 665 Ver.
1119 639 1148 667 9.
1177 639 1254 668 nitet
1291 637 1402 679 diffuso
1436 642 1554 672 lumine
1583 645 1700 680 caelum,

968 683 1085 716 Confer
1099 687 1144 718 iii.
1161 692 1211 720 22.
1227 695 1259 720 et
1275 689 1474 728 Homerum,
1493 692 1534 724 Il.
1553 700 1591 725 Θ.
1609 698 1683 727 554.

1130 755 1226 790 agareos
1241 755 1264 782 δ’
1277 756 1316 792 ag’
1329 757 1455 794 baefipp'oern
1465 767 1573 787 merx
1586 758 1665 795 asor<-

966 808 1121 839 Nostrum
1155 810 1266 841 saltem
1290 811 1487 843 Prudentius
1507 812 1634 844 videtur
1655 824 1704 845 re-

963 861 1108 900 spexisse,
1123 869 1231 893 contra
1248 864 1367 904 Symm.
1382 864 1413 895 ii.
1427 868 1501 898 830.

1128 922 1188 946 solis
1198 923 1286 948 radius
1297 924 1457 950 colluminat
1469 931 1563 950 omnes

998 957 1100 992 Diffusa
1111 961 1240 993 splendore
1251 963 1339 988 locos:

967 1014 998 1038 et
1011 1019 1137 1039 versum
1152 1020 1247 1040 suum
1262 1011 1336 1041 hinc
1355 1012 1449 1044 Silius
1471 1013 1632 1052 formavit,
1646 1013 1703 1045 xii.

967 1065 1038 1092 658.

995 1121 1178 1155 purgatusque
1189 1122 1262 1153 nitet,
1279 1123 1400 1148 discussis
1410 1124 1536 1155 nubibus,
1547 1125 1634 1149 ether.

968 1173 1064 1203 Unde
1079 1173 1196 1203 eruerit
1209 1174 1288 1203 Pius
1303 1177 1442 1213 numine,
1457 1185 1571 1214 pamm
1584 1175 1699 1216 liquet:

965 1223 1150 1253 mendosam
1167 1234 1231 1254 esse
1252 1226 1448 1265 scripturam,
1465 1226 1499 1256 id
1514 1227 1588 1256 satis
1603 1226 1704 1267 liquet

967 1277 1016 1307 vel
1036 1278 1281 1309 caecutientibus.
1329 1279 1446 1309 Nescio
1469 1280 1548 1320 quis,
1566 1279 1701 1311 Anthol.

966 1330 1039 1360 Lat.
1058 1330 1211 1360 Burman.
1228 1330 1247 1360 i.
1266 1333 1317 1361 72.
1336 1334 1386 1361 65.

998 1392 1036 1414 Ut
1048 1394 1139 1415 tamen
1151 1391 1257 1415 inlaesos
1268 1391 1376 1422 Paphiae
1390 1391 1501 1416 servetis
1513 1394 1629 1421 amores,

997 1430 1109 1454 Vincula
1119 1431 1154 1454 sic
1167 1431 1263 1455 m'uztis
1274 1435 1354 1456 caute
1365 1432 1542 1463 constringite
1552 1431 1644 1460 ramis,

998 1473 1036 1496 Ne
1046 1471 1142 1502 diffusa
1153 1475 1220 1495 serat
1231 1479 1278 1503 per
1288 1471 1397 1497 frondes
1407 1472 1507 1496 lumina
1517 1471 1611 1495 Titan.

968 1521 1020 1551 Sic
1042 1522 1273 1560 reponendum:
1301 1532 1376 1552 nam
1398 1522 1523 1562 vulgari
1543 1521 1634 1558 solet,
1645 1520 1700 1561 fi·

1073 1574 1146 1613 Ipse
1164 1575 1275 1613 Carus,
1291 1576 1323 1606 ii.
1345 1578 1418 1606 211.

1195 1636 1222 1657 et
1235 1633 1330 1656 lumine
1340 1632 1446 1657 conserit
1455 1639 1533 1657 arva:

966 1581 1026 1605 rat.

962 1685 1018 1715 ubi
1040 1694 1098 1713 nos
1120 1684 1249 1714 videndi
1273 1695 1394 1721 sumuS,
1417 1690 1448 1714 et
1471 1684 1558 1714 locus
1582 1683 1700 1714 Avieni

964 1736 1003 1765 ad
1020 1736 1063 1765 iii.
1085 1739 1175 1766 1057.
1223 1736 1299 1765 Huc
1314 1736 1410 1765 etiam
1421 1742 1574 1774 spectant,
1589 1740 1700 1774 utpote

964 1786 1106 1826 ejusdem
1132 1797 1259 1826 prorsus
1285 1787 1477 1827 argumenti,
1500 1797 1607 1816 versus
1632 1795 1699 1816 non

964 1840 1109 1870 insuaves
1123 1839 1157 1868 in
1174 1839 1284 1869 eadem
1302 1838 1508 1879 Anthologia,
1522 1839 1562 1868 vi.
1579 1842 1630 1870 89.
1646 1842 1698 1869 26.

964 1893 1004 1923 de
1028 1894 1136 1922 Venere
1146 1907 1156 1927 ,·
1183 1901 1262 1932 quos
1284 1892 1342 1921 sibi
1361 1891 1610 1921 communicatos
1631 1900 1698 1920 non

965 1954 1048 1984 aegre
1065 1944 1144 1973 feret
1155 1943 1252 1972 lector
1268 1953 1377 1982 sapore
1392 1943 1480 1973 lauto
1494 1948 1671 1973 contactus:

975 2005 1106 2030 Adrident
1117 2004 1171 2028 late
1182 2007 1242 2027 toto
1254 2004 1401 2028 revolantia
1412 2004 1517 2028 mundo

977 2044 1077 2071 Sidera,
1089 2043 1209 2066 blandito
1221 2043 1362 2066 dominam
1374 2047 1502 2067 venerata
1511 2049 1616 2067 sereno.

976 2088 1034 2117 Ipsa
1046 2084 1099 2109 levi
1109 2084 1224 2108 residens
1235 2090 1326 2113 curru,
1337 2083 1478 2107 mitissima
1488 2084 1596 2113 divum,

977 2127 1095 2152 ventilat
1106 2125 1207 2150 adflatu
1219 2125 1333 2155 coelum,
1346 2125 1528 2157 Zephyrisque
1538 2124 1652 2149 remissis

975 2169 1077 2193 Mulcet
1087 2174 1174 2199 agros,
1192 2167 1298 2197 lenique
1309 2166 1371 2190 meis
1382 2166 1531 2198 adremigat
1543 2165 1608 2190 aura
1615 2175 1624 2195 ;

974 2210 1096 2234 Protinus
1107 2212 1137 2232 ut
1149 2208 1281 2239 liquidiun
1293 2207 1388 2231 Phoebi
1396 2207 1474 2237 jubar
1485 2213 1531 2231 ore
1542 2206 1655 2236 reclusit,

975 2253 1198 2281 Progressamque
1207 2248 1286 2272 deam
1295 2248 1413 2272 docuere
1421 2246 1691 2272 elementafavendo.

962 2300 1051 2330 :Male
1075 2301 1281 2331 Burmannus
1311 2299 1465 2339 conjectat
1490 2300 1632 2329 blandita
1656 2299 1692 2328 in

1267 2353 1311 2383 Et
1332 2354 1421 2389 satis,
1444 2351 1464 2381 i.
1480 2361 1506 2381 e.
1522 2353 1628 2390 segeti,
1650 2350 1693 2380 de

1543 2403 1691 2433 Adremi-

960 2352 1098 2383 secundo
1121 2363 1222 2383 versu.

958 2415 1029 2436 meo
1053 2403 1125 2434 dedi
1140 2414 1196 2443 pro
1218 2403 1372 2434 mendoso
1393 2405 1496 2434 astris.

955 2467 1009 2499 gat
1033 2462 1108 2491 satis
1132 2470 1260 2498 nempe:
1287 2469 1350 2499 quo
1372 2468 1437 2488 non
1460 2461 1606 2497 potuerat
1627 2455 1691 2486 ele-

957 2511 1095 2550 gantius.
1143 2510 1301 2549 Rescripsi
1323 2519 1448 2550 quoque
1468 2509 1606 2546 reclusit,
1622 2507 1690 2537 vioe

956 2567 1083 2595 recussit
1089 2580 1100 2600 ,-
1127 2569 1158 2593 et
1172 2574 1254 2601 vere,
1271 2562 1305 2592 ni
1320 2562 1420 2592 fallor.

998 2617 1074 2647 Ver.
1102 2621 1149 2647 10.
1165 2618 1276 2656 species
1291 2624 1384 2646 verna
1408 2615 1481 2644 diei.

956 2669 1096 2699 advertat
1119 2669 1217 2698 lector
1238 2667 1474 2698 conversionem
1495 2670 1589 2693 rectae
1610 2672 1684 2692 con-

955 2723 1136 2754 structionis
1151 2733 1276 2753 summo
1288 2731 1380 2761 opere
1395 2717 1544 2750 Lucretio
1558 2715 1685 2746 affecta-

955 2783 1031 2813 tam,
1054 2779 1167 2816 species
1189 2787 1281 2806 verna
1298 2774 1372 2808 diei,
1398 2772 1465 2801 vice
1485 2771 1598 2809 species
1620 2770 1687 2799 diei

956 2832 1054 2867 verni,
1066 2828 1116 2858 vel
1131 2828 1224 2857 veris:
1244 2831 1281 2855 ut
1296 2823 1489 2863 PropertiuS,
1505 2821 1551 2850 iii.
1570 2824 1619 2850 20.
1633 2823 1684 2849 28.

1014 2887 1193 2918 Librorumque
1204 2888 1270 2914 tuos,
1280 2883 1361 2907 docte
1371 2881 1526 2910 Menandre,
1537 2878 1601 2903 sales
1610 2887 1619 2903 .-

1525 2611 1686 2642 Animum

952 2947 1009 2977 pro
1023 2944 1146 2969 tuorum
1168 2938 1315 2967 librorum
1331 2935 1417 2965 sales.
1462 2932 1545 2962 Haec
1560 2930 1684 2960 sormu-

952 2991 984 3022 la
1015 2991 1121 3022 minus
1154 2994 1298 3030 percepta
1327 2987 1427 3019 doctis
1448 2986 1523 3017 viris
1551 2983 1685 3014 incussit
