1894 3253
538 229 772 278 LIBER
826 226 1242 277 SECUNDUS.

295 365 404 414 Quae
424 364 619 420 quoniam
640 378 725 404 non
747 369 854 411 sunt,
890 362 989 417 quin
1011 361 1131 403 rebus
1150 360 1312 402 reddita
1331 369 1443 403 certa

295 439 408 480 Finis
430 439 637 494 utrimque
658 446 769 479 tenet
790 451 1010 486 summam3
1041 436 1192 478 fateare
1214 450 1376 477 necesse
1395 443 1469 487 est,

292 513 514 554 Materiam
536 527 699 568 quoque
719 511 844 552 finitis
865 509 1029 550 differre
1049 509 1205 566 figuris.

348 587 556 642 Denique,
591 586 643 627 ab
663 585 827 642 ignibus
848 583 900 625 ad
920 583 1075 640 gelidas
1096 583 1322 639 hiemisque
1342 585 1510 639 pruinas

179 666 258 702 515
293 661 476 701 Finitum
497 669 572 710 est,
605 668 797 715 retroque
816 659 906 714 pari
927 659 1087 700 ratione
1107 673 1341 699 remensum
1361 668 1433 701 est.

290 734 439 776 Omnis
459 735 584 785 enim,
619 734 730 776 calor
750 748 797 775 ac
816 733 959 790 frigus:
994 732 1224 788 medieique
1244 741 1406 788 tepores

288 808 403 850 Inter
423 816 616 865 utrasque
628 808 783 865 jacent,
816 807 1026 863 explentes
1047 806 1194 848 ordine
1213 822 1433 850 summam.

143 975 239 1007 quam
264 965 458 995 familiariter
481 964 651 1002 adhibita5;
673 968 800 997 reddere
816 975 872 995 au-

143 1028 207 1051 tem
236 1022 269 1050 in
296 1022 393 1057 rebus,
424 1030 578 1060 nusquam
609 1020 682 1060 legi.
739 1021 871 1057 Rursus,

144 1072 282 1111 phrasim
298 1074 416 1102 reddita
440 1073 609 1113 certaflnis
624 1073 710 1103 rebus
732 1072 870 1102 libentis-

143 1123 220 1153 sime
236 1129 366 1161 usurpat
382 1128 501 1160 noster3
525 1123 579 1153 sed
602 1123 775 1154 locutiones
792 1123 870 1160 istae,

143 1184 213 1214 quae
229 1179 413 1213 exsurgunt,
430 1174 455 1203 si
469 1174 598 1203 seorsim
614 1180 770 1213 ponantur
783 1184 872 1203 voces

142 1227 230 1256 rebus
246 1228 366 1257 reddita
377 1242 387 1261 ,·
413 1231 506 1266 atque
522 1226 630 1256 itidem
647 1226 774 1256 seorsim
789 1232 871 1256 certa

131 1279 226 1320 finis,
242 1277 325 1318 quod
345 1277 443 1316 posito
460 1291 500 1317 τῳ
515 1284 542 1308 et
557 1278 712 1308 editorum
724 1278 764 1307 ad
777 1277 872 1307 finem

144 1328 248 1358 versus
263 1328 421 1367 extemplo
437 1329 617 1358 necessitate
639 1329 758 1358 factum
773 1334 829 1366 est,
853 1339 871 1358 a

142 1379 221 1419 stylo
231 1379 420 1409 Lucretiam)
432 1389 555 1418 prorsus
567 1381 743 1416 abhorrent,
757 1390 870 1420 neque,

142 1436 177 1460 ut
203 1436 363 1470 exputem,
391 1440 445 1469 per
471 1436 573 1461 totum
597 1431 664 1471 ejus
687 1432 799 1470 po'e'ma
820 1430 870 1460 vel

141 1482 206 1513 vice
221 1482 353 1521 simplici
370 1482 535 1513 lectoribus
551 1483 767 1513 ostenduntur.
793 1483 868 1522 Spe-

140 1543 207 1563 rem
232 1533 340 1574 igitur,
364 1535 430 1564 haec
459 1534 568 1563 saltem
595 1545 698 1564 meam
723 1535 869 1565 emenda-

140 1585 260 1615 tionem
273 1584 434 1625 judicibus
459 1585 555 1625 aequis
570 1592 601 1615 e't
625 1586 747 1617 idoneis
761 1597 870 1626 appro-

141 1637 252 1667 batura
264 1647 336 1667 esse.

142 1687 301 1728 Denique,
325 1687 385 1718 alia
400 1688 549 1719 divinatio
565 1690 661 1719 menti
674 1700 752 1719 meae
767 1701 799 1720 se
815 1691 868 1720 ob-

140 1739 263 1777 tulerat,
294 1750 388 1780 quam
415 1750 489 1770 cum
514 1740 628 1770 lectore
653 1742 867 1771 communica-

140 1790 219 1819 visse
237 1800 300 1820 non
317 1790 446 1830 pigebit,
473 1798 503 1820 et
519 1791 576 1820 viae
598 1791 768 1822 editoribus
783 1793 869 1822 initae

141 1842 248 1872 nullus
263 1842 405 1873 dubitem
427 1844 520 1884 louge
537 1845 703 1882 anteferre3
730 1846 870 1886 quamvis

140 1894 226 1924 haud
257 1904 324 1924 eam
350 1906 412 1934 prae
442 1895 495 1925 1112}
518 1896 638 1935 malim,
662 1907 757 1937 quam
787 1898 870 1937 prior

140 1945 199 1974 sim
218 1944 389 1985 ingressus:

154 2003 222 2033 Quae
234 2003 362 2033 qnoniam
376 2011 428 2029 non
438 2009 501 2029 sunt
512 2005 538 2029 in
551 2006 637 2036 rebus,
654 2007 696 2031 sed
707 2007 769 2032 data
780 2011 854 2032 certa

155 2042 224 2065 Finis
236 2043 374 2073 utrimque
385 2048 460 2068 tenet
472 2051 607 2069 Summam
618 2059 658 2069 .—

139 2097 175 2120 ut
191 2091 332 2130 inferius,
349 2103 374 2122 v.
391 2096 464 2123 584.

231 2152 306 2176 Posse
317 2151 374 2175 dari
377 2151 469 2183 finem.

182 2201 259 2231 Ver.
277 2206 348 2233 515.
375 2205 569 2234 Ilfateriam:
597 2205 633 2235 P.
650 2207 867 2237 ,Uacci-iem.—

132 2253 257 2293 fine'eis:
284 2254 327 2283 sic
344 2255 378 2284 P.
396 2262 435 2285 Π.
457 2256 513 2286 soli
521 2268 530 2293 ;
553 2257 679 2297 reliquis
704 2259 737 2288 in
763 2259 865 2288 omni-

141 2304 199 2331 bus
222 2303 336 2343 legitur
358 2309 501 2347 infinitis,
524 2310 716 2348 apertissimo
739 2311 866 2350 scripto-

142 2354 185 2383 ris
210 2365 302 2394 scopo
324 2361 613 2397 repugnante—In
639 2362 740 2400 priore
765 2374 866 2401 versu,

141 2415 198 2444 pro
214 2409 374 2447 utrimque,
399 2415 438 2439 Π.
462 2417 639 2452 utrumqne.-
665 2424 735 2454 quae
757 2415 866 2446 dictio-

143 2467 198 2486 nes
209 2457 286 2487 alias
302 2459 546 2493 confunduntur.

187 2508 268 2539 Ibid.
281 2511 530 2552 finitisfigure's:
549 2513 567 2542 i.
581 2524 606 2544 e.
623 2518 645 2532 “
660 2516 770 2551 Quum
781 2528 866 2548 sum-

139 2562 164 2578 “
180 2570 234 2589 ma
264 2560 360 2599 ipsius
387 2564 524 2593 materiae
550 2565 588 2595 sit
617 2566 714 2606 finita,
746 2579 868 2600 necesse

143 2614 165 2629 “
182 2618 239 2649 est,
264 2619 298 2642 ut
313 2623 423 2644 omnes
438 2615 555 2656 figurae,
581 2628 657 2658 quas
671 2621 800 2651 materia
813 2633 868 2660 po-

141 2666 164 2681 ‘⁴
182 2664 255 2693 terit
263 2664 405 2704 iuduere,
419 2667 481 2697 sint
492 2669 586 2699 etiam
597 2680 730 2702 numero
741 2673 867 2704 finitae.”

142 2714 238 2744 Hanc
264 2721 369 2746 tamen
393 2719 627 2750 conclusionem
651 2724 749 2761 po'etae
771 2725 867 2754 nostri

139 2764 199 2795 -filii
213 2775 445 2806 geometrarum
461 2771 489 2800 ei
504 2779 578 2802 sunt
592 2775 777 2814 neutiquam
792 2786 866 2806 con-

143 2819 265 2849 cessuri.
314 2821 374 2851 Sed
396 2831 468 2852 eum
484 2833 576 2854 sensu
599 2825 698 2864 po‘etae
711 2837 868 2866 gramma-

144 2866 215 2903 tico,
248 2879 312 2900 non
338 2873 482 2903 accurata
513 2875 699 2914 opinionum
728 2878 868 2917 veritate,

146 2919 236 2950 nobis
248 2921 283 2952 in
294 2923 353 2954 hoc
367 2935 498 2957 munere
513 2927 716 2968 defringendo
733 2940 781 2960 res
793 2936 845 2962 est.

959 963 1035 994 Ver.
1051 966 1123 995 515.
1148 970 1193 1004 Tap
1215 970 1257 995 est
1273 964 1411 995 secundo
1433 970 1540 996 carent
1555 966 1591 997 Β.
1609 972 1644 998 Δ.

916 1016 1034 1046 -Ηος
1049 1023 1153 1046 autem
1166 1016 1241 1046 dicit
1253 1017 1429 1048 Lucretius:
1459 1021 1481 1037 ‘⁶
1494 1019 1556 1048 Per
1565 1024 1644 1049 tem-

917 1071 939 1086 “
956 1074 1087 1106 pestates
1101 1074 1235 1108 quatuor
1255 1069 1475 1100 tantummodo
1490 1076 1573 1101 totus
1587 1081 1644 1101 an-

916 1122 938 1136 “
956 1129 1015 1148 nus
1038 1118 1231 1149 demutatur:
1262 1121 1300 1149 ab
1324 1120 1451 1160 ignibus
1475 1123 1590 1152 aestatis
1617 1123 1645 1153 si

917 1175 938 1189 “
955 1171 1138 1209 exordiaris,
1155 1178 1185 1201 ct
1198 1182 1325 1201 cursum
1341 1183 1396 1211 per
1405 1173 1531 1212 pruinas
1546 1185 1645 1215 usque

916 1226 937 1240 “
954 1223 994 1252 ad
1020 1223 1143 1253 eosdem
1166 1223 1256 1262 ignes
1272 1225 1452 1260 remetiaris‚
1475 1235 1585 1256 omnes
1600 1227 1645 1256 vi-

915 1278 937 1293 “
954 1275 1039 1305 debis
1054 1275 1216 1305 varietates
1232 1282 1469 1315 tempestatum3
1493 1289 1595 1308 annus
1610 1279 1645 1309 in

918 1329 940 1344 “
957 1326 1033 1356 alias
1049 1337 1113 1356 non
1129 1327 1278 1357 excurrit:
1306 1329 1353 1357 his
1369 1328 1443 1358 solis
1459 1329 1644 1359 terminatur

915 1380 937 1395 “
952 1377 985 1407 in
1002 1377 1258 1417 omnitempore:
1285 1389 1358 1409 suos
1387 1379 1469 1410 intra
1495 1380 1583 1420 fines,
1606 1387 1643 1411 ut

916 1433 937 1448 ‘⁶
953 1429 1015 1460 alia
1030 1430 1183 1466 universa,
1207 1431 1414 1462 continetur.'’

955 1482 1030 1511 Ver.
1043 1484 1115 1512 516.
1135 1483 1258 1512 Omnis:
1285 1483 1304 1513 i.
1320 1494 1344 1514 e.
1371 1487 1392 1501 “
1411 1484 1525 1514 Omnis
1540 1496 1642 1516 (ninus

916 1535 937 1550 “
952 1539 995 1563 est
1010 1533 1104 1570 calor,
1121 1544 1156 1563 ac
1167 1534 1284 1574 frigus;
1306 1535 1385 1564 nihil
1396 1535 1516 1566 aliud.”
1562 1537 1640 1566 Edi-

915 1585 1015 1614 tiones
1031 1585 1120 1615 nobis
1135 1585 1211 1616 dant
1226 1588 1330 1625 Finit,
1355 1587 1459 1617 invitis
1474 1588 1559 1618 libris
1573 1599 1641 1618 om-

915 1636 1014 1673 nibus,
1039 1638 1064 1667 si
1087 1637 1222 1677 excipias
1238 1637 1528 1677 Vindobonensem,
1551 1641 1641 1681 cujus

914 1689 1093 1719 collatorem
1110 1690 1143 1719 in
1159 1689 1295 1720 hocloco
1307 1691 1465 1729 probabile
1481 1698 1526 1722 est
1541 1703 1639 1723 cessa-

1045 1748 1084 1771 Π.
1101 1742 1274 1780 interponit
1288 1754 1324 1772 ac
1336 1749 1403 1781 post
1417 1746 1506 1774 enim.
1555 1744 1587 1773 Si
1603 1744 1642 1775 ad

913 1792 1105 1832 conjecturas
1118 1792 1306 1833 fugiendum
1324 1793 1375 1831 sit,
1392 1795 1621 1833 proposuerim:

912 1740 998 1771 visse.

975 1851 1048 1875 obdit
1058 1851 1130 1876 enim
1142 1852 1215 1876 calor
1226 1859 1256 1876 ac
1269 1851 1365 1884 frigus:

912 1900 932 1930 i.
948 1911 973 1930 e.
1004 1901 1558 1944 (¹laudit—-impedit—-obstat—quo
1581 1905 1642 1935 mi-

913 1962 973 1982 nus
989 1952 1151 1993 divagetur
1158 1965 1166 1990 ;
1192 1953 1270 1983 adeo
1286 1960 1321 1983 ut
1339 1968 1370 1984 -τα
1388 1957 1478 1985 Finit
1504 1966 1542 1985 ex
1556 1955 1639 1996 glos-

912 2009 1028 2034 semate
1044 2010 1155 2034 natum
1170 2005 1267 2035 videri
1287 2005 1395 2043 possit:
1422 2005 1506 2046 quod
1529 2007 1642 2037 millies

912 2056 1029 2085 factum
1047 2056 1199 2087 novimus.
1244 2057 1365 2087 Festus:
1395 2060 1417 2075 “
1447 2059 1558 2090 Ohdere
1584 2070 1640 2100 op-

914 2110 936 2124 “
950 2107 1096 2145 ponere.”

956 2159 1037 2189 Ibid.
1052 2161 1164 2189 medici
1177 2165 1300 2199 tepores.
1326 2160 1397 2190 Hos
1410 2161 1564 2201 Virgilius
1574 2169 1640 2193 tam

910 2211 1072 2251 exquisitis
1101 2211 1239 2241 versibus
1266 2212 1392 2242 uberius
1416 2214 1570 2252 exposuit,
1604 2221 1641 2245 ut

911 2262 989 2292 mihi
1004 2269 1176 2302 temperare
1191 2274 1355 2304 nequeam,
1384 2264 1459 2303 quin
1475 2275 1639 2304 apponam.

911 2314 1079 2354 Leguntur
1093 2321 1199 2343 autem
1214 2314 1246 2344 in
1262 2325 1332 2355 geo.
1350 2315 1382 2344 ii.
1399 2318 1473 2345 543.

942 2388 995 2411 Nec
1006 2393 1047 2411 res
1058 2387 1130 2411 hunc
1142 2391 1245 2412 tenera:
1257 2392 1364 2419 possent
1378 2387 1495 2419 perferre
1506 2389 1636 2421 laborem,

943 2426 968 2449 Si
978 2432 1031 2449 non
1042 2430 1118 2451 tanta
1130 2427 1203 2458 quies
1214 2427 1264 2452 iret
1268 2427 1412 2459 frigusque
1422 2428 1582 2460 calore-mque

942 2465 1025 2494 Inter,
1042 2468 1069 2489 et
1081 2466 1220 2497 exciperet
1230 2467 1293 2491 coeli
1304 2467 1470 2498 indulgentia
1480 2472 1572 2493 terras.

914 2528 1009 2557 Anne
1030 2528 1149 2569 aliquid
1164 2529 1269 2559 divino
1292 2530 1345 2560 illo
1361 2530 1488 2571 ingenio
1511 2531 1638 2572 dignius

912 2578 1032 2618 legisti?
1057 2580 1100 2609 Et
1115 2586 1180 2609 tam
1195 2584 1351 2619 autumni,
1368 2593 1461 2621 quam
1474 2586 1559 2619 veris,
1583 2584 1636 2615 de-

912 2629 1036 2668 scriptio
1051 2636 1097 2660 est
1118 2631 1286 2671 generalis3
1312 2633 1357 2662 uti
1383 2633 1507 2663 Servius
1531 2635 1635 2666 existi-

912 2687 986 2710 mat.

955 2732 1028 2762 Ver.
1045 2735 1116 2763 517.
1140 2740 1301 2774 utrasque:
1330 2746 1444 2776 nempe
1469 2743 1634 2778 tempesta-

911 2790 956 2812 tes
963 2795 972 2819 ;
996 2789 1032 2812 ut
1049 2784 1268 2824 Hippocrates,
1292 2789 1397 2826 aphor.
1414 2789 1458 2820 iii.
1476 2794 1524 2821 16.
1541 2805 1566 2822 εν
1583 2806 1634 2835 τῃ-

914 2847 953 2862 σιν
969 2836 1160 2877 επομξριῃσιν.·
1187 2837 1207 2867 i.
1223 2847 1247 2867 e.
1265 2839 1362 2880 u‘tp0u5:
1387 2839 1425 2869 de
1449 2841 1511 2881 quii
1534 2842 1635 2881 ellipsi

913 2886 1122 2916 consulendus
1137 2894 1182 2918 est
1203 2889 1240 2919 L.
1257 2890 1343 2920 Bosii
1365 2891 1498 2930 libellus,
1521 2894 1573 2923 ubi
1589 2894 1634 2923 ie-

913 2945 967 2966 cus
984 2936 1186 2978 Hippocratis
1207 2940 1380 2973 adducitur.
1425 2944 1506 2974 Haec
1521 2944 1637 2975 scilicet
