1894 3253
619 259 858 308 LIBER
899 258 1213 308 PRIMUS.

1610 265 1670 306 31

316 392 478 434 Ennius
498 399 545 434 ut
565 401 704 434 noster
725 394 887 445 cecinit,
910 394 980 450 qui
1000 392 1157 449 primus
1179 404 1342 433 amoeno

313 466 476 508 Detulit
496 482 548 508 cx
571 467 776 509 Helicone
795 469 968 523 perenni
988 468 1137 509 frunde
1157 481 1371 518 coronam,

201 545 280 582 120
312 540 394 582 Per
413 542 571 598 gentcis
594 542 716 584 Italas
735 542 954 584 hominum
978 558 1071 598 quae
1093 543 1202 583 clara
1221 541 1386 583 clueret.

364 679 518 711 primusque
531 681 606 705 novis
616 681 733 706 Helicona
745 688 856 708 movere

230 727 369 757 Cantibus,
381 732 419 758 et,
430 728 508 753 viridi
519 732 644 754 nutantes
656 729 767 761 vertice,
776 730 878 762 sylvas.

167 784 240 815 Ver.
259 788 326 816 119.
342 797 376 816 er
391 786 559 817 Helicone.-
585 787 626 817 V.
643 787 689 818 ed.
708 794 754 818 n.-
771 799 806 819 etc
820 789 894 819 lico-

164 847 218 867 ne:
244 838 332 877 quasi
358 838 457 868 solitae
479 839 683 869 aberrationis
706 840 739 870 in
762 840 896 880 propriis

163 888 345 919 nominibus
375 895 510 930 tenaces,
535 892 630 922 etiam
657 892 829 922 notissimis
859 901 895 922 ac

163 939 367 979 planissimis.

208 991 291 1023 Ibid.
308 996 441 1033 perenni
451 995 587 1034 frande:
612 1005 709 1035 quam
723 1001 812 1026 vocat
827 995 895 1026 Pli-

164 1042 248 1080 nius,
266 1051 328 1074 nat.
344 1046 416 1075 hist.
438 1046 497 1077 xvi.
516 1050 566 1078 93·
583 1046 698 1077 αἰενηᾶ
703 1046 821 1088 fronde
828 1062 838 1083 ;
858 1058 896 1078 ex

163 1097 274 1127 arbore
295 1097 422 1136 scilicet,
439 1098 528 1139 cujus
551 1099 626 1129 folia
640 1109 695 1138 per
709 1099 784 1129 anni
800 1099 897 1130 totius

164 1148 246 1178 vices
261 1148 384 1187 florent,
400 1160 458 1180 nec
473 1150 598 1189 pallida,
615 1160 674 1180 nec
688 1150 830 1181 decidua.

163 1202 199 1233 F
199 1204 296 1232 rumle
311 1211 384 1232 vero
399 1202 581 1242 antiquitus,
597 1208 634 1232 ut
648 1212 751 1241 supra,
768 1213 829 1232 ver.
849 1206 896 1234 19.

153 1254 368 1295 ι)(“ιίιη(ἰι]ὲ·νιιε,
392 1259 425 1283 et
448 1254 585 1292 Ennius,
617 1264 689 1284 ann.
717 1264 744 1284 v.
773 1257 794 1272 “
810 1254 898 1284 silva‘i

164 1304 393 1346 “fi-undosa'z'.”
422 1305 578 1344 Sosipater
592 1306 762 1344 Charisius,
774 1306 824 1336 lib.
838 1306 856 1336 i.
868 1317 897 1345 p.

166 1361 236 1389 105.
261 1361 282 1375 “
299 1358 397 1395 Fms,
412 1357 664 1398 liujusfi·znzdz's;
691 1358 776 1399 quod
799 1358 842 1388 sic
858 1359 897 1388 ab

165 1412 189 1428 “
204 1408 312 1440 Ennio
335 1414 381 1438 est
396 1408 588 1439 declinatum
611 1420 683 1440 ann.
703 1410 754 1440 vii.
780 1410 893 1440 Rares-

163 1464 186 1480 ‘⁶
216 1467 289 1491 cant
307 1460 454 1501 wazdes,
485 1471 550 1491 non
569 1461 732 1501 frondes.''
785 1461 896 1492 Velius

163 1513 307 1553 Longus,
325 1512 363 1542 de
378 1514 577 1553 orthograph.
600 1514 658 1543 sub
672 1513 740 1543 init.
764 1519 784 1532 “
802 1514 896 1544 Unde

165 1565 238 1595 “in
260 1564 369 1594 multis
384 1564 481 1595 etiam
504 1565 686 1595 nominibus
707 1566 799 1595 variae
822 1572 896 1596 sunt

164 1621 187 1638 “
211 1617 384 1656 scripturae;
412 1623 448 1646 ut
473 1617 586 1652 fontes,
598 1617 726 1657 santes;
756 1617 894 1656 frondes,

152 1670 322 1712 fi·zt›zdes.‘'
376 1669 445 1698 Nec
470 1669 600 1707 mirum,
629 1669 653 1698 si
678 1669 896 1708 accipiendum

163 1721 203 1752 sit
218 1728 346 1761 etymon
362 1720 526 1757 Van-onis,
551 1720 590 1750 de
605 1720 682 1760 ling.
698 1721 768 1750 Lat.
790 1720 829 1750 iv,
846 1724 896 1750 26.

165 1776 189 1792 “
205 1774 302 1811 Fons,
318 1772 402 1802 unde
418 1772 572 1812 stenditur
595 1782 612 1801 e
635 1772 718 1801 terra.
743 1782 824 1811 aqua
851 1771 895 1799 vi-

165 1828 188 1844 “
204 1824 272 1855 va.’'
329 1824 402 1853 Hos
429 1829 535 1852 autem
562 1832 743 1863 αρχαϊσμες,
770 1828 807 1852 ut
831 1828 897 1852 erat

162 1875 366 1915 sperandum,
403 1873 519 1912 passim
548 1873 749 1902 obliteravere
779 1872 897 1902 librarii

164 1927 345 1965 scriptores3
369 1924 623 1965 orthographiam
639 1924 824 1954 venerandae
840 1934 895 1953 an-

164 1978 315 2019 tiquitatis
330 1977 375 2013 ezi,
389 1988 459 2017 quae
474 1976 558 2016 apud
574 1986 646 2006 suos
661 1976 794 2016 aequales
809 1976 895 2005 inva-

164 2029 269 2067 luerit,
302 2039 356 2068 per
381 2027 663 2058 constantissimam
693 2027 897 2065 pervicaciam

164 2092 202 2112 ac
227 2091 385 2111 summam
411 2080 567 2110 inscitiam
591 2084 758 2108 mutantes.
816 2078 897 2108 Vide

164 2134 255 2174 plura
268 2133 307 2163 ad
320 2142 379 2162 ver.
394 2135 465 2162 7⁶22.
504 2131 574 2161 Viri
590 2130 771 2168 doctissimi,
789 2130 898 2160 Vossi-

163 2195 202 2216 us
214 2191 245 2215 et
258 2184 514 2223 Oudendorpius,
527 2193 597 2213 vere
608 2182 811 2212 restituerunt
829 2182 898 2212 Cae-

164 2248 266 2267 sarem
281 2237 320 2267 de
336 2235 406 2266 bell.
423 2235 478 2266 civ,
494 2235 537 2264 iii.
554 2238 604 2266 58.
621 2238 643 2253 “
659 2235 754 2264 etiam
765 2233 843 2274 frus
859 2244 897 2263 ex

165 2292 189 2307 ‘⁴
206 2289 367 2319 arboribus
390 2287 590 2318 deficiebat:’‘
615 2297 709 2327 quam
725 2286 897 2316 dictionem

163 2341 199 2370 in
213 2341 348 2380 vulgatae
366 2340 508 2370 lectionis
530 2339 752 2378 prolixitatem,
765 2339 894 2379 fructus

165 2391 246 2429 dico,
262 2390 449 2430 pronissimi:
471 2401 567 2420 manu
589 2390 707 2420 librarii
729 2396 894 2420 extensum

164 2445 256 2475 irent.
302 2444 348 2474 Ut
374 2453 446 2472 vero
470 2443 510 2472 ad
532 2443 727 2482 propositum
748 2447 894 2478 revertar,

166 2496 217 2527 vel
230 2495 446 2534 inscriptiones
461 2494 616 2533 lapidibus
637 2494 754 2531 incisae,
778 2499 894 2523 vestus-

168 2555 235 2579 tam
251 2545 506 2587 orthographiam
528 2545 651 2575 fidelius
665 2545 832 2583 tradentes,
849 2545 895 2576 lo-

167 2599 388 2640 cupletissimae
413 2603 543 2627 manent
565 2602 666 2633 testes,
690 2602 841 2636 quantam
863 2596 897 2626 in

166 2653 225 2683 hac
240 2650 400 2691 provincia
423 2649 646 2690 grassationem
670 2648 727 2678 sibi
749 2648 896 2687 permise-

165 2705 231 2735 rint
245 2704 472 2742 exscriptorum
488 2701 582 2731 natio.

210 2757 288 2787 Ver.
316 2759 385 2786 120.
433 2754 503 2784 Vox
527 2755 682 2784 hominum
706 2754 792 2783 abest
816 2763 835 2783 a
856 2753 898 2783 V.

168 2809 218 2840 ed.
233 2815 264 2839 et
277 2809 344 2838 vice
359 2810 482 2843 clueret,
494 2814 534 2838 n.
550 2808 670 2837 relucet.

216 2860 296 2891 Ibid.
310 2862 426 2901 gentez's
442 2861 540 2890 Italas
555 2860 710 2889 hominum
735 2856 814 2886 dixit
828 2865 900 2887 nos·

170 2917 218 2941 ter
242 2923 297 2951 per
320 2912 529 2943 inversionem
558 2910 722 2950 po'e'ticam,
753 2909 810 2938 sibi
835 2908 898 2938 fre-

170 2970 364 3006 quentatam,
374 2975 431 3005 pro
439 2966 554 3006 genceis
563 2966 712 2997 Italorum
723 2963 877 2996 hominum
884 2974 895 2994 .-

939 683 978 714 de
1000 681 1063 724 qua
1084 681 1223 713 formula
1244 681 1349 712 videas
1376 680 1556 713 Bentleium
1577 681 1671 720 infra,

940 734 980 765 ad
992 735 1030 765 vi.
1058 738 1147 765 1065.
1176 744 1235 764 nos
1250 733 1291 764 ad
1308 734 1430 764 Mosch.
1448 733 1487 764 id.
1509 733 1539 764 ii.
1558 736 1627 763 121.
1642 738 1673 763 et

941 797 1011 827 quae
1035 786 1269 817 adnotabuntur
1294 785 1334 815 ad
1360 795 1422 815 ver.
1447 788 1518 816 475.
1541 783 1672 826 hujusce

939 839 1018 870 libri.
1060 839 1111 868 Sic
1127 838 1292 879 Virgilius,
1310 839 1385 869 AEn.
1401 838 1452 869 xii.
1473 843 1541 871 199.

1031 897 1139 928 Vimque
1150 898 1233 923 deum
1244 897 1371 929 infernam
1381 906 1389 922 .-

941 956 998 986 pro
1021 950 1042 964 “
1059 947 1122 976 vim
1138 946 1271 976 deorum
1285 945 1521 976 infernorum:”
1546 947 1600 977 ubi
1616 957 1673 986 pro

940 1009 994 1038 spe
1010 998 1081 1029 mea
1095 999 1216 1028 variant
1231 998 1264 1027 in
1279 1008 1354 1028 voce
1370 998 1524 1039 infernam
1541 999 1671 1031 codices.

941 1052 985 1081 Et
995 1050 1130 1091 judicari
1145 1056 1246 1090 potest
1260 1049 1511 1080 additamentum
1526 1061 1670 1090 superva-

941 1113 1074 1133 caneum
1090 1113 1215 1142 prorsus
1231 1116 1263 1133 era
1279 1104 1435 1132 hominum
1451 1102 1485 1132 in
1500 1113 1590 1132 versu
1606 1103 1673 1133 Lu-

939 1155 1037 1190 cretii,
1069 1160 1105 1184 ut
1130 1155 1164 1183 in
1188 1156 1247 1184 hoc
1274 1154 1415 1183 Suetonii
1444 1154 1522 1190 loco,
1548 1155 1590 1185 iii.
1618 1158 1672 1187 61.

943 1211 965 1225 “
983 1206 1100 1236 Nullus
1115 1216 1133 1235 a
1147 1205 1239 1245 poena
1265 1207 1422 1236 hominum
1445 1206 1576 1235 cessavit
1590 1206 1673 1245 dies;

943 1263 965 1278 “
982 1269 1022 1288 ne
1034 1258 1196 1298 religiosus
1211 1257 1350 1298 quidem,
1367 1268 1403 1287 ae
1412 1258 1531 1287 sacer.”
1549 1258 1613 1288 Ubi
1624 1269 1674 1289 re-

943 1316 1065 1349 ceptam
1091 1309 1258 1340 lectionem
1283 1315 1390 1339 tuetur
1415 1308 1673 1349 Oudendorpius,

941 1369 972 1392 et
987 1361 1124 1391 fortassis
1147 1360 1267 1391 erudite
1289 1366 1384 1401 atque
1400 1361 1584 1399 prudentem
1608 1372 1673 1392 non

939 1423 1067 1453 possum
1078 1418 1185 1442 tamen
1197 1413 1274 1453 quin
1286 1412 1463 1442 existimem
1473 1413 1673 1452 vocabulum,

940 1465 979 1495 de
993 1475 1056 1505 quo
1071 1464 1185 1505 agitur,
1202 1463 1335 1494 caudam
1348 1464 1390 1494 ibi
1407 1465 1528 1494 trahere
1543 1464 1671 1505 ineptis-

940 1516 1030 1555 sime,
1047 1521 1077 1546 et
1092 1515 1283 1557 exquisitum
1298 1515 1480 1554 scriptorem
1497 1515 1541 1546 ita
1556 1517 1673 1547 consti-

939 1569 1035 1599 tuisse
1062 1570 1101 1598 ab
1125 1568 1216 1598 initio
1239 1568 1421 1608 periodum:
1464 1571 1485 1586 “
1510 1568 1628 1599 Nullus
1654 1580 1673 1599 a

941 1625 962 1640 ‘⁶
988 1619 1082 1660 poena
1100 1622 1236 1651 omnium
1263 1620 1393 1650 cessavit
1416 1619 1519 1650 dies:''
1546 1620 1565 1649 i.
1583 1629 1608 1650 e.
1631 1631 1673 1650 ne

940 1673 1068 1713 quidem
1084 1683 1181 1702 unus:
1208 1672 1294 1712 quod
1315 1671 1489 1701 venustum'
1500 1671 1605 1707 fuerit,
1621 1671 1670 1701 ef-

942 1725 1092 1764 ficaxque.
1139 1723 1294 1753 Nostrum
1317 1723 1452 1762 denique
1478 1722 1594 1752 imitari
1616 1732 1672 1752 vo-

940 1776 1000 1805 luit
1017 1775 1164 1804 Sidonius
1180 1774 1385 1813 Apollinaris,
1408 1774 1483 1804 xxii.
1505 1777 1577 1804 178.
1594 1773 1671 1804 rari-

942 1837 994 1857 ore
1010 1825 1186 1865 adoptanda
1201 1826 1376 1856 locutione:

972 1895 1053 1923 Cum,
1071 1893 1169 1925 populis
1195 1893 1322 1917 hominum
1338 1892 1471 1924 'glandem
1488 1892 1670 1923 linquentibus

1065 1933 1130 1956 olim

971 1972 1054 1997 Fulvii
1065 1950 1142 2003 fruge
1153 1972 1227 2002 data,
1236 1973 1292 2003 jam
1301 1971 1391 1997 secula
1403 1971 1477 1996 fulva
1490 1971 1617 2003 perirent.

942 2021 1010 2051 Nec
1026 2026 1133 2050 tamen
1149 2020 1235 2050 lauto
1250 2020 1358 2050 lectori
1374 2020 1515 2058 taedium‚
1532 2026 1568 2050 ut
1583 2026 1673 2060 puto,

941 2083 1054 2110 creem,
1071 2073 1096 2102 si
1111 2072 1218 2102 locum
1235 2071 1314 2109 Silii,
1330 2071 1383 2102 ubi
1393 2073 1459 2102 haec
1474 2072 1610 2102 formula
1625 2073 1671 2103 fe-

944 2125 1025 2156 fellit
1047 2125 1232 2163 Heinsium,
1247 2126 1342 2164 probe
1357 2125 1564 2156 constitutum
1578 2125 1672 2157 dede-

943 2188 989 2216 ro,
1006 2177 1089 2207 Pun.
1099 2177 1138 2207 vi.
1153 2180 1226 2207 556.

1106 2237 1189 2261 nubes
1198 2236 1286 2261 subito
1297 2243 1361 2261 cum
1372 2237 1452 2261 densa
1463 2238 1604 2260 Laconum

972 2277 1076 2301 saxosis
1087 2276 1193 2301 latebn's
1203 2276 1339 2301 intentum
1351 2277 1385 2300 ad
1396 2276 1489 2308 praelia
1498 2276 1601 2300 circum

971 2318 1113 2347 Funditur,
1129 2321 1157 2342 et
1170 2319 1249 2341 Poemz
1260 2317 1373 2349 insurgit
1385 2317 1431 2341 vis
1442 2323 1514 2340 saeva
1525 2315 1655 2340 virorum.

941 2367 1029 2398 Ordo
1051 2372 1113 2396 est:
1146 2371 1165 2383 “
1188 2366 1298 2396 Nubes
1320 2366 1466 2396 funditur
1492 2377 1526 2396 er
1548 2363 1674 2394 latebris

939 2423 960 2438 “
992 2419 1111 2449 circum
1138 2419 1326 2449 intentum.”
1382 2418 1504 2458 Vulg0‚
1535 2419 1668 2452 intento,-

942 2471 975 2512 (i.
999 2481 1026 2501 e.
1045 2473 1203 2509 z'ntentom,
1227 2470 1261 2500 ni
1275 2470 1380 2510 fallor)
1404 2468 1490 2499 cassa
1512 2474 1671 2497 construc-

940 2523 1036 2554 tione.
1082 2523 1247 2561 Heinsius,
1265 2522 1412 2556 Poenzinm
1438 2531 1535 2561 quam
1549 2519 1672 2560 conjec-

940 2581 1045 2606 turam
1064 2576 1151 2606 locus
1167 2575 1306 2606 Lucretii
1322 2573 1443 2604 refellit.
1489 2572 1553 2602 His
1575 2572 1670 2602 etiam

942 2628 1123 2658 Priscianus
1138 2628 1171 2657 in
1182 2626 1342 2667 periegesi,
1358 2635 1420 2655 ver.
1439 2627 1510 2656 659.
1527 2623 1671 2654 commit-

941 2685 1034 2718 tetur,
1057 2687 1123 2710 tam
1137 2679 1222 2720 quod
1244 2679 1330 2708 locus
1352 2676 1593 2717 elegantioribus
1619 2686 1669 2706 ac-

942 2732 1060 2763 censeri
1070 2732 1175 2770 possit,
1189 2740 1284 2769 quam
1294 2736 1330 2759 ut
1340 2726 1545 2759 leviusculam
1561 2737 1668 2757 emen-

943 2784 1104 2814 dationem
1120 2782 1211 2812 nobis
1224 2786 1381 2820 acceptam
1397 2780 1522 2810 referat:

958 2845 1035 2868 Hunc
1048 2846 1150 2871 tamen,
1161 2841 1292 2866 immenso
1300 2844 1449 2865 torrentem
1459 2839 1580 2868 flumine,
1588 2836 1670 2863 vertit

960 2885 990 2907 In
1002 2883 1115 2914 glaciem
1128 2883 1232 2911 Boreas,
1244 2881 1376 2905 horrendo
1388 2879 1496 2903 flamine
1506 2885 1604 2902 seems.

943 2931 946 2933 >
958 2924 1016 2946 Heu
1027 2922 1032 2946 ἵ
1052 2921 1160 2945 miseros
1172 2921 1302 2950 homines,
1313 2920 1435 2944 habitant
1448 2919 1493 2948 qui
1506 2918 1600 2943 finibus
1609 2915 1666 2945 illis,

957 2963 1026 2990 A'ere
1034 2962 1164 2988 damnatos
1174 2962 1254 2993 tristi,
1263 2961 1399 2993 nimioque
1409 2959 1496 2992 rigore
1501 2966 1512 2990 3
