1894 3253
619 269 854 319 LIBER
898 269 1207 321 PRIMUS.

1580 281 1669 324 165

194 407 277 446 965
312 403 454 459 Usquc
474 403 593 453 adeo,
616 418 738 459 quem
759 403 930 459 quisque
949 404 1084 444 locum
1105 402 1300 459 possedit,
1322 403 1365 445 in
1387 405 1544 448 omneis

315 477 597 519 Tantumdem
617 479 768 533 parteis
788 478 998 518 infinitum
1019 494 1143 520 omne
1163 478 1367 534 relinquit.

374 552 595 602 Praeterea,
618 553 650 593 si
664 554 752 607 jam
773 552 936 593 finitum
958 554 1231 594 constituatur

317 625 470 675 Omne,
493 625 605 680 quod
627 634 700 674 est,
723 626 916 680 spatium,
939 626 971 666 si
992 626 1082 681 quis
1102 636 1319 681 procurrat
1339 629 1391 670 ad
1412 644 1504 671 oras

316 699 497 741 Ultimus
518 706 736 748 extremas,
753 699 958 754 jaciatque
979 699 1138 740 volatile
1157 700 1298 752 telum,

201 776 283 816 970
315 773 365 814 Id
386 772 529 814 validis
550 780 691 813 utrum
712 781 949 814 contortum
970 773 1124 815 viribus
1144 775 1218 825 ire,

314 846 413 897 Quo
433 846 556 888 fuerit
574 847 759 898 missum,
782 848 926 898 mavis,
950 848 1154 905 longeque
1174 849 1311 891 volare
1317 868 1330 900 3

171 1004 292 1044 Vulgo,
307 1010 499 1044 sequentum;
525 1009 556 1033 et
570 1010 700 1044 utroque
715 1004 842 1043 melius,
865 1004 899 1035 ni

171 1056 273 1094 fallor,
290 1056 396 1093 fuerit,
412 1057 470 1085 hoc
486 1055 593 1086 modo:

201 1126 340 1156 Quantum
352 1125 409 1149 acie
419 1128 526 1156 possent
537 1124 601 1149 oculi
613 1131 718 1149 servare
728 1129 866 1157 sequentes.

173 1178 248 1208 Hoc
274 1178 402 1208 demum
421 1177 569 1207 absolutae
594 1177 763 1208 venustatis
787 1184 843 1214 est,
871 1183 902 1208 et

171 1240 243 1259 vere
260 1229 483 1270 Virgilianum.

218 1281 290 1311 Ver.
315 1285 385 1312 96⁴2.
408 1291 555 1311 summam
562 1296 572 1315 ;
598 1280 634 1310 Ρ.
663 1279 760 1310 Vind.
785 1281 826 1309 V.
851 1280 899 1310 ed.

174 1337 209 1363 Σ.
231 1333 533 1362 summum—nillil:
561 1337 601 1361 Π.
620 1337 664 1361 Ω.
687 1333 742 1362 nil.
771 1331 901 1361 Habent

171 1390 225 1421 est,
242 1383 281 1413 ad
298 1383 393 1413 finem
408 1383 524 1419 versus,
550 1389 590 1413 Π.
608 1387 643 1414 Σ.
661 1389 706 1414 Ω.
733 1388 769 1413 ut
790 1383 899 1413 multae

172 1435 333 1466 editiones.

216 1487 291 1517 Ver.
323 1488 399 1518 965.
436 1497 541 1526 quem:
577 1486 618 1515 V.
657 1485 704 1516 ed.
737 1498 841 1526 quam,
871 1493 902 1517 et

172 1538 290 1568 omittit
299 1539 602 1577 locum.—p0ssedic.·
622 1537 718 1568 vind.
731 1543 765 1568 Δ.
778 1545 818 1568 Π.
829 1549 900 1578 pos-

172 1591 257 1620 sidit.

217 1641 292 1670 Ver.
309 1644 381 1671 966.
404 1651 488 1670 omne
496 1653 506 1670 .·
535 1639 576 1670 Ο.
596 1646 636 1670 Π.
652 1651 721 1671 esse.

218 1693 294 1722 Ver.
325 1695 396 1724 967.
421 1694 463 1722 si.-
491 1692 538 1722 M.
571 1694 632 1727 sic;
669 1692 763 1730 male,
795 1698 902 1731 utpote

174 1752 290 1784 coacte,
320 1752 428 1776 contra
460 1745 599 1776 Lucretii
623 1756 758 1783 morem,
793 1746 845 1786 qui
871 1746 904 1775 in

176 1798 323 1828 omnibus
333 1797 563 1837 simplicitatem
575 1798 726 1827 sermonis
735 1804 826 1837 atque
836 1808 904 1836 per-

177 1850 375 1889 spicuitatem
410 1859 466 1887 per
502 1849 709 1879 rectissimum
747 1849 906 1888 judicium

178 1900 315 1931 studiose
332 1900 663 1942 sequitur.-—flnitum.·
690 1901 730 1930 V.
758 1899 805 1930 ed.
829 1902 907 1930 sini-

178 1960 254 1984 tum.

222 2005 297 2034 Ver.
315 2007 386 2036 968.
405 2010 587 2043 procurrat:
607 2004 646 2034 P.
663 2004 702 2034 V.
720 2003 767 2034 ed.
785 2004 821 2034 B.
831 2014 904 2042 per-

179 2062 287 2086 currat
292 2071 303 2091 ,·
327 2054 413 2084 facili
428 2055 620 2085 aberratione
635 2056 675 2085 ob
685 2056 844 2093 scripturae
855 2065 904 2084 ra-

179 2107 298 2137 tionem
313 2106 346 2135 in
361 2106 410 2135 his
425 2106 693 2145 praepositionibus
707 2106 884 2136 breviatam.

183 2159 352 2195 Caeterum,
376 2158 561 2188 crediderim
586 2159 731 2199 equidem
747 2159 831 2188 haud
845 2159 904 2188 im-

179 2220 353 2240 memorem
391 2210 439 2239 vel
476 2210 607 2250 hujusce
644 2210 703 2240 loci
734 2210 907 2251 Virgilium

180 2263 286 2298 fuisse,
302 2262 342 2292 ad
360 2262 433 2291 AEn.
449 2261 501 2291 xii.
519 2264 591 2292 266.

243 2342 331 2371 Dixit,
343 2346 370 2366 et
381 2342 504 2367 adversos
513 2342 590 2366 telum
601 2343 717 2367 contorsit
729 2343 756 2367 in
768 2343 860 2373 hostis,

247 2384 406 2406 Procurrens.

185 2455 258 2484 Vox
274 2459 379 2483 autem
395 2463 434 2482 ex
448 2453 492 2482 rei
503 2453 646 2483 militaris
653 2465 715 2484 usu
729 2454 909 2485 traducitur.

185 2506 270 2536 Testi
300 2505 339 2534 sit
369 2505 531 2544 Vegedus,
554 2505 597 2535 iii.
623 2509 670 2534 IS.
697 2509 717 2523 “
735 2506 800 2535 Hic
823 2507 909 2536 enim

185 2561 206 2576 ‘⁶
224 2557 310 2586 locus
325 2562 381 2593 est,
405 2555 438 2584 in
453 2566 516 2595 quo
530 2562 594 2585 tota
608 2556 689 2585 acies
703 2557 907 2596 gubernatum

185 2612 207 2628 “
225 2619 262 2638 ex
279 2618 341 2648 quo
356 2614 458 2637 rectus
473 2614 530 2644 est,
553 2607 700 2647 liberque,
712 2609 908 2648 procursus.”

187 2659 238 2690 Sic
253 2659 348 2688 etiam
365 2658 483 2695 Livius,
506 2665 535 2687 et
551 2658 604 2687 alii
620 2669 719 2696 porro.

230 2710 302 2740 Ver.
321 2714 391 2742 969.
422 2712 553 2741 Ultimus
569 2717 723 2741 extremas.
766 2712 868 2747 Forte,

279 2785 394 2810 Nuncius
404 2789 582 2810 extremas-.

614 2826 663 2856 Be
670 2836 692 2855 N
698 2836 720 2856 T
727 2836 744 2856 1.
750 2836 766 2856 ε
772 2836 807 2856 iu
815 2837 826 2856 s
832 2849 840 2856 .

190 2895 265 2926 Non
281 2897 467 2927 auscultem:
495 2897 592 2927 moris
607 2903 650 2927 est
667 2897 752 2927 enim
769 2897 914 2928 Lucretio

190 2946 246 2977 mli
274 2948 485 2980 consimilium
513 2948 736 2980 vocabulorum
771 2949 915 2990 congerie

942 1015 1049 1035 sensus
1065 1016 1138 1036 suos
1153 1006 1264 1037 fortius
1279 1013 1370 1048 atque
1385 1008 1553 1041 dilucidius
1568 1014 1669 1053 expri-

942 1067 1041 1087 mere:
1069 1057 1173 1088 videas
1188 1068 1239 1088 me
1255 1069 1347 1097 supra
1362 1060 1401 1090 ad
1416 1072 1476 1092 ver.
1490 1067 1562 1094 815.
1586 1067 1670 1098 Mihi

945 1115 1050 1139 autem
1066 1109 1123 1139 viri
1143 1111 1387 1149 praestantissimi
1413 1119 1572 1147 tentamen
1597 1129 1671 1160 sug-

944 1161 1040 1199 gessit
1068 1171 1184 1199 veram,
1216 1168 1252 1191 ut
1287 1169 1407 1202 putem,
1431 1166 1666 1205 cogitationem:

944 1211 1069 1249 po‘e'tam
1083 1218 1225 1241 nostrum
1242 1223 1355 1251 nempe
1369 1225 1491 1245 morem
1509 1218 1671 1251 Romano-

944 1272 1016 1292 rum
1031 1264 1125 1302 probe
1148 1264 1311 1304 cognitum
1326 1266 1477 1304 respicere
1483 1280 1492 1305 ;
1516 1279 1578 1309 quo
1593 1273 1672 1303 sole-

944 1316 1019 1345 bant
1033 1316 1067 1345 in
1083 1316 1160 1347 fines
1175 1328 1297 1356 eorum,
1321 1320 1434 1360 quibus
1455 1322 1574 1354 bellum
1588 1325 1671 1356 indi-

945 1373 1059 1403 cerent,
1072 1367 1217 1408 jaculum
1232 1377 1410 1401 contortum
1420 1373 1552 1405 mittere.
1563 1378 1669 1409 telum.-

946 1418 985 1448 V.
1001 1418 1047 1449 ed.
1064 1422 1171 1450 celum.
1177 1421 1297 1460 jaciat:
1318 1429 1362 1453 Ω.
1367 1424 1485 1463 jaceat.

989 1470 1070 1502 Ibid.
1083 1472 1190 1512 jaciat
1204 1476 1308 1505 telum.
1351 1476 1516 1518 Virgilius,
1545 1480 1619 1512 AEn.
1643 1492 1674 1514 x,

946 1526 1017 1554 264.

1040 1590 1097 1614 Tela
1108 1597 1190 1615 manu
1193 1592 1306 1623 jaciunt.

991 1645 1074 1676 Ibid.
1100 1649 1220 1678 volatile
1234 1650 1335 1680 telum.
1372 1651 1463 1682 Idem
1479 1653 1555 1686 ibid.
1573 1657 1612 1688 iv.
1623 1662 1672 1691 71.

1267 1713 1398 1745 liquitque
1409 1716 1516 1741 volatile
1521 1719 1641 1749 serrum:

951 1778 1023 1797 nam
1048 1769 1133 1808 quod
1160 1770 1200 1800 ad
1229 1770 1363 1801 alterum
1393 1772 1497 1803 locum
1527 1777 1674 1819 pertinet,

948 1820 1022 1850 ibid.
1040 1821 1103 1852 viii.
1120 1826 1191 1853 694.
1215 1823 1269 1863 qui
1285 1829 1387 1854 tantos
1398 1826 1512 1858 criticis
1521 1831 1678 1864 tumultus

950 1871 1139 1911 excitaverit,
1155 1884 1195 1903 ne
1210 1874 1341 1912 dubites,
1355 1876 1519 1917 insigniter
1529 1880 1676 1920 deprava-

950 1928 1020 1952 tum
1035 1924 1238 1962 circumferri,
1262 1932 1293 1956 et
1314 1927 1357 1957 sic
1372 1929 1503 1960 omnino
1518 1933 1675 1974 corrigen-

950 1974 1040 2004 dum:

981 2050 1098 2080 Stuppea
1108 2048 1220 2074 flamma
1231 2057 1325 2081 manu,
1336 2052 1449 2084 telisque
1461 2055 1568 2081 volatile
1579 2059 1678 2091 vellus,

980 2088 1124 2119 Spargitur.

951 2153 1072 2190 Lanas,
1089 2159 1245 2192 stuppam,
1272 2160 1365 2195 atque
1388 2156 1420 2186 id
1445 2168 1546 2198 genus
1561 2160 1677 2193 levissi-

951 2214 1019 2233 mas
1034 2205 1178 2235 materies
1194 2216 1257 2236 non
1273 2214 1393 2245 poterat
1408 2210 1583 2242 honestiore
1594 2216 1677 2253 peri-

951 2258 1055 2295 phrasi
1080 2264 1111 2288 et
1136 2259 1303 2298 signatiore
1321 2260 1485 2291 lectoribus
1500 2263 1677 2305 depingere.

952 2308 1058 2338 Erunt
1073 2309 1213 2348 fortasse,
1229 2310 1282 2350 qui
1297 2311 1408 2342 malint
1422 2315 1545 2350 belluim
1564 2321 1595 2345 et
1604 2327 1679 2349 sane

941 2359 1067 2400 ferrum
1083 2370 1118 2389 ac
1132 2362 1240 2391 bellum
1256 2362 1388 2392 subinde
1402 2363 1534 2395 librariis
1549 2369 1680 2404 permis..

953 2411 1016 2440 ceri
1045 2411 1202 2449 novimus;
1235 2413 1291 2443 sed
1321 2414 1550 2454 nobismetipsis
1587 2419 1680 2452 unice

953 2462 1037 2498 prior
1051 2462 1152 2500 placet
1166 2463 1354 2504 conjectura,
1371 2473 1407 2495 ut
1423 2467 1568 2507 Virgilio,
1583 2470 1683 2511 siqua

951 2512 990 2542 sit
1005 2512 1065 2542 alia
1081 2515 1213 2552 uspiam,
1229 2526 1266 2545 ex
1283 2517 1369 2545 omni
1385 2525 1470 2555 parte
1484 2518 1680 2558 dignissima.

951 2565 1060 2594 -His
1077 2565 1208 2596 Ovidius
1223 2568 1357 2605 accedat,
1374 2575 1446 2598 met.
1466 2570 1518 2600 vii.
1535 2574 1608 2602 841.
1663 2595 1668 2598 -

985 2633 1049 2656 Sum
1060 2637 1132 2658 ratus
1143 2641 1198 2659 esse
1207 2634 1305 2664 feram,
1316 2636 1447 2667 telumque
1458 2637 1566 2662 volatile
1573 2641 1648 2666 misi:

956 2695 1048 2730 atque
1070 2691 1185 2721 iterum
1210 2692 1363 2730 similiter,
1389 2700 1445 2724 art.
1470 2705 1533 2725 am.
1562 2696 1581 2726 i.
1609 2701 1679 2730 169.

956 2741 1039 2771 Vide
1055 2742 1094 2772 iv.
1108 2746 1180 2774 377.

1000 2793 1072 2823 Ver.
1091 2796 1161 2824 970.
1184 2797 1223 2825 Id
1238 2797 1364 2826 validis:
1390 2797 1432 2826 sic
1448 2797 1544 2829 vind.
1571 2805 1615 2830 Ω.
1631 2810 1679 2830 re-

956 2844 1033 2884 liqui
1048 2855 1169 2884 omneS‚
1194 2848 1363 2883 Invalide's‚—
1390 2847 1468 2878 forte
1484 2855 1519 2879 ut
1533 2852 1680 2890 impoten-

957 2898 1048 2934 tibus,
1061 2907 1116 2935 pro
1126 2897 1263 2927 multum
1275 2901 1562 2931 validis.—utrum.·
1582 2901 1680 2932 Vind.

959 2954 1093 2985 nterum5
1120 2949 1159 2980 0.
1186 2951 1312 2987 iterum;
1341 2957 1380 2982 Π.
1402 2960 1680 2985 rerum—contor-
