1894 3253
659 255 892 305 LIBER
935 255 1246 305 PRIMUS.

1647 261 1712 304 69

357 391 425 433 Sic
445 391 571 448 igitur
591 390 742 432 debent
762 390 872 431 venti
893 404 1056 446 quoque
1075 389 1244 431 flamina
1262 386 1372 430 ferri:

353 465 478 516 Quae,
502 465 625 507 veluti
645 465 825 506 validum
846 479 973 519 quom
992 463 1145 505 flumen
1165 463 1423 520 procubuere

356 539 496 588 Quam
516 540 614 581 libet
634 540 677 580 in
698 546 875 594 partem,
897 537 1074 578 trudunt
1095 552 1158 579 res
1178 546 1288 588 ante,
1311 544 1518 594 rutmtque

352 613 566 670 Inpetibus
587 613 760 662 crebris;
793 610 1003 652 interdum
1023 612 1178 653 vortice
1198 619 1309 653 torto

206 771 251 802 ita
271 770 357 801 enim
380 770 518 801 fortassis
542 781 646 801 versus
668 776 714 800 est
735 767 935 809 supplendus.

208 823 314 861 Maro,
331 823 406 854 AEn.
421 823 453 854 ii.
470 827 520 854 50.

371 882 472 907 validis
483 883 622 915 ingentem
635 882 738 907 viribus
749 882 889 907 hastam-

239 922 386 947 contorsit.

210 971 370 1012 Sulpicius
392 973 534 1011 Severus,
558 983 618 1004 sac.
634 973 705 1002 hist.
719 972 741 1002 i.
761 976 812 1002 41.
836 975 859 989 “
879 971 940 1001 Sed

209 1026 233 1042 “
248 1024 413 1062 Jordanis,
426 1027 551 1066 flunwn
567 1026 802 1062 validissimum,
825 1022 938 1053 transi-

210 1078 232 1093 “
250 1080 320 1105 tum
336 1076 548 1115 prohibebat.”

254 1126 330 1157 Ver.
361 1131 434 1159 289.
455 1130 574 1158 sonita.-

211 1177 350 1209 fortassis
364 1178 548 1219 legendum:

613 1135 655 1158 Π.
676 1129 827 1158 sonitum:
853 1126 939 1157 unde

304 1241 357 1264 Dat
365 1239 474 1263 sonitum
486 1246 612 1271 magnam,
622 1242 645 1263 ee
655 1243 784 1271 stragem.

209 1288 375 1329 Virgilius,
391 1298 459 1329 geo.
475 1288 520 1318 iii.
542 1292 612 1320 199.

558 1354 731 1380 summaeque
741 1355 851 1373 sonorem

271 1392 344 1414 Dant
354 1390 450 1422 sylvae.

210 1438 314 1476 Idem,
332 1439 409 1468 AEn.
422 1438 475 1469 xii.
490 1441 563 1470 455.

560 1497 630 1522 dabit
640 1497 684 1523 ille
693 1497 781 1522 ruinas

240 1537 394 1567 Arboribus,
404 1540 566 1569 stragemque
577 1537 653 1567 satis3
672 1541 728 1561 ruet
739 1537 830 1561 omnia
842 1537 910 1562 late:

240 1577 313 1602 Ante
323 1576 427 1607 volant,
437 1576 601 1608 sonitumque
610 1576 703 1601 ferunt
711 1578 745 1601 ad
755 1577 844 1607 litora,
852 1576 937 1601 venti.

252 1627 337 1658 Ibid.
361 1627 464 1668 Lego:

500 1687 671 1719 volvensque
681 1688 728 1712 sub
741 1688 818 1712 undis

243 1726 362 1751 Grandia
378 1733 454 1757 saxa,
464 1726 518 1752 ruit
526 1735 534 1757 3
553 1727 606 1758 qua
617 1727 741 1759 quidquid
759 1727 885 1751 fluctibus
896 1726 942 1750 ob-

335 1770 403 1791 stat:

211 1815 231 1845 i.
259 1825 285 1845 e.
318 1815 445 1855 disjicit,
476 1815 628 1846 deturbat.
669 1816 837 1854 Quidquid.
869 1814 888 1845 i.
913 1825 942 1844 e.

214 1866 364 1906 quidque,
380 1872 416 1896 ut
425 1876 506 1905 saepe
516 1867 601 1897 alias.
635 1866 781 1903 Ovidius,
794 1871 869 1896 met.
881 1866 943 1896 viii.

212 1916 253 1947 de
267 1927 342 1956 apro
359 1916 546 1948 Caledonio:

245 1976 293 2001 Ille
302 1976 365 2006 ruit,
375 1976 529 2008 spargitque
539 1983 628 2007 canes,
639 1979 670 2001 ut
681 1976 793 2007 quisque
804 1975 887 2000 ruenti

244 2016 348 2040 Obstat.

647 2057 876 2087 Besumus.

214 2117 277 2147 His
300 2122 407 2146 autem
429 2127 469 2147 ne
492 2116 575 2147 mica
597 2117 727 2157 quidem
749 2116 944 2148 Bentleianae

213 2168 390 2209 sagacitatis
405 2168 496 2206 inest,
513 2174 544 2198 et
558 2169 639 2199 nihil
653 2169 799 2199 efficaciae
808 2169 848 2200 ad
858 2170 943 2200 hunc

213 2220 320 2251 locum
336 2220 580 2260 explanandum.

260 2272 340 2302 Ibid.
367 2273 455 2302 volvit
469 2273 522 2302 sub
537 2274 639 2303 undis.

213 2324 234 2354 i.
253 2327 323 2355 100.

684 2273 851 2313 Virgilius,
866 2273 942 2304 AEn.

349 2391 396 2415 ubi
403 2395 445 2415 tot
456 2391 552 2417 Simo'is
563 2396 692 2424 conrepta
702 2393 747 2418 sub
758 2393 834 2419 undis

217 2431 298 2454 Scuta
305 2430 407 2460 virum,
418 2430 568 2462 galeasque,
579 2435 606 2457 et
617 2432 698 2457 fortia
708 2440 830 2465 corpora,
837 2433 941 2459 volvit.

259 2486 335 2516 Ver.
353 2489 424 2518 290.
447 2489 634 2528 quidquam:
659 2489 703 2519 sic
720 2490 757 2520 P.
782 2490 877 2521 vind.
901 2497 942 2522 H.

217 2540 494 2578 2.—quicumque;
515 2539 555 2570 V.
572 2540 621 2570 ed.
640 2541 836 2581 B.——caeteri‚
851 2545 942 2584 quid-

214 2591 299 2631 quid.
347 2589 435 2620 Ordo
457 2590 518 2620 loci
544 2597 575 2621 et
590 2592 682 2631 plena
697 2596 886 2627 constructio
901 2598 944 2628 sic

214 2652 249 2672 se
264 2643 392 2672 habent:
421 2644 443 2660 ‘⁶
462 2642 540 2672 Ruit
564 2643 597 2684 (i.
621 2653 646 2673 e.
673 2644 797 2684 disjicit,
823 2648 943 2688 evertit,

215 2697 239 2712 “
255 2693 292 2724 ea
308 2693 372 2733 via)
390 2692 451 2734 quit
465 2693 637 2734 quidquam
648 2696 748 2725 obstat
760 2696 942 2730 fluctibus:‘'

216 2744 434 2775 subintellecto
462 2750 587 2775 tantum
616 2747 809 2785 pronomine.
853 2750 944 2781 Nihil

217 2795 354 2835 planius:
381 2802 412 2826 et
438 2796 549 2827 eodem
579 2807 627 2827 res
657 2798 780 2837 redibit,
811 2801 836 2830 si
859 2801 944 2842 legas

217 2850 368 2888 quidquid
376 2863 386 2883 ;
408 2858 483 2878 nam
506 2859 576 2889 quae
605 2849 697 2880 lectio
727 2854 943 2890 anteponenda

216 2897 267 2935 sit,
281 2898 370 2929 haud
383 2905 500 2930 temere
515 2900 659 2931 dixerim.
689 2901 836 2933 Valerius
853 2903 941 2935 Flac-

216 2958 281 2987 ωε,
297 2950 339 2980 iii.
355 2953 427 2982 583.

1045 766 1130 791 Obvia
1141 773 1258 798 quaeque
1269 775 1345 792 ruens
1354 776 1363 793 :

983 825 1014 847 et
1028 816 1169 857 ejusdem
1184 816 1255 847 libri
1271 827 1331 847 ver.
1349 820 1416 848 102.

1206 876 1387 902 subitumceu
1399 880 1488 908 pastor
1499 878 1532 902 ad
1542 884 1663 909 amnem,

1013 918 1191 948 Spumantem
1203 917 1309 946 nimbis,
1312 916 1450 948 fluctuque
1461 917 1567 942 arbusta
1575 922 1697 943 ruentem.

1027 967 1107 997 Ibid.
1136 968 1276 998 Grandia
1292 957 1366 997 saoeiz
1382 969 1475 998 volvit.
1516 968 1620 1006 Maro,
1635 969 1710 999 AEn.

983 1019 1024 1050 xi.
1040 1022 1114 1051 529.

1015 1080 1074 1105 Sive
1084 1080 1181 1104 instare
1188 1079 1268 1111 jugis,
1280 1083 1307 1105 et
1315 1080 1426 1111 grandia
1438 1080 1552 1105 volvere
1561 1088 1638 1106 saxa.

1025 1130 1100 1159 Ver.
1117 1132 1189 1160 5291.
1212 1131 1447 1170 ventz'flamina.
1474 1131 1524 1162 Sic
1538 1132 1712 1171 JuvencuS,

984 1180 1124 1211 carmine
1140 1190 1197 1210 nce
1212 1180 1296 1218 rudi,
1323 1191 1380 1210 nec
1395 1181 1517 1218 inscito,
1542 1185 1599 1213 sub
1614 1183 1710 1214 finem

984 1233 1036 1262 lib.
1052 1232 1072 1261 i.
1088 1232 1159 1262 hist.
1175 1241 1284 1271 evang.
1308 1242 1403 1272 quem
1419 1232 1648 1273 adhibebimus,
1671 1236 1712 1266 ad

982 1285 1157 1324 pleniorem
1171 1284 1368 1314 intellectum
1389 1283 1528 1316 Lucretii
1551 1296 1617 1317 non
1632 1287 1713 1318 nihil

982 1337 1163 1368 facientem:

1014 1423 1068 1456 Qui
1077 1430 1142 1449 vero
1153 1423 1247 1448 auditu
1258 1426 1367 1448 tantum
1378 1430 1440 1448 mea
1445 1424 1517 1455 jussa
1525 1426 1641 1457 tenebit,

1014 1464 1182 1495 Diversisque
1192 1464 1286 1496 procul
1297 1464 1375 1489 factis
1386 1472 1434 1496 per
1444 1465 1545 1491 lubrica
1555 1470 1650 1499 perget
1654 1477 1663 1499 ;

1013 1505 1091 1528 Hunc
1101 1503 1218 1528 similem
1228 1503 1339 1534 faciam,
1349 1504 1453 1529 volucri
1463 1505 1510 1536 qui
1519 1505 1598 1531 fulcit
1608 1508 1691 1533 arena

1014 1543 1202 1568 Fundamenta
1213 1543 1325 1568 domus:
1338 1543 1381 1567 cui
1390 1551 1459 1568 mox
1468 1544 1615 1575 utflamina
1626 1547 1714 1578 venti,

1016 1584 1048 1607 Et
1057 1582 1172 1614 plu-vhe,
1183 1582 1271 1607 effusis
1282 1589 1391 1614 coepere
1400 1583 1558 1609 incumbere
1568 1585 1641 1616 rivis,
1718 1579 1721 1582 ”

1014 1622 1107 1646 Omnis
1117 1622 1243 1646 subverso
1254 1622 1408 1653 procumbit
1416 1623 1536 1654 pondere
1546 1624 1642 1655 moles,

1018 1662 1222 1693 Insequiturque
1234 1661 1320 1693 gravis
1330 1666 1467 1687 tectorum
1478 1666 1567 1694 strage
1577 1664 1663 1690 ruina.

989 1737 1039 1767 Sic
1053 1737 1239 1777 legendum:
1266 1736 1370 1776 vulgo,
1381 1738 1500 1775 plavia.

988 1789 1096 1824 Porro,
1111 1789 1325 1829 proflamina,
1339 1787 1455 1827 legitur
1466 1788 1498 1817 in
1512 1788 1713 1830 B.fluminn;

988 1839 1096 1878 procul
1112 1838 1209 1868 dubio
1224 1837 1386 1868 mendose:
1406 1844 1438 1868 ct
1450 1839 1552 1869 solent
1567 1841 1616 1871 hae
1627 1852 1717 1873 voces

987 1891 1020 1920 in
1036 1890 1194 1920 codicibus
1203 1889 1389 1929 permisceri.
1422 1890 1462 1919 In
1476 1890 1604 1921 Catonis
1616 1893 1716 1932 Diris,

987 1952 1047 1972 ver.
1063 1945 1110 1972 15.

1018 2001 1086 2033 Ipsae
1099 2007 1153 2025 non
1164 2000 1249 2032 sylvae
1260 1999 1379 2030 frondes,
1388 2007 1443 2025 non
1455 2000 1567 2027 flumina
1578 2007 1699 2030 montes:

975 2053 1116 2092 flamina
1144 2049 1267 2080 volebat
1293 2050 1459 2089 Heinsius,
1486 2057 1517 2081 et
1539 2052 1606 2083 alii:
1632 2055 1717 2085 male

986 2102 1132 2140 omnino;
1149 2101 1219 2132 vide
1229 2107 1369 2132 nostram
1384 2102 1458 2134 Silv.
1476 2104 1552 2134 Crit.
1565 2105 1583 2135 i.
1594 2116 1624 2145 p.
1642 2109 1712 2137 145.

986 2154 1099 2195 quibus
1111 2153 1213 2184 multa
1223 2159 1350 2193 possent
1360 2153 1461 2195 adjici.
1484 2154 1608 2186 Tollius
1619 2157 1716 2187 male-

986 2208 1038 2237 bat
1049 2207 1166 2248 fontes,
1192 2216 1250 2245 pro
1266 2211 1390 2242 montes,
1408 2216 1535 2246 ponere,
1552 2217 1627 2238 cum
1640 2218 1716 2239 mox

987 2264 1147 2299 sequatur,
1162 2258 1196 2287 in
1211 2267 1277 2288 ver.
1289 2261 1337 2288 18.

1032 2318 1126 2343 Desint
1136 2321 1164 2343 et
1175 2317 1255 2350 sylvis
1265 2317 1384 2349 frondes,
1394 2322 1422 2343 et
1425 2317 1542 2350 fontibus
1553 2318 1666 2343 humor:

986 2374 1018 2399 et
1031 2367 1324 2398 manifestissimum
1338 2367 1388 2406 sit,
1401 2367 1450 2398 vel
1462 2367 1496 2397 in
1512 2367 1614 2407 priore
1628 2378 1718 2400 versu

987 2431 1062 2452 cum
1077 2420 1183 2451 Tollio
1199 2420 1243 2451 sic
1257 2420 1430 2461 legendum
1450 2431 1527 2458 esse,
1544 2420 1592 2450 vel
1607 2420 1641 2450 in
1656 2422 1716 2452 hoc

987 2472 1206 2513 reponendum
1228 2473 1387 2503 montibus.
1443 2471 1524 2501 Satis
1553 2471 1648 2502 etiam
1677 2473 1715 2503 li-

986 2531 1062 2567 quet
1075 2524 1155 2555 nihil
1171 2523 1325 2555 demutari
1337 2527 1478 2562 oportere
1489 2522 1524 2552 in
1534 2522 1714 2563 Theocrito,

986 2577 1050 2608 7111.
1064 2580 1115 2609 57.

1025 2648 1139 2683 Δειδςεσι
1152 2656 1196 2681 μεν
1214 2655 1306 2680 χειμων
1323 2643 1416 2680 φοέεςον
1435 2655 1527 2677 nazar,
1547 2645 1671 2673 ’ΥΔΑΣΙ
1693 2646 1716 2674 δ’

1143 2693 1310 2719 ΑΥΧΜΟΣ·

987 2747 1071 2788 quod
1085 2747 1194 2786 probat
1217 2745 1314 2775 etiam
1331 2744 1491 2785 Virgilius,
1514 2752 1546 2777 et
1569 2746 1715 2777 nonnihil

988 2800 1069 2830 {avet
1080 2799 1158 2829 meis
1169 2797 1344 2828 rationibus
1355 2798 1389 2828 in
1401 2798 1553 2829 Catonem
1565 2810 1628 2838 prae
1638 2799 1714 2830 Tol-

986 2851 1091 2882 lianis:
1119 2850 1174 2881 ecl.
1189 2850 1230 2881 vi.
1244 2853 1294 2881 56.

1243 2922 1271 2942 at
1281 2917 1301 2941 si
1313 2917 1445 2942 formosus
1457 2918 1549 2943 Alexis

1051 2958 1141 2983 Mami!
1149 2967 1177 2983 zu
1188 2958 1226 2983 his
1238 2959 1325 2988 abeat,
1338 2958 1427 2984 videas
1439 2957 1581 2989 etflumina
1594 2957 1667 2981 tit-ra.
