1894 3253
188 284 277 325 162
658 278 718 326 T.
763 278 1143 326 LUCRETII

321 409 477 466 Volgus
498 408 693 450 abhorret
713 409 765 450 ab
785 409 881 459 hac3
915 410 1024 451 volui
1045 411 1119 451 tibi
1141 411 1437 468 suaviloquenti

206 489 289 526 945
324 484 519 525 Carmine
544 482 681 523 Pierio
702 484 907 525 rationem
928 498 1139 539 exponere
1159 494 1362 538 nostram,

320 558 376 598 Et
396 557 510 612 quasi
535 556 701 598 Musaeo
722 557 831 598 dulci
853 559 1094 615 contingere
1114 559 1249 610 melle3

318 632 362 672 Si
383 631 457 672 tibi
476 631 581 673 forte
602 633 788 674 animum
809 633 878 674 tali
900 634 1060 674 ratione
1080 642 1221 675 tenere

316 705 513 747 Versibus
534 707 578 747 in
600 708 750 748 nostris
770 723 946 762 possem,
971 708 1070 749 dum
1091 709 1287 766 perspicis
1308 724 1475 750 omnem

316 779 520 821 Naturam
543 796 696 832 rerum,
720 782 799 837 qua
822 792 980 823 constet
1002 794 1167 838 compta
1184 783 1330 840 figura.

200 858 284 895 950
375 854 472 905 Sed,
496 856 693 910 quoniam
714 856 853 906 docui,
879 857 1122 897 solidissima
1143 857 1332 897 materiai

214 1010 296 1040 Ibid.
318 1012 452 1041 tristior:
481 1010 499 1040 i.
517 1020 542 1040 e.
559 1011 708 1048 amarior;
724 1017 757 1041 et
772 1011 899 1052 elegan-

169 1063 286 1093 tissime
302 1073 359 1092 nos
375 1068 496 1092 revocat
512 1062 552 1092 ad
569 1062 795 1102 lepidissimam
811 1075 901 1094 suam

169 1115 446 1154 comparationem,
476 1125 538 1145 ver.
573 1119 645 1147 959.
693 1115 744 1146 Sic
767 1116 805 1146 iv.
829 1121 900 1148 658.

170 1167 336 1207 Virgilius,
353 1178 421 1207 gen.
438 1167 481 1197 iii.
498 1171 571 1197 448.

334 1237 401 1261 tristi
413 1237 576 1268 contingunt
588 1244 683 1269 corpus
694 1238 801 1263 amun-ci
811 1247 820 1263 .·

172 1297 194 1311 “
210 1296 328 1324 απιανίε
344 1293 404 1323 olei
421 1293 601 1323 sordibusz’'
629 1294 766 1324 Servius:
794 1294 900 1324 confer

168 1344 314 1375 Nonium
331 1344 363 1374 in
376 1355 451 1374 voce
472 1347 585 1383 Triste,
603 1345 641 1375 iv.
655 1349 727 1376 455.

211 1396 286 1426 Ver.
305 1400 376 1427 944.
401 1399 642 1437 suaviloquenti:
662 1397 758 1428 Vind.
773 1398 809 1427 B.
825 1410 897 1428 sua-

164 1450 350 1488 veloquente}
378 1455 418 1479 Π.
439 1453 474 1479 Σ.
495 1455 538 1478 Ω.
561 1460 651 1479 suave
666 1451 811 1489 loquenti,
835 1450 897 1479 dis-

160 1499 280 1540 junctis
296 1500 429 1530 vocibus.
470 1499 593 1538 Cicero,
609 1500 648 1530 de
663 1500 753 1530 claris
768 1500 896 1530 oratori-

166 1551 235 1587 bus,
251 1558 321 1581 sect.
342 1554 390 1582 15.

227 1635 344 1660 Additur
354 1638 445 1659 orator
455 1634 594 1660 Cornelius
603 1635 795 1667 suaviloquenti

227 1676 280 1699 Ore
288 1675 456 1707 Cethegus-
464 1682 470 1699 z

166 1750 185 1780 ἱ.
201 1761 226 1780 e.
244 1749 373 1783 ἡδυεπεκ
402 1751 501 1781 Hom.
521 1751 558 1781 Il.
577 1758 611 1782 A.
629 1756 700 1782 ⁶248.

209 1802 282 1832 Ver.
300 1806 370 1833 945.
393 1805 559 1833 rationem:
580 1803 598 1833 i.
611 1814 637 1833 e.
653 1803 895 1843 disciplinam—

163 1854 402 1893 philosophiam.
444 1854 565 1893 Cicero,
582 1855 620 1886 de
637 1856 712 1886 finn.
728 1857 747 1886 i.
764 1861 792 1887 5.
811 1860 832 1875 “
848 1857 894 1888 Ut

164 1908 187 1924 ‘⁴
204 1911 309 1936 autem
324 1917 343 1936 a
359 1907 516 1936 facillimis
531 1907 700 1943 ordiamur,
725 1908 825 1946 prima
841 1918 892 1938 ve-

164 1959 185 1973 “
202 1957 268 1986 niat
296 1956 330 1986 in
360 1957 503 1987 medium
534 1958 664 1997 Epicuri
694 1962 786 1996 ratio,
823 1970 893 1999 quae

164 2010 186 2026 ‘²
202 2008 358 2049 plerisque
374 2011 535 2040 notissima
550 2011 626 2041 est.''
674 2012 725 2041 Sic
741 2011 794 2041 ille
809 2012 891 2042 mul-

162 2058 418 2098 toties—Porro,
435 2061 531 2091 Vind.
551 2068 589 2091 Π.
609 2066 643 2093 Σ.
669 2064 826 2093 Carmina.

206 2111 281 2141 Ver.
295 2115 365 2142 946.
391 2111 483 2149 Haec,
499 2118 531 2142 et
544 2123 614 2152 quae
625 2114 827 2143 commentati
840 2124 891 2144 su-

162 2170 235 2191 mus
249 2161 283 2190 in
298 2172 359 2192 ver.
376 2165 447 2193 957.
486 2162 616 2193 Pindari
631 2163 718 2193 locus
732 2164 891 2203 impendio

163 2213 366 2252 tempestivus
374 2214 506 2244 feliciter
518 2214 696 2253 illustrabit,
716 2215 767 2246 01.
778 2226 805 2245 Χ.
823 2219 891 2245 115.

161 2266 252 2305 eujus
282 2266 557 2305 constructionem,
591 2278 717 2306 prorsus
747 2267 888 2306 deperdi-

161 2321 239 2354 tam,
263 2316 306 2346 sic
325 2317 419 2357 opera
436 2317 586 2348 facillima
602 2329 725 2349 revoces
740 2325 771 2350 et
786 2319 889 2350 redin-

163 2373 277 2409 tegres:

239 2460 288 2484 Tm
300 2456 322 2483 δ’
332 2458 437 2487 &Bostra
450 2468 476 2484 τε
487 2463 559 2494 λυρα,

238 2506 335 2533 Phimes·
348 2505 370 2531 τ’
381 2510 455 2534 αυλος
468 2507 553 2531 ΑΝΑ-

278 2553 414 2578 ΠΑΣΣΕΙ
427 2559 510 2588 χωριν·
521 2562 600 2588 exorti
613 2552 635 2580 δ’
648 2563 698 2590 ευρυ
709 2559 779 2583 κλεσς

240 2601 316 2634 Kopai
331 2600 436 2635 Πιεριόες
451 2602 515 2629 Διος.

238 2648 297 2677 Εγω
309 2647 342 2677 δε,
355 2656 562 2682 cuneum-opta&
574 2649 672 2682 σπεδρι,

239 2695 332 2719 Ram-ov
344 2695 402 2723 εθνος
414 2697 512 2731 Λοκρων
524 2704 672 2730 mmmmm«,
688 2698 817 2723 MEAITI

239 2739 261 2765 δ’
271 2750 370 2776 ευωιοροι
381 2748 448 2769 πολιν
461 2744 714 2775 ΚΑΤΑΒΡΕΧΩΝ,
727 2745 796 2771 παιδ’
808 2754 829 2771 ε-

317 2799 390 2822 ρατυν
403 2789 431 2814 Γ’
444 2792 615 2827 Αρχεστρκτε
626 2803 718 2822 κινῆσαι
728 2803 737 2819 .·

162 2858 354 2899 καταζρεχων
383 2866 493 2897 paslm-
532 2864 617 2893 melle
646 2866 889 2904 continguens—

162 2908 306 2939 irrorans.
352 2910 542 2942 Scholiasten
558 2915 601 2944 sic
623 2916 785 2947 emendes:
812 2924 887 2948 Am-

165 2972 278 2992 ·ruecei·
294 2967 540 3001 ANAIIAEKEI,
556 2973 768 2998 αναποικιλλει.
806 2967 888 2998 Vul-

944 1022 997 1052 go,
1014 1024 1198 1051 aemmpcma:
1224 1011 1332 1041 confer
1357 1012 1408 1042 Ol.
1424 1012 1444 1042 i.
1463 1015 1532 1044 170.
1548 1014 1586 1044 vi.
1606 1017 1677 1047 147.

947 1063 1138 1103 Hesychius,
1155 1063 1210 1103 qui
1225 1062 1330 1092 locum
1348 1062 1495 1100 Homeri,
1513 1063 1678 1095 scholiasta

946 1115 1121 1151 laudatum,
1146 1115 1280 1154 respicit,
1307 1115 1351 1144 ita
1377 1114 1588 1146 restituendus
1614 1121 1673 1147 est:

948 1174 1119 1199 Ενεπασσεν·
1147 1174 1348 1198 ενεποικιλλεν·
1374 1168 1427 1198 ὅθεν
1443 1181 1493 1198 και
1509 1180 1637 1202 παπ-ος·
1661 1182 1678 1202 η

948 1225 1190 1256 ΕΝΕΣΤΑΖΕΝ,
1222 1234 1238 1252 ἠ
1270 1226 1442 1250 επσικιλλεν.
1503 1219 1676 1259 ApposltUS

945 1277 990 1300 est
1005 1271 1101 1301 etiam
1120 1270 1290 1307 Horatius,
1307 1271 1393 1308 epist.
1410 1271 1428 1300 i.
1449 1274 1498 1302 19.
1513 1274 1562 1301 44.

1139 1347 1197 1371 fidis
1209 1348 1281 1372 enim
1295 1354 1405 1372 manare
1414 1348 1511 1379 poetica
1522 1349 1596 1373 mella

1004 1389 1048 1411 Te
1055 1387 1141 1412 solum
1155 1395 1160 1410 :

941 1454 974 1483 in
990 1454 1101 1483 animo
1117 1455 1233 1483 habens
1248 1453 1343 1483 etiam
1363 1453 1447 1483 haud
1463 1453 1556 1483 dubie
1573 1454 1672 1485 Hom.

944 1506 982 1535 Il.
1011 1513 1047 1536 A.
1071 1510 1143 1537 249.
1190 1506 1268 1536 Huc
1291 1506 1427 1544 pertinet
1450 1506 1578 1545 insuper
1604 1517 1676 1537 vera

942 1557 1034 1587 lectio
1056 1557 1088 1586 in
1113 1557 1212 1586 Persii
1236 1556 1376 1596 prologo,
1402 1567 1498 1596 quam
1521 1564 1675 1588 memorat

941 1615 1029 1639 vetus
1045 1615 1215 1639 enarrator:

1033 1686 1135 1709 Corvos
1146 1685 1248 1716 poetas,
1259 1689 1287 1710 et
1298 1685 1435 1717 poetridas
1445 1686 1528 1717 picas,

1031 1726 1148 1750 Cantare
1160 1726 1251 1750 credas
1264 1728 1413 1757 Pegaseium
1424 1729 1519 1749 nectar.

938 1797 1057 1838 Vulgo,
1074 1800 1176 1833 melan
1204 1798 1308 1828 Musis
1323 1797 1541 1837 indignissime
1557 1797 1669 1838 lugen-

938 1851 1029 1881 tibus.
1076 1850 1174 1880 Illum
1203 1850 1391 1880 versiculum
1425 1849 1546 1880 Sidonii
1574 1851 1670 1880 Anti-

937 1904 1026 1943 patri,
1054 1904 1134 1945 epig.
1151 1907 1200 1935 75.
1223 1910 1401 1943 opportune
1418 1905 1598 1935 Brunckius
1612 1905 1668 1936 ad-

938 1955 1049 1986 movit:

974 2038 1042 2064 Εύδει
1054 2049 1101 2064 και
1115 2038 1229 2073 Σμερδκς,
1241 2048 1270 2063 ‘to
1281 2037 1362 2063 Ποθων
1374 2042 1426 2072 ξαρ·
1435 2037 1454 2070 ᾦ
1467 2046 1496 2063 o'v
1506 2037 1638 2071 μελισδων,

1012 2083 1124 2119 Rapax-2
1137 2093 1244 2118 mezpzw
1256 2085 1398 2108 NEKTAP
1411 2085 1646 2110 ENAPMONION.

938 2147 1054 2176 Gratus
1077 2146 1170 2178 etiam
1198 2145 1364 2175 lectoribus
1386 2145 1466 2175 meis
1481 2145 1667 2177 Theocritus

935 2199 1142 2239 superveniet,
1159 2199 1222 2228 viii.
1241 2202 1293 2229 8⁶2.

945 2281 1010 2306 ‘ABu
1023 2290 1046 2306 τι
1059 2290 1087 2305 το
1098 2289 1187 2313 στῦμα
1198 2290 1242 2309 τω,
1254 2290 1301 2304 και
1314 2287 1419 2313 εζιμερος
1429 2279 1473 2309 Ἀ,
1487 2279 1578 2313 Acten,
1590 2285 1668 2315 φῳνοι·

949 2332 1052 2364 Κρεστον
1066 2333 1212 2362 ,charolum
1223 2338 1263 2354 τευ
1277 2337 1397 2361 ακεεμεν,
1412 2339 1426 2356 ‘a
1440 2329 1526 2352 MEAI
1539 2332 1625 2361 λειχεν,

936 2399 986 2430 Sic
1001 2399 1185 2440 legendum:
1212 2399 1318 2439 vulgo,
1342 2414 1364 2429 ω
1381 2404 1490 2439 Auem:
1518 2398 1588 2429 vide
1604 2409 1664 2430 ver.

933 2455 962 2483 6.
978 2457 1008 2481 et
1023 2452 1041 2481 i.
1059 2456 1110 2482 65.
1127 2451 1253 2481 ibidem.

975 2503 1050 2534 Ver.
1068 2507 1138 2535 948.
1157 2503 1479 2543 possem—perspicio:
1499 2505 1534 2531 Δ.
1540 2512 1663 2541 possum

931 2558 1121 2595 ——prospicis
1129 2570 1138 2585 :
1165 2565 1234 2595 quae
1258 2554 1409 2584 vocabula
1424 2553 1593 2592 posteriora
1615 2553 1661 2582 fa-

931 2606 1047 2637 cillime
1063 2606 1313 2643 confunduntur,
1338 2612 1368 2635 et
1384 2604 1484 2634 solent
1498 2602 1660 2634 confundi.

932 2658 995 2688 Pro
1007 2658 1157 2688 librorum
1168 2656 1339 2697 perspecta,
1356 2656 1395 2686 ad
1414 2655 1478 2686 Cic.
1496 2653 1611 2692 Philip.
1627 2653 1659 2684 ii.

930 2712 981 2739 58.
1005 2719 1068 2739 non
1094 2709 1277 2738 accesserim
1303 2706 1450 2748 equidem
1468 2704 1593 2735 Graevio
1608 2714 1657 2734 re-

930 2770 1046 2799 ponere
1062 2760 1178 2791 volenti
1188 2758 1359 2800 prospecul-

976 2813 1052 2843 Ver.
1071 2816 1142 2844 949.
1165 2811 1243 2853 qud.-
1272 2818 1312 2841 Π.
1336 2820 1476 2850 quarum.
1521 2808 1576 2846 Et,
1603 2818 1660 2847 pro

932 2873 1062 2906 compta,
1078 2867 1160 2897 male
1172 2866 1249 2896 Pius
1264 2863 1447 2901 rescriptum
1457 2861 1524 2891 vult
1535 2868 1658 2901 cuncta,

933 2928 970 2947 ex
986 2919 1104 2956 priscis,
1121 2924 1157 2947 ut
1170 2917 1227 2954 ait,
1242 2914 1486 2954 exemplaribus;
1504 2924 1578 2943 nam
1593 2913 1657 2944 dic-

935 2968 1019 2998 tione
1034 2976 1150 3007 compca
1161 2967 1239 2997 nihil
1250 2966 1360 3006 aptius,
1377 2965 1457 2995 nihil
1472 2965 1656 3005 elegantius
