1894 3253
191 290 286 330 250

686 278 747 324 Τ.
802 275 1181 325 LUCRETII

332 412 536 453 Naturam
556 423 694 450 rerum
713 417 889 459 mutare,
912 416 952 450 et
971 415 1132 449 vortere
1151 415 1298 449 motus.

389 484 496 525 Illud
516 484 560 524 in
579 483 657 524 hiis
678 484 799 525 rebus
818 498 905 524 non
926 491 985 524 est
1006 482 1205 532 mirabile,
1229 481 1308 537 qua
1329 497 1389 532 re,

332 559 487 600 Omnia
506 573 631 614 quom
653 574 791 600 rerum
810 558 1039 614 primordia
1060 558 1139 598 sint
1160 557 1203 596 in
1224 564 1356 606 motu,

218 639 300 674 310
333 634 504 675 Summa
523 641 661 674 tamen
684 633 842 674 summa
864 633 1052 674 videatur
1072 640 1178 672 stare
1199 631 1353 687 quiete;

329 707 488 749 Praeter
508 723 631 763 quam
652 709 684 749 si
704 708 804 764 quid
823 709 993 763 proprio
1014 707 1085 748 dat
1106 721 1279 762 corpore
1299 713 1445 746 motus.

326 781 475 823 Omnis
495 782 606 823 enim
624 782 747 840 longe
767 783 915 824 nostris
935 782 989 823 ab
1011 782 1193 823 sensibus
1212 779 1321 821 infra

329 855 566 897 Primorum
587 865 736 898 natura
748 857 872 912 jacet:
905 864 1171 912 quapropter,
1195 855 1266 896 ubi
1287 855 1420 909 ipsam

225 1013 298 1044 Ver.
324 1016 396 1043 512.
419 1015 474 1043 ab:
501 1017 536 1044 Σ.
559 1015 670 1043 a.—-—ab
692 1014 843 1044 sensibus:
871 1012 910 1043 V.

181 1066 228 1096 ed.
244 1067 425 1096 absentibus.

225 1116 306 1147 Ibid.
330 1116 426 1157 infra.
460 1116 529 1146 Nec
554 1116 677 1155 proprie
702 1115 823 1146 dictum
853 1122 909 1154 est,

180 1174 212 1199 et
225 1178 281 1207 per
311 1168 437 1198 tacitam
466 1167 740 1206 comparationem.
796 1170 817 1185 “
836 1167 910 1197 Non

180 1223 203 1238 “
220 1220 320 1260 magis
335 1220 401 1249 haec
416 1218 587 1258 primordia
609 1218 753 1257 usurpari
779 1225 910 1257 possunt

179 1276 200 1289 “
216 1271 323 1306 oculis,
339 1280 436 1310 quam
452 1279 500 1298 res
514 1269 695 1309 longissime
711 1269 837 1307 dissitae‚
861 1269 909 1299 vel

179 1325 203 1340 “
220 1322 316 1351 etiam
340 1321 396 1350 sub
419 1320 501 1349 terra
526 1320 649 1358 positae3
672 1320 712 1349 ad
736 1330 811 1359 quas
826 1320 909 1350 visus

180 1375 203 1391 “
219 1372 267 1402 vel
290 1371 438 1402 acerrime
464 1376 629 1400 contentus
651 1370 787 1409 spatium
813 1371 908 1401 inter-

179 1426 202 1442 “
214 1423 335 1464 jectum
351 1431 550 1461 perrumpere
565 1432 630 1451 non
646 1421 757 1452 valet.'’

221 1475 297 1505 Ver.
322 1477 395 1504 515.
418 1476 532 1512 ipsam:
562 1472 605 1502 sic
635 1473 674 1502 G.
703 1479 748 1503 Ω..
771 1478 808 1502 ut
833 1482 906 1502 con-

179 1526 308 1557 structio
323 1526 374 1555 sit:
404 1528 426 1543 “
445 1525 653 1563 Quapropter,
672 1526 778 1564 prima
795 1523 910 1554 debent

178 1582 200 1597 “
216 1583 322 1608 motus
336 1587 461 1617 quoque
478 1586 616 1616 surpere,
627 1576 682 1606 ubi
694 1586 829 1616 nequeas
840 1576 910 1616 jam

180 1635 200 1649 ‘⁶
215 1640 341 1660 cernere
352 1629 453 1668 ipsam
458 1630 631 1667 primorum
643 1634 786 1658 naturam
796 1627 830 1657 :⁵³
848 1638 907 1657 un-

177 1683 217 1713 de
233 1694 297 1714 non
307 1683 429 1724 ingrata
442 1682 573 1712 varietas
585 1681 752 1720 enascitur,
763 1688 794 1712 et
805 1681 909 1712 minor

177 1735 223 1764 vis
238 1735 429 1775 optimorum
445 1733 597 1763 libror-um
607 1733 793 1762 testimoniis
808 1733 906 1763 infer-

176 1793 236 1818 tur.
260 1787 298 1818 Ρ.
323 1788 419 1826 ipsos;
447 1785 542 1815 Vind.
569 1786 608 1815 V.
633 1784 679 1815 ed.
702 1785 739 1815 L.
758 1790 792 1815 Δ.
812 1791 852 1815 Π.
870 1790 904 1816 Σ.

176 1841 275 1879 ipsum
282 1854 293 1874 ;
317 1838 460 1877 vulgares
475 1836 549 1866 editi
566 1847 603 1866 ex
619 1836 755 1872 arbitrio,
773 1839 849 1876 ipsa.

221 1891 294 1920 Ver.
316 1894 388 1920 514.
411 1900 542 1929 quoque:
580 1889 618 1919 P.
648 1900 904 1928 qum—surpere.-

176 1942 221 1972 V.
238 1942 285 1972 ed.
299 1943 336 1972 Β.
352 1942 392 1972 L.
411 1941 459 1972 M.
481 1946 515 1971 Δ.
529 1945 564 1972 Σ.
577 1947 621 1971 Ω.
636 1952 797 1980 asurpere;
813 1940 907 1971 Vind.

175 2006 348 2035 assumam-e,-
376 2002 417 2025 Π.
441 2006 593 2025 assumere
600 2009 611 2030 ;
638 1994 676 2024 P.
692 2006 821 2034 serpere,
844 2005 909 2024 non

176 2046 271 2083 male,
302 2051 333 2075 et
354 2045 484 2074 fortasse
505 2055 589 2083 vere,
616 2056 673 2083 pro
697 2048 719 2063 “
732 2045 804 2074 ferri
829 2045 907 2075 adeo

176 2100 200 2115 “
216 2096 305 2127 molli
316 2101 405 2126 motu
417 2095 578 2134 tardoque,
590 2095 702 2124 nostris
714 2095 824 2125 saltem
837 2106 906 2125 sen·

176 2151 200 2167 “
217 2148 312 2185 sibus,
338 2153 375 2177 ut
389 2146 541 2177 observari
557 2146 724 2186 nequeat.”
772 2146 907 2183 Interea,

176 2205 289 2229 notum
305 2204 352 2228 est
366 2208 473 2228 vocem
497 2199 650 2236 surripere
675 2196 818 2227 similiter
833 2198 904 2227 Ho-

176 2252 255 2282 ratio
269 2250 439 2281 breviatam
456 2249 529 2289 legi,
547 2249 581 2278 in
597 2248 646 2279 od.
662 2248 701 2278 iv.
720 2251 768 2278 15.
786 2252 835 2280 20.

300 2318 370 2348 Quae
381 2323 427 2341 me
437 2319 571 2348 surpuerat
582 2315 664 2340 mihi:

175 2381 267 2416 atque
281 2375 408 2413 iterum,
425 2380 479 2404 sat.
495 2374 526 2404 ii.
542 2378 570 2405 5.
589 2378 637 2404 85.

462 2440 547 2457 unum
558 2440 603 2458 me
611 2433 704 2465 surpite
712 2433 808 2458 morti:

177 2491 212 2516 ut
225 2486 310 2525 prior
326 2485 468 2522 Plautus,
485 2483 623 2523 CapteiV.
638 2484 714 2524 prol.
731 2488 759 2514 8.

205 2555 328 2579 Alterum
340 2555 512 2585 quadrimum
527 2561 641 2586 puerum
652 2559 742 2578 servus
752 2554 861 2586 surpuit.

178 2610 238 2641 Sed
247 2622 320 2641 cum
332 2612 480 2652 Preigero
492 2621 600 2641 meum
610 2621 732 2651 quoque
744 2610 903 2651 judicium

175 2662 259 2698 facit,
272 2664 305 2692 in
318 2664 464 2694 Lucretio
476 2664 591 2694 melius
600 2663 797 2694 scribendum
808 2663 903 2693 fuisse

174 2716 338 2752 surripere,
363 2716 429 2746 sine
445 2715 510 2746 ulla
527 2716 687 2746 avulsione
703 2715 901 2756 syllabarum.

175 2763 392 2803 -Caeterum,
416 2776 489 2796 cum
506 2781 547 2807 τῳ
562 2778 677 2807 serpere
700 2767 753 2798 Pii
777 2781 809 2798 »ro
834 2778 903 2807 rep-

174 2820 255 2853 tant,
271 2825 330 2845 ver.
347 2819 418 2846 518.
441 2818 628 2849 amicissime
644 2818 841 2858 conspiraret.
861 2818 900 2849 Ο.

175 2866 279 2906 plene,
293 2869 454 2906 surripere.

220 2918 294 2948 Ver.
323 2921 397 2948 515.
423 2922 588 2957 possimus:

175 2971 285 3002 celent.-
313 2975 354 3000 11.
369 2971 482 3001 cedent.

630 2922 665 2953 P.
690 2932 805 2961 possem
811 2932 902 2952 us.—

999 1013 1074 1042 Ver.
1089 1015 1162 1042 516.
1185 1013 1330 1041 diducta:
1356 1009 1394 1040 P.
1412 1008 1506 1039 Vind.
1522 1008 1562 1039 V.
1579 1008 1627 1038 ed.
1645 1009 1683 1039 Β.

957 1064 996 1094 O.
1014 1069 1048 1093 Δ.
1067 1069 1107 1093 Π.
1126 1067 1159 1094 Σ.
1179 1069 1222 1093 Ω.
1246 1063 1394 1097 deducta;
1418 1059 1481 1095 sed,
1509 1065 1595 1090 extra
1616 1070 1683 1090 om-

955 1125 1029 1144 nem
1045 1113 1299 1150 controversiam,
1324 1112 1528 1142 vitiosissime.
1573 1113 1683 1142 Dedu-

954 1178 1019 1197 cere
1045 1166 1126 1195 valet
1149 1168 1170 1183 ‘⁴
1188 1165 1227 1195 de
1254 1164 1323 1194 loco
1351 1164 1384 1193 in
1406 1163 1511 1193 locum
1536 1161 1684 1200 ducere‚''

953 1217 1001 1247 vel
1016 1223 1241 1256 transportare3
1257 1218 1402 1246 diducere
1418 1220 1535 1251 contra,
1561 1217 1583 1232 “
1599 1222 1683 1243 seor-

955 1274 974 1286 “
990 1279 1060 1298 sum
1077 1279 1130 1307 per
1146 1267 1348 1297 intervallum
1375 1266 1522 1304 ducere‚”
1546 1265 1595 1295 vcl
1621 1265 1682 1295 dis·

953 1321 1272 1358 trahere—separare:
1301 1319 1408 1348 confer
1429 1328 1481 1348 me
1496 1318 1536 1347 ad
1551 1327 1611 1347 ver.
1632 1320 1684 1347 54.

952 1371 1083 1411 hujusce
1098 1370 1181 1408 libri,
1197 1376 1229 1400 et
1254 1369 1348 1399 adeas
1366 1368 1519 1404 Servium,
1542 1368 1575 1398 in
1592 1367 1682 1407 Virg.

954 1423 1028 1452 AEn.
1044 1422 1067 1451 i.
1085 1425 1156 1451 2⁶24.

994 1473 1072 1502 Ver.
1102 1474 1174 1502 517.
1219 1473 1392 1502 tondentes:
1434 1476 1475 1500 Π.
1513 1472 1666 1500 tendentes
1672 1485 1683 1507 ;

953 1524 1110 1554 mendose.
1138 1522 1228 1552 Nihil
1238 1522 1321 1552 ultra
1332 1522 1364 1551 in
1382 1522 1573 1551 membranis
1587 1521 1684 1551 varia-

953 1581 1019 1612 tur;
1043 1574 1098 1604 sed
1128 1573 1213 1604 haud
1243 1584 1325 1613 aegre
1355 1579 1463 1603 tamen
1487 1572 1685 1610 crediderim,

952 1626 1012 1656 levi
1029 1624 1144 1655 menda
1161 1635 1286 1655 versum
1301 1624 1445 1660 obsideri,
1458 1629 1489 1654 et
1498 1623 1684 1655 Lucretium

953 1678 1108 1718 scripsisse
1124 1677 1164 1708 ad
1180 1679 1265 1707 hunc
1281 1677 1426 1707 modum:

982 1757 1049 1780 Nam
1064 1761 1136 1787 saepe
1147 1755 1174 1778 in
1187 1754 1258 1783 colli,
1272 1755 1417 1778 tondentes
1429 1752 1537 1784 pabula,
1548 1752 1597 1777 late

981 1796 1124 1827 Lanigerae
1137 1798 1246 1826 reptant
1259 1794 1387 1826 pecudes:

950 1864 1035 1884 error
1050 1853 1135 1883 enim
1148 1852 1320 1883 facillimus
1331 1857 1397 1882 erat
1409 1851 1558 1889 librariis;
1571 1856 1601 1881 et
1609 1850 1684 1881 hinc

950 1913 1173 1945 argumentum
1189 1903 1290 1943 po'etae
1314 1903 1491 1944 adjuvatur,
1512 1903 1536 1933 si
1552 1902 1687 1942 pecudes

952 1958 1045 1989 latius
1060 1956 1248 1997 divagentur
1254 1968 1262 1994 3
1288 1967 1323 1986 ac
1340 1955 1441 1996 major
1456 1955 1491 1985 fit
1505 1955 1685 1985 similitudi-

953 2020 1032 2039 num
1048 2007 1265 2048 congruentia,
1286 2007 1371 2048 quod
1386 2006 1540 2042 fateberis,
1558 2006 1582 2036 si
1598 2016 1684 2036 com-

950 2071 1038 2100 pares
1071 2069 1147 2089 verr.
1177 2061 1249 2089 525.
1281 2061 1354 2088 326.
1384 2058 1490 2087 statim
1513 2057 1683 2087 venientes.

954 2114 1037 2144 Sane
1051 2114 1219 2152 impetrare
1235 2124 1253 2143 a
1268 2123 1320 2143 me
1335 2123 1467 2153 nequeo,
1494 2118 1530 2142 ut
1551 2111 1683 2141 sentiam

953 2165 1040 2195 aliud
1059 2175 1077 2194 a
1094 2164 1166 2195 Cari
1189 2174 1288 2194 manu
1311 2163 1448 2201 venisse3
1471 2163 1682 2202 potissimum,

950 2216 1072 2256 quoties
1087 2215 1300 2255 Virgilianam
1315 2213 1527 2244 imitationem
1536 2213 1596 2244 loci
1608 2223 1681 2243 con-

947 2267 1090 2307 templer,
1106 2266 1146 2296 ad
1162 2267 1236 2296 AEn.
1253 2265 1297 2295 iii.
1315 2269 1386 2296 558.

978 2349 1102 2380 Quatuor
1113 2346 1182 2377 heic,
1194 2346 1316 2378 primum
1329 2352 1422 2376 omen,
1432 2352 1515 2377 equos
1526 2345 1552 2370 in
1563 2344 1683 2377 gramine

1070 2387 1136 2416 vidi,

979 2426 1112 2452 ,Tondentis
1123 2428 1240 2458 campum
1251 2425 1310 2450 late.

947 2495 1107 2536 Perlegas‚
1123 2504 1192 2535 quae
1204 2492 1397 2524 contulimus
1412 2492 1452 2523 ad
1469 2491 1556 2532 Virg.
1570 2501 1638 2532 geo.
1650 2491 1680 2522 ii.

949 2549 1018 2575 144.
1055 2546 1170 2575 harum
1203 2543 1381 2574 dictionum
1416 2542 1679 2582 permutationem

946 2597 1129 2636 spectantia,
1152 2596 1301 2627 usitatam
1324 2595 1397 2625 satis
1411 2594 1608 2625 librariorum
1622 2602 1678 2622 na—

946 2648 1034 2678 tioni.
1079 2648 1217 2685 Interea,
1234 2647 1342 2677 fatuus
1357 2656 1456 2676 essem
1476 2651 1507 2675 et
1521 2644 1679 2674 temerari-

947 2710 993 2735 us,
1010 2699 1035 2729 si
1050 2700 1185 2738 probum
1201 2709 1267 2729 esse
1284 2708 1340 2737 per
1354 2708 1386 2728 se
1414 2710 1449 2727 aro
1465 2697 1581 2736 pabula
1607 2696 1678 2725 laeta

948 2760 1099 2794 negatum
1109 2754 1198 2784 irem:
1213 2753 1401 2784 contendam
1410 2749 1607 2782 solummodo
1612 2749 1678 2779 Lu-

948 2806 1036 2836 cretii
1054 2805 1213 2845 proposito
1231 2805 1338 2836 minus
1363 2814 1428 2834 esse
1447 2801 1677 2841 tempestivum,

949 2857 1087 2888 Pulchre
1102 2857 1125 2888 J
1127 2867 1277 2894 uvencus,
1297 2864 1406 2894 evang.
1423 2853 1493 2883 hist.
1509 2853 1540 2883 ii.
1555 2855 1628 2883 427.

981 2930 1059 2954 Talia
1070 2929 1192 2955 mirantis
1204 2928 1295 2960 populi
1305 2927 1420 2958 stipante
1428 2926 1550 2950 tumultu

979 2971 1111 2997 Vallatur:
1129 2977 1240 2997 cernens
1251 2970 1297 2995 sed
1309 2969 1391 2994 millia
1402 2972 1477 2994 tanta
1487 2968 1618 2997 virorum,
