1894 3253
574 233 808 284 LIBER

861 232 1278 283 SECUNDUS

1576 241 1664 280 211

319 367 428 417 Quae
447 367 586 423 puerei
607 369 650 408 in
671 367 848 410 tenebris
868 367 1066 422 pavitant,
1090 365 1333 423 finguntque
1350 363 1498 406 futura.

322 442 451 483 Hunc
471 442 597 499 igitur
617 450 815 482 terrorem
835 441 976 489 animi,
999 440 1282 495 tenebrasque,
1304 454 1464 482 necesse
1484 446 1557 488 cst,

322 515 419 557 Non
441 515 567 556 radiei
589 515 697 564 solis,
719 528 852 569 neque
871 513 1006 554 lucida
1025 513 1104 554 tela
1123 514 1220 564 diei,

235 594 288 629 (30
320 589 573 637 Discutiant;
607 588 675 629 sed
700 588 872 628 Naturae
892 587 1059 642 species,
1087 587 1302 643 Ratioque.

377 662 501 703 Nunc
523 676 614 718 age,
637 677 719 717 quo
740 669 856 702 motu
876 660 1069 718 genitalia
1088 661 1276 701 materiai

319 735 508 790 Corpora
528 751 592 776 res
613 735 743 776 varias
763 736 952 792 gignant,
974 735 1213 792 genitasque
1232 735 1453 786 resolvant;

318 809 387 859 Et,
410 809 490 865 qua
511 810 551 850 vi
572 809 704 851 facere
724 809 767 850 id
788 817 1008 866 cogantur,
1032 824 1206 865 quaeque
1225 809 1276 850 sit
1296 809 1383 850 ollis

315 883 496 925 Reddita
514 884 718 925 mobilitas
739 898 936 940 magnum
956 898 1031 939 per
1050 884 1172 925 inane
1193 884 1372 934 meandi,

172 1052 304 1073 εναντιαις
337 1052 400 1072 ταις
433 1052 599 1079 αστραπαις
633 1042 813 1078 εξετληττες
849 1041 901 1070 cui

169 1090 281 1119 similis
300 1096 345 1120 est
361 1089 579 1128 Philostratus,
606 1090 686 1121 icon.
702 1091 733 1121 ii.
752 1094 899 1123 15.-ειι-

172 1143 358 1182 πεπλῆχθαι
383 1156 430 1181 μοι
455 1141 527 1172 δοκει
558 1156 607 1172 και
638 1156 671 1172 τα
700 1155 737 1173 τε
764 1149 899 1182 Λυγκεως

172 1207 262 1233 offlam.
298 1194 412 1224 Fabius
428 1194 534 1230 etiam,
551 1193 634 1223 instt.
650 1193 710 1222 w‘ii.
727 1197 757 1223 5.
782 1197 804 1212 “
816 1194 901 1223 Nam

171 1248 195 1263 “
211 1244 371 1285 etserrum
388 1244 477 1274 affert
503 1246 598 1275 oculis
612 1247 736 1275 terroris
752 1244 899 1284 aliquid.‘’

170 1295 271 1332 Hinc,
298 1295 374 1335 quid
400 1294 458 1325 sibi
484 1295 559 1324 velit
582 1295 748 1325 sublimior
771 1295 900 1335 quidam

169 1345 336 1376 Prudentii
351 1351 492 1384 conatus,
519 1355 629 1386 pergas
644 1346 774 1384 discere,
797 1348 900 1386 psych.

172 1400 244 1429 297.

168 1472 241 1495 Dum
253 1473 343 1495 tumet
355 1470 531 1501 indomitum,
543 1472 608 1495 dum
622 1470 792 1496 formidabile
802 1470 900 1502 fervet,

167 1511 240 1534 Dum
251 1516 306 1534 sese
317 1513 446 1538 ostentat,
458 1510 540 1542 clypeo
553 1510 620 1534 dum
632 1510 732 1534 territat
743 1518 836 1536 aurai.-

167 1572 188 1603 i.
205 1582 231 1602 e.
253 1572 331 1603 dum
346 1585 505 1613 σκωμαχει
528 1583 602 1603 cum
618 1574 699 1611 a'e‘re,
726 1579 758 1603 et
778 1573 901 1614 fulgore

170 1624 270 1664 clypei
285 1624 475 1654 coruscantis
484 1625 611 1654 territat.
636 1626 743 1655 Ausus
754 1631 799 1655 est
811 1636 900 1656 nem-

167 1686 207 1715 pe
223 1676 397 1717 Virgilium
409 1675 562 1714 aemulari,
577 1676 617 1706 ad
630 1677 704 1707 AEn.
717 1677 758 1707 xi.
770 1680 842 1708 551.
855 1677 899 1715 id,

168 1727 254 1767 quod
278 1727 374 1758 Silius
396 1728 479 1767 prior
504 1728 630 1765 fecerat,
654 1728 737 1759 Pun.
764 1729 803 1759 iv.
828 1733 901 1760 278.

174 1779 266 1818 Ipsos
280 1779 366 1809 locos
380 1779 474 1809 velim
490 1779 642 1810 consulas.

213 1830 287 1861 Ver.
313 1834 362 1861 51.
385 1833 474 1862 vestis
497 1834 683 1871 splendorem
708 1833 900 1871 purpurea'z':

168 1884 273 1914 edm-a
290 1889 431 1924 λαμπρῶν
445 1888 535 1912 vocat
564 1883 593 1912 S.
610 1882 722 1918 Lucas,
747 1883 832 1913 xxiii.
852 1887 898 1913 ll.

168 1935 203 1964 in
218 1945 312 1975 quem
328 1935 446 1973 locum,
473 1935 513 1965 ad
541 1935 614 1966 silv.
639 1935 715 1966 Crit.
731 1942 802 1966 sect.
819 1937 901 1967 xciii.

166 1986 207 2016 de
218 1997 368 2026 purpurae
383 1989 529 2017 claritate
555 1997 612 2017 nos
638 1987 714 2017 olim
740 1987 900 2026 ampliavi-

169 2047 251 2073 mus,
267 2038 454 2067 Lucretium
470 2048 533 2067 non
546 2038 643 2068 obliti.
679 2038 819 2069 Sufficiat
833 2039 900 2069 Au-

168 2088 298 2118 sonium
313 2088 481 2126 addidisse,
497 2088 582 2128 idyll.
598 2089 660 2119 viii.
677 2092 707 2120 5.

229 2157 262 2180 Et
275 2158 332 2190 toga
341 2157 464 2189 purpurei
475 2156 586 2181 rutilans
598 2161 738 2189 praetexta
749 2158 834 2182 senati
847 2165 853 2182 z

168 2204 229 2234 nisi
244 2205 331 2245 quod
350 2205 437 2235 nefas
452 2205 532 2236 foret
546 2206 676 2246 hujusce
697 2206 812 2245 leporis
831 2207 902 2237 fon-

168 2260 236 2284 tem
249 2256 416 2294 praeterire,
439 2257 478 2287 de
492 2257 547 2287 tali
562 2259 748 2288 vestimento
775 2259 900 2300 magni-

169 2304 228 2336 fice
243 2312 418 2343 canentem,
436 2308 476 2337 ad
493 2307 531 2338 11.
551 2315 581 2338 Z.
597 2312 669 2340 295.

209 2378 254 2405 Ὀς
267 2383 407 2407 καὶ-λιστος
419 2388 454 2408 sm
466 2385 640 2413 ποικιλμωσιν,
661 2382 701 2410 ἠδε
714 2388 844 2415 (ις-Λατοῖ

213 2425 338 2450 ΑΣἹῊΡ
351 2424 372 2450 3⁴
384 2426 414 2453 ὡς
427 2427 660 2453 ΑΠΕΛΑΜΠΕΝ.

216 2494 293 2524 Ver.
313 2497 363 2525 52.
378 2497 471 2534 quin:
491 2495 531 2526 V,
547 2497 596 2527 ed.
615 2500 900 2537 quanda—omnis:

175 2545 210 2576 P.
227 2547 449 2576 omne.—lzaec.·
475 2546 512 2576 P.
532 2549 784 2588 hoa—potestas.-
811 2551 846 2580 P.
864 2556 900 2581 Δ.

173 2602 296 2635 egestas.
343 2596 415 2626 Has
441 2603 547 2626 autem
570 2599 732 2630 varietates
759 2611 823 2630 non
845 2601 902 2631 ali-

176 2647 261 2678 unde
287 2655 455 2688 prognatas
479 2649 616 2688 credam,
643 2661 737 2691 quam
766 2652 905 2693 indignis

174 2700 293 2731 librarii
309 2701 472 2741 cujusdam
489 2702 713 2732 offensionibus
728 2702 768 2732 de
781 2703 904 2742 syllabae

175 2753 214 2788 is,
227 2751 345 2791 duplici
355 2752 466 2782 saltem
478 2753 512 2782 in
525 2753 635 2783 eodem
647 2763 748 2791 versu,
760 2753 903 2791 elisione3

176 2804 267 2842 quasi
282 2814 354 2834 vero
369 2815 433 2834 non
450 2805 534 2835 idem
546 2806 614 2845 jam
629 2805 814 2835 factitaverit
838 2806 904 2835 En·

180 2855 253 2885 nius
276 2866 350 2887 cum
373 2857 442 2887 aliis
466 2858 703 2899 antiquioribus.
750 2858 906 2897 Exemplo

180 2905 221 2936 sit
235 2908 459 2941 versiculorum
475 2910 569 2950 prior,
587 2920 664 2951 quos
674 2909 713 2941 ad
725 2909 746 2940 i.
758 2913 783 2940 l.
808 2910 906 2941 Bent-

945 1041 1025 1070 leius
1050 1040 1162 1070 attulit.
1208 1041 1282 1071 Hoc
1312 1041 1439 1080 insuper
1463 1041 1553 1080 po'e'ta
1581 1041 1671 1072 dicit:

945 1095 969 1110 “
986 1092 1072 1128 Quid
1095 1092 1230 1129 dubitas,
1256 1092 1332 1132 quin
1357 1093 1424 1122 haec
1446 1098 1591 1131 potestas,
1618 1103 1672 1132 per

945 1147 968 1162 “
984 1153 1079 1183 quam
1118 1142 1312 1183 Religiones,
1352 1143 1470 1181 Metus,
1508 1145 1672 1185 Curaeque,

945 1198 967 1212 “
983 1194 1172 1223 summoveri
1183 1200 1214 1223 et
1223 1194 1329 1223 terreri
1338 1194 1481 1232 debeant,
1492 1195 1531 1225 sit
1541 1196 1671 1226 omnino

946 1249 968 1265 “
984 1246 1079 1276 solius
1094 1252 1227 1285 potestas
1244 1246 1430 1278 Rationis?”

989 1299 1064 1328 Ver.
1081 1302 1131 1329 55.
1154 1300 1187 1329 ἱη
1203 1299 1333 1329 tenebris
1343 1300 1456 1329 laboret
1463 1313 1474 1329 .·
1492 1299 1510 1329 i.
1523 1310 1548 1330 e.
1566 1303 1587 1318 “
1598 1311 1672 1330 cum

945 1353 968 1369 “
985 1351 1135 1380 aerumnis
1151 1356 1182 1381 et
1196 1350 1355 1381 laboribus
1370 1350 1575 1390 conflictetur,
1594 1352 1672 1383 dum

945 1405 968 1420 ‘⁶
984 1402 1067 1432 viam
1082 1402 1308 1432 tenebricosam
1323 1408 1454 1433 conatur
1469 1403 1630 1434 eluctari.”

946 1452 1057 1491 Porro,
1088 1453 1153 1483 vice
1182 1455 1307 1492 laboret,
1337 1460 1381 1484 Ω.
1411 1456 1544 1486 roboret:
1570 1461 1612 1494 et,
1639 1456 1671 1486 iu

945 1513 1035 1534 versu
1050 1511 1207 1545 sequente,
1218 1507 1312 1545 pueri
1322 1505 1408 1535 deest
1426 1512 1465 1536 Π.

988 1556 1063 1586 Ver.
1085 1559 1135 1587 55.
1157 1558 1246 1587 caecz's
1271 1558 1411 1588 tenebris.
1458 1557 1558 1588 Haud
1582 1558 1672 1588 dissi-

945 1607 1060 1637 militer
1076 1608 1170 1637 etiam
1187 1607 1311 1638 locutus
1326 1614 1372 1638 est
1396 1608 1592 1639 Mantuanus
1607 1609 1671 1649 ille,

945 1659 984 1689 ad
1000 1658 1129 1689 AEne'id.
1146 1658 1189 1689 iii.
1204 1662 1277 1689 205.

1009 1741 1070 1765 Tris
1081 1741 1158 1771 adeo,
1167 1741 1283 1766 incertos
1294 1741 1361 1765 caecci
1371 1741 1486 1773 caligine,
1495 1742 1563 1767 soles

1009 1783 1133 1806 Erramus
1143 1782 1279 1813 pelago—.

950 1853 999 1883 Ibi
1015 1853 1058 1883 sic
1074 1854 1176 1892 capias
1190 1858 1390 1883 structuram:
1419 1857 1441 1872 “
1460 1853 1557 1893 Soles,
1573 1855 1672 1886 incer-

945 1909 967 1924 “
984 1912 1031 1936 tos
1045 1907 1085 1936 ob
1100 1905 1306 1946 caliginem:”
1330 1905 1394 1941 ubi,
1411 1911 1442 1935 et
1456 1916 1518 1945 quo
1533 1912 1673 1946 tempore

946 1957 1108 1993 nimirum,
1125 1957 1184 1986 orti
1200 1956 1264 1986 sint
1279 1962 1310 1985 et
1332 1956 1515 1994 occiderint;
1539 1964 1574 1988 ut
1593 1969 1671 1998 pen-

945 2008 1016 2039 deat
1030 2010 1162 2048 caligine
1178 2009 1217 2038 ab
1232 2010 1380 2039 incertos:
1399 2019 1494 2049 quam
1508 2019 1548 2039 ne
1563 2010 1673 2049 perdas

946 2061 1143 2101 elegantiam,
1167 2060 1291 2099 punctis
1317 2062 1412 2099 probe
1438 2061 1546 2100 positis
1560 2072 1671 2093 caven-

946 2112 1023 2142 dum
1039 2111 1122 2142 duxi.
1167 2111 1262 2142 Adsit
1276 2111 1371 2142 etiam
1397 2112 1504 2151 Silius,
1534 2113 1615 2144 Pun.
1631 2114 1672 2145 vi.

947 2166 1017 2194 150.

976 2239 1050 2261 Intus
1061 2237 1118 2261 dira
1129 2237 1236 2266 domus,
1247 2243 1385 2267 curvoque
1396 2236 1520 2260 immanis
1531 2236 1557 2260 in
1568 2240 1648 2262 antro

976 2278 1028 2301 Sub
1045 2277 1114 2301 terri
1124 2283 1228 2308 specus,
1240 2280 1268 2300 et
1278 2275 1366 2300 tristes
1378 2275 1432 2299 sine
1441 2275 1495 2300 luce
1506 2276 1622 2301 tenebrae.

947 2348 1008 2379 Sed
1023 2348 1110 2379 locus
1125 2348 1158 2377 in
1170 2348 1279 2377 morbo
1288 2348 1390 2385 cubat,
1401 2347 1504 2378 nostra
1516 2348 1672 2380 medicina

944 2400 1165 2440 persanandus.
1209 2400 1397 2441 Legendum
1412 2401 1496 2431 dico:

1143 2471 1170 2493 et
1182 2468 1270 2492 tristes
1280 2468 1336 2492 sine
1347 2468 1406 2492 luce
1417 2467 1531 2492 latebrae:

948 2539 985 2559 ex
996 2528 1122 2568 Virgilii
1137 2527 1185 2557 sui
1196 2527 1312 2557 scilicet
1323 2537 1378 2565 pro
1388 2526 1478 2556 solito
1489 2526 1672 2564 imitatione,

946 2582 986 2612 ad
1002 2582 1076 2612 AEn.
1092 2581 1131 2611 vi.
1147 2584 1218 2611 554.

980 2650 1019 2673 Ut
1030 2649 1108 2673 tristis
1117 2648 1172 2672 sine
1183 2647 1231 2672 sole
1242 2647 1334 2677 domos,
1345 2647 1404 2671 loca
1415 2647 1533 2678 turbida,
1543 2647 1638 2672 adires.

948 2704 1000 2735 De
1015 2705 1153 2734 confusis
1173 2710 1278 2734 autem
1293 2703 1482 2734 dictionibus
1495 2706 1623 2735 tenebra?
1638 2714 1674 2734 ac

947 2757 1082 2793 latebra»,
1099 2756 1321 2785 Burmannum
1336 2754 1440 2791 adeas,
1465 2755 1491 2785 si
1511 2755 1605 2785 libeat
1619 2766 1671 2785 va-

949 2813 1068 2847 cetque‚
1084 2806 1126 2836 ad
1142 2806 1271 2836 Anthol.
1287 2806 1356 2836 Lat.
1372 2807 1391 2837 i.
1409 2810 1457 2838 89.
1474 2810 1522 2837 12.

992 2858 1066 2888 Ver.
1083 2861 1133 2889 57.
1145 2859 1296 2899 fingunt:
1322 2863 1358 2888 Δ.
1364 2858 1517 2898 fugz'unt5
1541 2857 1673 2887 infelici-

950 2914 1004 2940 ter.
1047 2909 1091 2940 Et
1120 2914 1181 2939 tres
1210 2919 1315 2947 versus
1344 2909 1486 2950 proxime
1515 2913 1675 2950 sequentes
