1894 3253
216 272 310 311 208

721 257 781 303 T.
826 253 1203 301 LUCRETII

357 393 454 435 Hiis
474 391 547 432 tibi
568 402 663 429 cum
683 386 818 435 rebus,
850 376 1082 434 timefactae,
1117 384 1350 441 Religiones

358 465 583 521 chugiunt
602 462 740 503 animo
759 459 935 515 pavidae,
966 459 1193 514 mortisque
1212 459 1401 508 timores;

270 547 323 583 45
356 541 467 581 Tum
487 552 659 580 vacuum
681 545 841 590 tempus
860 534 1065 588 linquunt,
1097 533 1275 590 curaque
1294 534 1485 575 solutum:

213 698 298 729 ribus
311 695 433 727 dudum
454 694 637 734 importatus
651 698 710 723 est:
730 698 759 722 et
769 702 852 729 sane,
868 689 939 719 mea

215 749 324 779 saltem
348 746 507 786 opinione,
532 744 814 776 commodissimam
834 742 938 772 statio-

216 808 291 831 nem
306 806 409 836 tenet3
424 798 475 828 vix
488 798 572 828 enim
587 796 627 827 de
636 797 830 827 naumachia>
842 795 938 825 simu-

214 853 316 891 lacris,
339 852 452 893 quibus
470 850 605 881 Romani
629 855 788 888 tantopere
807 848 940 878 delecta-

215 907 340 943 bantur,
364 904 456 944 po'e'ta
480 903 626 933 siluisset:
653 900 756 931 videas
771 899 809 930 de
829 901 886 930 hac
909 910 942 929 re

216 968 323 988 versus
340 955 540 987 Ausonianos
562 953 727 995 quosdam,
750 951 788 981 ad
816 951 938 981 Mosell.

218 1012 289 1040 5217.
338 1007 536 1044 Suetonium,
553 1007 575 1037 i.
592 1010 642 1036 44.
665 1009 694 1035 2.
713 1010 743 1034 et
758 1014 838 1042 saepe
850 1003 943 1040 alibi;

217 1072 292 1091 nam
307 1071 355 1090 res
370 1066 415 1090 est
429 1058 602 1095 notissima,
626 1067 683 1087 nec
705 1056 846 1095 pluribus
860 1060 940 1085 trac-

218 1112 275 1142 tari
290 1111 384 1150 cupit.
431 1110 492 1140 Sed
513 1110 598 1139 enim
622 1108 757 1139 Ausonii
773 1107 888 1141 locum,
911 1112 942 1136 et

218 1163 430 1202 depravatum,
454 1167 484 1191 et
506 1160 700 1190 intellectum
723 1158 843 1188 nemini
858 1168 942 1187 mor-

219 1215 339 1249 talium,
364 1212 529 1243 emendare
543 1212 628 1248 libet,
651 1220 723 1240 cum
745 1208 828 1239 bona
849 1208 942 1238 lecto·

219 1269 262 1298 ris
275 1267 374 1305 venia,
399 1274 490 1307 atque
506 1265 671 1304 explicare:

250 1327 305 1350 Aut
314 1324 466 1356 Pompeiani
478 1324 612 1355 Mylasena
623 1321 739 1354 pericula
751 1320 813 1346 belli

249 1365 376 1389 Eubo'icae
388 1364 509 1388 referunt
520 1370 566 1394 per
575 1363 680 1387 Averna
690 1360 812 1385 sonantia
823 1360 942 1391 cymbae3

252 1407 385 1430 Innocuos
395 1405 493 1428 ratium
505 1403 603 1435 pulsus,
621 1408 775 1434 pugnasque
783 1402 903 1431 jocantes

252 1444 425 1469 Naumachiae
435 1450 441 1466 z
460 1442 546 1466 Siculo
559 1442 648 1472 quales
658 1445 797 1472 spectante
807 1440 897 1464 Peloro

251 1483 389 1508 Caeruleus
400 1481 477 1505 viridi
487 1484 585 1512 reparet
596 1481 643 1504 sub
655 1480 767 1511 margine
778 1484 891 1511 pontus:

222 1534 241 1564 i.
259 1544 284 1564 e.
308 1536 330 1551 “
353 1532 470 1572 quales,
494 1531 518 1560 si
546 1541 594 1560 res
619 1530 732 1565 tulerit,
757 1530 871 1559 iterum
896 1540 943 1559 re·

221 1589 245 1604 ‘⁶
261 1585 356 1615 ferret
370 1589 484 1623 pontus
507 1584 564 1612 sub
580 1593 648 1612 oras
670 1582 744 1621 ripae
766 1581 882 1618 viridis,
906 1582 942 1610 li-

223 1641 247 1655 “
261 1636 320 1665 tori
335 1635 451 1665 scilicet
462 1634 618 1673 proxime3
643 1643 678 1663 ea
694 1633 801 1672 utiquc
815 1632 887 1662 belli
904 1632 943 1661 si-

224 1691 245 1706 “
262 1687 411 1722 mulacra,
427 1696 497 1726 quae
514 1686 692 1725 Augustus,
717 1684 801 1725 (vide
820 1684 944 1713 Sueton.

223 1746 245 1761 ⁸‘
261 1742 292 1772 ii.
312 1745 358 1772 16.
377 1740 420 1779 2.)
443 1739 525 1770 bello
548 1739 740 1777 Pompeiano
762 1737 947 1777 praeludens,

223 1794 304 1824 “ibi
327 1792 485 1833 quondam
508 1791 712 1822 exhibuerit.'’
769 1789 877 1830 Vulgo
902 1789 946 1819 le-

223 1846 320 1885 gitur,
343 1851 465 1885 reparat
482 1851 513 1874 et
527 1846 673 1883 imagine.

223 1897 442 1937 Suspicionem
471 1896 599 1932 interea,
622 1904 717 1935 quam
746 1893 784 1924 de
806 1894 947 1924 Lucreti-

224 1959 285 1978 ano
306 1959 396 1978 versu
422 1947 480 1977 sibi
505 1946 694 1976 insidentem
719 1945 815 1975 lector
839 1945 948 1985 aliquis

226 1999 360 2028 fortassis
391 1999 513 2035 habeat,
544 1997 675 2027 allevare
701 1996 796 2035 possit
817 1996 949 2026 imitatio

224 2049 417 2089 Virgiliana3
449 2059 522 2078 nam
545 2058 582 2077 ex
606 2049 664 2077 hoc
686 2048 752 2085 ipso
774 2058 863 2077 versu
885 2058 949 2077 non

224 2101 340 2142 injuria
355 2100 455 2130 dicam
477 2109 640 2129 summum
655 2105 756 2128 vatem
774 2099 948 2137 profecisse,

226 2153 266 2182 ad
283 2152 356 2182 AEn.
373 2151 433 2180 viii.
450 2153 523 2181 677.

240 2213 270 2236 In
282 2211 372 2236 medio
383 2211 469 2235 classis
480 2214 587 2239 aeratas,
604 2209 681 2234 Actia
693 2209 771 2238 bella,

238 2255 340 2278 Cernere
351 2255 425 2282 erat;
443 2255 577 2283 totumque
592 2252 723 2276 instructo
736 2253 821 2275 Marte
833 2251 935 2275 videres

240 2296 350 2317 sem-ere
363 2294 509 2321 Leucaten,
527 2298 645 2322 auroque
657 2290 783 2322 effulgere
795 2290 900 2314 fluctus.

228 2344 277 2373 Ibi
293 2343 335 2373 sic
351 2341 552 2382 corrigendus
567 2347 612 2371 est
637 2341 733 2370 Servii
757 2347 947 2370 commenta-

226 2395 292 2424 rius
314 2395 347 2423 in
373 2403 464 2422 voces
486 2392 626 2422 ultimas:
666 2395 686 2410 “
712 2391 785 2421 Non
802 2391 884 2431 quod
900 2392 950 2422 hic

226 2452 246 2464 “
262 2457 299 2476 ex
318 2455 397 2476 auro
419 2444 534 2474 fluctus
557 2454 621 2474 esse
643 2443 736 2481 dicat,
759 2454 836 2484 quos
858 2454 950 2483 supra

227 2504 247 2516 ⁸⁴
265 2500 338 2539 (ver.
356 2496 444 2536 672.)
460 2506 553 2526 canos
568 2495 664 2532 dixit;
682 2495 734 2525 sed
749 2495 843 2536 quod,
860 2507 948 2535 quom

228 2553 248 2568 “
266 2560 353 2579 mare
377 2559 414 2579 ex
444 2558 520 2578 auro
547 2558 727 2586 expressum
755 2547 806 2584 sit,
836 2547 949 2577 fluctus

228 2604 248 2618 ¹‘
264 2612 354 2640 super
369 2609 482 2630 aurum
499 2598 699 2638 effulgeant.”
744 2597 827 2628 Vide
841 2598 894 2629 Sil.
909 2599 948 2629 It.

226 2651 268 2681 iii.
283 2656 354 2683 695.

230 2702 386 2742 Denique,
400 2702 521 2742 fervere
547 2707 647 2741 potest
665 2703 801 2733 celeriter
819 2705 946 2739 moveri,-

229 2765 266 2784 ex
286 2755 466 2785 secundario
487 2766 591 2793 sensu,
615 2756 698 2796 quod
719 2758 826 2787 celeres
851 2763 948 2788 motus

228 2805 347 2835 soleant
351 2805 501 2846 servorem
525 2807 665 2837 excitare.
712 2807 876 2845 Horatius,
900 2807 948 2838 od.

229 2858 250 2888 i.
263 2861 290 2888 1.
306 2861 337 2888 4.

575 2924 701 2952 metaque
707 2920 829 2952 fervidis

319 2958 427 2986 Evitata
434 2959 538 2985 rotis—.

984 689 1205 727 Mamertinus,
1227 691 1349 730 geneth.
1368 689 1499 720 Maxim.
1517 695 1588 719 sect.
1619 692 1709 720 10.—

984 744 1006 758 “
1023 751 1083 770 arae
1112 741 1248 779 incendi,
1283 748 1353 771 tura
1382 741 1467 780 poni,
1505 741 1577 770 vina
1606 739 1706 778 libari,

985 795 1007 809 “
1023 791 1156 822 victimae
1185 792 1273 830 caedi,
1309 798 1420 822 cuncta
1453 791 1569 832 gaudio
1598 793 1707 829 calere,

985 846 1008 861 “
1023 850 1135 873 cuncta
1163 844 1322 882 plausibus
1350 843 1591 882 tripudiare—.’'
1645 843 1709 872 Pro

985 897 1094 932 calere,
1119 895 1309 925 Schwarzius
1323 895 1469 935 proponit
1489 898 1597 926 salire:
1625 894 1711 935 quod

985 946 1101 976 nollem
1117 946 1243 976 factum:
1270 957 1334 976 non
1356 953 1475 985 poterat
1497 948 1582 976 enim
1605 946 1711 976 infeli-

984 998 1059 1028 cius.
1104 998 1227 1037 Nempe
1241 998 1285 1028 ita
1299 999 1411 1038 passim
1430 999 1547 1036 Graeci3
1564 1005 1594 1029 et
1605 1010 1710 1029 exem-

984 1049 1035 1088 pla
1050 1049 1174 1079 infinita
1188 1049 1243 1079 tibi
1259 1060 1378 1088 possem
1391 1050 1554 1081 suscitare:
1580 1051 1634 1081 sed
1646 1052 1711 1081 suf-

986 1101 1102 1139 ficiant,
1129 1111 1199 1141 quae
1215 1102 1393 1132 Brunckius
1407 1101 1526 1132 dederit
1547 1102 1585 1132 ad
1604 1103 1710 1133 AEsch.

987 1154 1072 1184 Pers.
1099 1157 1150 1185 59.
1188 1155 1376 1192 Eumenius,
1399 1160 1491 1195 gratt.
1519 1160 1575 1185 act.
1602 1155 1709 1186 Const.

989 1210 1073 1245 Aug.
1089 1212 1160 1236 sect.
1178 1209 1225 1236 14.
1250 1210 1270 1224 ‘⁶
1285 1206 1475 1244 Praesertim,
1491 1217 1564 1236 cum
1575 1207 1706 1237 tu—ad-

989 1261 1011 1276 “
1027 1258 1346 1299 veneris‚-flagrabz'e
1368 1265 1431 1288 tota
1447 1259 1554 1288 civitas
1571 1261 1711 1298 gaudiis,-

989 1312 1011 1327 “
1026 1314 1204 1347 perstrepet,
1217 1315 1258 1346 et,
1269 1319 1341 1339 cum
1354 1310 1566 1349 proficisceris,
1583 1309 1710 1340 fortasse

990 1363 1013 1378 “
1029 1359 1203 1389 retinebit.”
1251 1360 1301 1389 Ita
1316 1360 1403 1390 locus
1418 1361 1598 1400 intel-pungi
1613 1360 1711 1391 debet.

987 1411 1154 1451 Virgilius,
1180 1411 1253 1440 AEn.
1273 1411 1311 1441 iv.
1328 1414 1400 1442 407.

1019 1472 1038 1484 ‘C

1245 1477 1324 1502 opere
1336 1471 1421 1495 omnis
1433 1472 1527 1496 semita
1534 1472 1641 1503 fervet.-

989 1523 1010 1537 “
1026 1519 1156 1557 pedibus
1185 1530 1297 1557 nempe
1330 1520 1543 1560 frequentibus
1571 1520 1717 1550 discursi-

989 1573 1009 1587 “
1027 1570 1160 1599 tantium
1176 1570 1390 1608 formicarum,
1413 1572 1557 1601 semitam
1583 1571 1711 1601 terenti-

989 1624 1011 1639 “
1027 1623 1096 1658 bus,
1112 1628 1141 1651 et
1157 1621 1437 1653 calefacientibus.“
1483 1622 1586 1653 Ali-ter
1604 1622 1646 1652 rei
1663 1632 1714 1652 ve-

991 1680 1147 1704 nustatem
1174 1685 1236 1704 non
1262 1675 1389 1705 tenebis.
1447 1675 1534 1705 Hinc
1557 1675 1717 1714 perspicue

993 1731 1121 1761 constat,
1146 1725 1302 1765 quomodo
1328 1726 1471 1756 Catullus
1493 1732 1538 1755 est
1563 1726 1715 1764 accipien-

993 1777 1052 1806 dus
1065 1777 1098 1806 in
1114 1787 1206 1806 carm.
1222 1776 1297 1807 lxiii.
1315 1780 1364 1808 65.
1391 1777 1582 1810 Galliambo:

1024 1851 1186 1882 Mihijanuae
1199 1850 1364 1881 frequentes,
1380 1850 1448 1874 mihi
1460 1850 1553 1874 limina
1570 1849 1666 1882 tepida.-

992 1917 1101 1945 attrz'tu
1113 1914 1229 1944 scilicet
1240 1924 1477 1944 numerosorum
1488 1912 1612 1953 pedum.
1630 1913 1717 1943 Hinc

994 1966 1088 1995 etiam
1105 1965 1261 2002 Persium,
1284 1972 1339 1995 sat.
1354 1965 1373 1996 i.
1392 1969 1460 1997 109.
1483 1965 1610 2004 pulchre
1625 1975 1720 2004 queas

992 2016 1202 2055 interpretari;
1234 2017 1287 2046 ubi
1315 2016 1394 2046 nihil
1421 2017 1489 2046 sani
1517 2017 1721 2046 Casaubonus

993 2078 1127 2107 magnus
1142 2068 1286 2107 protulit:

1218 2141 1279 2165 vide
1290 2141 1332 2170 sis,
1349 2147 1383 2165 ne
1395 2141 1527 2171 majorum
1540 2141 1589 2164 tibi
1599 2139 1670 2165 sorte

1023 2179 1122 2204 Limina
1130 2180 1284 2211 frigenant:

993 2242 1210 2273 calceamentis
1226 2243 1287 2272 tuis
1301 2253 1364 2271 non
1380 2249 1536 2281 usurpata.

1038 2296 1113 2324 Ver.
1136 2298 1185 2324 43.
1210 2306 1295 2324 cum.-
1321 2295 1363 2324 sic
1387 2295 1422 2325 P.
1440 2295 1536 2325 Vind.
1561 2295 1600 2325 V.
1617 2294 1665 2325 ed.
1685 2301 1720 2327 Δ.

996 2353 1037 2376 Π.
1058 2353 1101 2376 Ω.
1122 2353 1152 2376 et
1167 2346 1244 2375 mihi
1259 2346 1371 2385 placet,
1388 2352 1422 2376 ut
1438 2346 1611 2386 elegantius
1621 2353 1652 2376 et
1667 2357 1720 2376 ex-

993 2397 1135 2437 quisitius
1150 2397 1277 2437 vulgato
1288 2397 1589 2437 tum—timefactus:
1616 2397 1656 2428 V.
1671 2396 1722 2427 ed.

995 2450 1032 2480 O.
1054 2450 1235 2490 tamesim&
1286 2449 1322 2480 P.
1344 2449 1503 2491 tumefacto
1511 2464 1520 2484 ,·
1547 2459 1604 2479 nec
1627 2449 1722 2487 male,

993 2513 1050 2532 nec
1073 2502 1139 2532 sine
1161 2509 1332 2539 venustate,
1355 2512 1427 2531 meo
1444 2501 1578 2542 judicio:
1607 2508 1646 2531 Π.
1668 2508 1715 2531 ta-

992 2565 1059 2584 men
1076 2553 1191 2594 effecte,-
1217 2553 1299 2583 unde
1322 2553 1406 2583 haud
1432 2553 1536 2592 inepte
1557 2559 1655 2582 tentes
1676 2551 1717 2582 ad

992 2607 1076 2636 hunc
1088 2605 1232 2635 modum:

1025 2679 1078 2703 Hiis
1089 2679 1138 2703 tibi
1151 2686 1213 2703 cum
1226 2679 1304 2704 rebus
1314 2682 1367 2703 tum
1377 2681 1474 2702 exactae
1484 2676 1637 2707 religiones:

994 2753 1068 2772 nam
1080 2742 1213 2773 breviter
1224 2742 1371 2780 scriptum
1384 2747 1430 2771 est
1442 2739 1520 2769 illud
1529 2745 1642 2775 tamen,
1659 2738 1720 2769 hoc

992 2801 1090 2833 pacto,
1114 2795 1158 2830 tii,
1181 2805 1237 2833 pro
1251 2804 1347 2823 more.

995 2847 1106 2884 Porro,
1129 2846 1178 2875 his
1200 2843 1391 2874 illustrandis
1411 2840 1626 2879 tempestivam
1642 2851 1716 2880 ope-

994 2907 1062 2926 ram
1074 2898 1231 2926 navabunt
1242 2892 1476 2924 luculentissimi
1490 2891 1642 2922 Varronis
1650 2902 1717 2921 ver-

995 2960 1058 2987 sus,
1085 2948 1137 2988 qui
1160 2951 1339 2985 comparent
1364 2944 1447 2984 apud
1462 2944 1614 2980 Nonium,
1644 2953 1718 2974 voce
