1894 3253
646 293 738 336 AD
782 289 1175 334 LECTOREM.
1604 290 1678 331 xiii

177 421 350 469 novisse,
373 420 444 475 qui
464 425 703 460 contextum
725 417 933 471 scriptoris
963 414 1189 470 cujuslibet,
1211 414 1452 455 auctoritate
1474 413 1677 454 membra-

179 511 326 538 narum
347 495 487 536 leviter
508 490 760 540 conculcata,
782 491 960 545 propriis
976 489 1220 544 conjecturis
1232 488 1507 538 inferciendis,
1525 503 1599 542 per
1620 487 1676 528 ef-

177 570 370 612 fusiorem
391 569 609 616 licentiam,
632 574 756 621 atque
776 564 1048 605 inconsultam
1069 565 1200 620 magis
1220 564 1506 613 temeritatem,
1527 562 1678 618 passim

179 644 434 700 praefractius
452 643 639 683 vitiatum
660 650 701 681 et
721 640 986 694 deturpatum
1008 638 1179 679 dederit.

241 795 421 836 Creechz'i
452 794 495 832 in
537 792 780 833 Lucretium
819 790 965 831 merita
999 790 1123 847 longe
1155 788 1323 830 inferius
1359 789 1511 842 jacere,
1554 800 1678 842 quam

182 868 294 923 quod
334 868 478 923 vulgus
513 866 638 907 soleat
674 865 924 914 existimare,
959 872 1111 905 memet
1142 863 1277 904 habeo
1312 862 1676 917 persuasissimum.

184 942 295 984 Eum
315 942 478 991 alicubi,
501 950 547 982 ut
569 939 772 982 Gassendi
793 939 1054 995 plagiarium,
1079 937 1383 978 Valckena'ejrus
1415 936 1677 977 insimulavit:

182 1032 230 1057 ea
251 1032 347 1057 vero
368 1026 576 1070 utcunque
597 1030 638 1055 se
659 1029 722 1054 res
742 1013 907 1062 habeat,
931 1020 1039 1053 certe
1060 1012 1240 1067 iniquior
1261 1019 1378 1061 esset,
1401 1011 1468 1067 qui
1501 1010 1680 1059 laudem,

182 1091 347 1132 utilibus
367 1090 451 1145 ejus
472 1089 524 1130 ad
544 1087 830 1129 illustrandum
855 1087 1095 1127 Lucretium
1117 1085 1372 1126 coHectaneis
1392 1084 1685 1139 philosophicis

183 1165 437 1220 acquisitam,
461 1171 627 1218 cuperet
647 1162 846 1210 deterere,
870 1161 903 1200 si
934 1160 1075 1210 modo,
1098 1174 1192 1214 quae
1223 1159 1326 1199 citra
1356 1159 1681 1199 controversiam

183 1239 399 1294 sumpserit
419 1237 598 1286 aliunde,
621 1235 878 1291 promptiore
894 1234 1033 1274 animo
1054 1233 1107 1273 ad
1129 1240 1315 1273 auctores
1344 1232 1501 1287 primos
1531 1231 1681 1273 referre

183 1314 244 1353 vir
264 1313 500 1369 ingeniosus
521 1311 586 1352 ille
606 1326 648 1351 se
667 1318 858 1365 paratum
880 1308 1134 1350 ostendisset.

239 1462 291 1503 In
312 1461 493 1502 maxima
514 1469 632 1517 parte
651 1460 893 1501 meritorum
913 1459 1190 1511 Havercampz'
1208 1472 1336 1512 pono,
1360 1457 1472 1512 quod
1493 1456 1683 1499 codicum

183 1536 528 1593 Lugdunensium
548 1535 851 1592 diligentiorem
872 1533 991 1575 nobis
1021 1533 1280 1574 collationem
1312 1532 1682 1587 repraesentaverit,

183 1619 224 1652 et
244 1612 364 1652 amici
399 1611 460 1651 sui
492 1611 681 1665 Preigeri
709 1609 926 1650 nonnullas
961 1607 1349 1657 animadversiones,
1387 1606 1566 1647 eruditas
1598 1605 1683 1646 illas

183 1694 416 1741 acutasque,
439 1686 688 1741 protraxerit
708 1686 752 1726 in
771 1685 918 1725 lucem:
951 1699 1049 1724 nam
1070 1683 1327 1724 doctissimus
1348 1681 1481 1722 editor
1501 1681 1553 1721 de
1572 1694 1681 1734 penu

184 1761 354 1816 proprio
374 1760 634 1814 paucissima,
656 1774 733 1800 nec
753 1774 801 1799 ea
821 1757 987 1813 quidem
1007 1757 1148 1812 magni
1168 1756 1305 1810 pretii,
1328 1754 1594 1808 deprompsit.

244 1907 401 1948 Verum
421 1908 532 1948 enim
551 1922 663 1956 vero,
695 1921 748 1946 ne
768 1906 872 1961 quis,
906 1920 1040 1945 mores
1074 1916 1187 1945 meos
1221 1903 1334 1943 haud
1370 1910 1562 1956 expertus
1589 1916 1680 1951 usu,

186 1996 369 2023 censurae
399 1982 608 2021 severioris
637 1979 806 2021 fortasse
834 1979 1026 2034 postulet,
1057 1979 1156 2019 h'bet
1174 1979 1341 2019 Ernesti
1366 1975 1586 2031 judiciiun,
1617 1991 1683 2016 su-

184 2071 258 2111 per
278 2055 355 2097 hac
385 2069 429 2095 re
449 2055 493 2094 in
508 2053 767 2095 'bibliotheca
805 2053 955 2095 Latina
990 2054 1167 2095 Fabricii
1202 2052 1370 2102 factum,
1392 2052 1481 2092 vice
1499 2065 1683 2107 propug-

184 2129 335 2179 naculi,
358 2129 618 2186 subjungere:
653 2135 683 2155 ‘⁶
708 2129 894 2170 Omnino
926 2128 1006 2169 hoc
1026 2143 1130 2183 opus
1156 2142 1274 2169 suum
1304 2124 1567 2182 peritioribus
1595 2139 1681 2165 non
1732 2138 1737 2159 2

187 2211 217 2231 ‘⁶
239 2204 356 2244 valde
375 2204 565 2259 probavit
587 2203 917 2259 Havercampus.
980 2203 1095 2244 Inter
1116 2217 1259 2243 omnes
1280 2201 1455 2242 editores
1475 2198 1682 2253 principa-

187 2285 217 2305 “
239 2287 303 2320 tus
324 2278 495 2319 debetur
512 2279 719 2320 Lambino
733 2288 773 2320 et
795 2277 1015 2328 Creechi03
1047 2278 1144 2319 huic
1163 2277 1216 2318 ad
1232 2273 1542 2332 intelligendum
1562 2286 1682 2312 max-

187 2358 217 2378 “
239 2353 334 2402 imc,
357 2352 412 2393 illi
432 2353 555 2394 etiam
576 2353 629 2394 ad
654 2353 837 2394 criticam
866 2353 1080 2394 rationem.
1144 2350 1242 2400 Sed,
1276 2350 1345 2405 qui
1374 2348 1448 2389 has
1478 2362 1541 2387 res
1571 2354 1680 2387 recte

187 2433 217 2453 “
240 2435 415 2468 tractare
434 2428 576 2483 possit,
599 2429 648 2478 is,
683 2429 715 2469 si
737 2428 940 2483 suscipere
964 2441 1115 2468 novam
1140 2426 1364 2467 editionem
1403 2424 1498 2464 velit
1532 2419 1681 2474 angcssaqa

188 2507 219 2527 “
241 2501 304 2551 ea,
339 2516 431 2555 quae
465 2501 589 2543 hodie
607 2502 749 2557 peritis
769 2501 983 2556 probatur,
1015 2508 1055 2541 et
1072 2500 1189 2555 'cujus
1221 2497 1410 2553 exempla
1443 2498 1680 2539 recentioris

189 2581 219 2602 “
240 2575 438 2630 temporis
457 2575 670 2626 habemus,
698 2590 892 2632 magnam
922 2574 1085 2616 laudem
1114 2588 1261 2628 parare
1291 2572 1366 2612 sibi
1395 2572 1534 2625 possit.
1598 2572 1680 2614 Sed

187 2656 218 2676 ‘⁶
239 2649 343 2692 absit
358 2650 507 2691 usitata
526 2652 674 2690 nostris
690 2649 942 2704 temporibus
961 2648 1180 2697 festinatio,
1204 2655 1244 2687 et
1263 2646 1364 2687 lucri
1386 2645 1574 2701 cupidoss’

245 2800 332 2841 Hae
353 2808 448 2842 sunt
473 2815 615 2841 omnes
640 2799 838 2841 editiones
871 2799 1070 2847 Lucretii,
1104 2804 1303 2853 quantum
1337 2795 1527 2852 equidem
1562 2794 1679 2835 intel-

186 2873 374 2925 lexerim,
408 2890 486 2930 ope
519 2875 708 2917 codicum
741 2874 872 2917 MSS.
918 2881 1169 2929 procurata-⁵33
1204 2872 1236 2914 si
1270 2870 1397 2913 modo
1433 2868 1680 2927 singularem
