1894 3253
175 491 312 548 Quot
336 491 475 540 dedit
496 490 613 539 inde
632 506 766 538 soror
788 490 1020 554 gemitus,
1040 490 1178 540 dedit
1201 490 1346 540 anxia
1367 493 1554 543 mater!

240 590 376 648 Quot
398 589 566 654 patriae
589 589 816 654 lacrymis
840 589 1141 638 immaduere
1164 607 1307 655 genae
1327 593 1338 640 ἱ

172 688 314 736 Mille
339 688 469 736 diem
492 687 654 736 viduae
679 687 817 746 fletu,
840 695 1157 753 noctemque,
1175 687 1407 754 fatigant:

236 786 432 852 Plangit
455 794 722 835 amatorem
745 786 902 835 multa
923 786 1090 852 puella
1113 803 1270 835 suum.

170 886 304 944 Quas
329 894 514 951 strages
540 886 722 952 Stygiis
746 886 887 951 nigra
912 885 1051 935 Mors
1075 886 1389 952 amplectitur
1413 886 1499 936 alis
1520 888 1531 936 l

233 985 358 1033 Tam
381 985 516 1049 larga
540 1002 792 1050 nunquam
814 985 1062 1033 luxuriata
1086 985 1227 1050 dape.

169 1083 284 1132 Pars
308 1083 504 1132 mutilos
522 1084 721 1148 plorant
745 1091 900 1144 artus;
937 1101 1047 1149 pars
1066 1084 1273 1132 vulnera
1295 1100 1440 1142 saeva,

232 1183 358 1239 Quae
384 1199 496 1230 cum
521 1184 805 1247 corporibus
831 1182 1232 1240 commorientur,
1257 1182 1421 1230 alunt!

167 1281 398 1344 Undique
423 1280 542 1329 Fata
565 1280 754 1328 volant:
791 1280 1023 1345 putrique
1052 1280 1290 1328 cadavere
1313 1279 1513 1340 fultum,

230 1379 412 1427 Polluit
436 1379 720 1428 innumeros
744 1388 889 1444 putre
916 1380 1125 1428 cadaver
1149 1396 1307 1445 agros.

165 1478 365 1527 Scilicet
387 1478 492 1526 haec
519 1478 768 1542 placidum
793 1495 892 1526 non
918 1479 1238 1527 dedecorasse
1261 1485 1464 1543 putatur

229 1576 574 1625 Christicolum
598 1576 765 1625 feritas
789 1577 1164 1642 sanguinolenta
1185 1594 1411 1643 gregem:

164 1675 399 1740 Quosque
424 1676 532 1723 sinu
559 1675 774 1725 clemens
797 1676 938 1736 fovit,
962 1677 1213 1741 pavitque,
1238 1676 1498 1742 Magister,

230 1774 337 1822 Hos
359 1775 485 1823 bene
506 1774 732 1839 discipuli
758 1775 932 1822 dextra
948 1775 1167 1822 trucidat
1191 1775 1333 1823 oves!

163 1872 286 1919 Dira
310 1872 481 1918 Fames
506 1879 690 1934 quanto
706 1871 914 1935 populos
940 1871 1149 1935 captarit
1172 1870 1334 1920 hiatu!

227 1969 364 2015 Dum
383 1976 584 2016 tenuem
609 1969 765 2015 oravit
789 1968 950 2016 debile
974 1968 1152 2032 vulgus
1172 1984 1340 2033 opem:

162 2066 340 2114 Gallia!
368 2082 494 2130 quae,
519 2065 722 2130 depulsa
746 2066 843 2114 tuis
867 2065 1080 2116 feliciter
1103 2068 1218 2126 oris,

226 2164 471 2229 Angliaca
494 2163 681 2212 insiluit
698 2165 896 2214 vindice
920 2183 1072 2231 regna
1089 2166 1302 2232 pede.—

161 2263 298 2320 Quos
321 2262 410 2311 tibi
434 2270 555 2311 tunc
570 2263 801 2328 gemitus,
827 2264 981 2313 Fon!
1023 2281 1258 2330 peperere
1283 2264 1520 2314 malorum

225 2361 498 2409 Tantorum
524 2377 706 2409 caussae
726 2362 805 2410 1-
822 2379 943 2426 quos
966 2379 1203 2427 peperere
1227 2364 1343 2412 sibi!

161 2460 357 2525 Optasti
381 2460 591 2524 quoties,
612 2460 899 2510 cohiberent
921 2460 1110 2510 foedera
1133 2461 1373 2511 mundum

226 2558 383 2616 PaciS,
410 2566 460 2606 et
484 2560 743 2608 unanimus
769 2561 1076 2610 consociaret
1094 2578 1252 2621 amor;

161 2657 297 2705 Talis
323 2673 474 2715 amor,
499 2659 691 2722 qualem
713 2659 800 2707 lux
825 2675 960 2719 ILLE,
984 2668 1034 2709 et
1056 2660 1229 2724 gloria,
1253 2658 1425 2717 nostri,

223 2756 319 2803 Vel
344 2772 490 2804 cruce
507 2756 610 2821 jam
633 2758 870 2822 pendens,
895 2776 978 2808 ore
1001 2758 1223 2823 profudit
1248 2757 1490 2806 HOMO.—

159 2855 383 2904 Senserat
409 2853 490 2902 Oh
514 2856 523 2904 l
560 2857 766 2916 utinam,
791 2858 872 2922 qui
897 2858 1082 2922 primus
1108 2856 1300 2906 cuderit
1323 2873 1507 2913 ensem,

223 2953 282 3001 In
307 2970 393 3003 sua
412 2971 700 3006 conversum
725 2957 912 3007 viscera
933 2957 1118 3021 primus
1142 2972 1277 3022 opus.

284 3061 363 3098 a2
