1894 3253
548 261 781 311 LIBER
829 256 1242 308 SECUNDUS.

294 399 487 442 Balatum
507 396 700 452 pecudes:
734 395 806 444 ita,
835 391 946 448 quod
968 399 1116 432 natura
1136 387 1327 445 reposcit,

179 478 260 517 370
291 474 360 517 Ad
381 489 453 515 sua
473 473 657 528 quisque,
687 470 758 511 feri
779 467 1006 509 decurrunt
1026 465 1153 506 ubera
1173 464 1297 505 lactis.

351 549 581 596 Postremo,
613 543 725 600 quod
746 543 804 583 vis
825 540 1076 582 frumentum
1083 555 1096 587 3
1129 552 1215 577 non
1235 544 1372 576 tamen
1395 549 1532 585 omne,

292 622 490 677 Quidque
509 635 583 662 suo
602 632 768 676 genere,
800 617 908 657 inter
927 629 969 656 se
989 612 1118 654 simile
1139 626 1224 654 esse
1244 610 1412 660 videbis,

145 783 236 814 bricae
262 786 308 812 est
332 778 560 811 exercitationis
585 779 652 809 haec
681 788 730 808 ars
756 777 872 813 critica,

145 843 241 875 quam
257 843 314 863 nos
325 830 439 862 miselli
453 830 646 870 profitemur,
670 836 702 860 et
716 829 873 860 laboribus

147 885 307 916 indefessis
322 884 489 925 agitamus!

191 936 271 967 Ibid.
295 938 385 967 lzaedi.
425 934 580 965 Nonnulli
606 934 756 971 scribunt,
782 934 872 964 lzaedi.

147 989 215 1020 Nos
230 988 366 1018 Varroni
389 986 610 1022 auscultamus,
636 986 676 1016 de
702 985 777 1026 ling.
804 985 874 1015 Lat.

148 1040 185 1070 iv.
206 1043 252 1071 19.
277 1045 296 1057 ‘⁴
314 1041 442 1075 Hit-cus,
465 1038 550 1078 quod
571 1037 678 1067 Sabini
689 1038 810 1079 fircus,·
835 1042 875 1073 et,

149 1094 171 1110 “
189 1090 272 1131 quod
288 1090 481 1131 illeicfeclus,
498 1090 530 1119 in
547 1089 638 1119 Latio
653 1099 725 1119 rure
740 1087 874 1118 lzeclzcs:’‘

147 1143 195 1185 (in
208 1144 358 1173 ambabus
370 1152 483 1181 nempe
494 1141 691 1177 dictionibus,
708 1147 744 1171 ut
758 1140 791 1169 in
808 1139 878 1169 aliis

148 1195 303 1235 pluribus,
327 1194 460 1225 eandem
471 1194 536 1223 vim
549 1194 680 1223 habente
693 1192 816 1222 AEolico
831 1192 877 1221 di-

149 1259 290 1290 gamma,
314 1259 410 1290 quam
425 1248 515 1278 litera
535 1246 683 1286 aspirata)
708 1249 730 1264 “
745 1245 829 1285 quod
846 1244 878 1274 in

145 1305 169 1320 “
185 1304 274 1339 urbe,
290 1307 326 1331 ut
346 1301 378 1330 in
394 1299 531 1335 multeis,
547 1311 566 1329 a
582 1298 698 1333 addito,
715 1297 851 1327 hoeclusff’

188 1353 262 1383 Ver.
284 1356 357 1383 568.
379 1357 508 1382 norunt:
535 1351 575 1380 V.
599 1349 646 1380 ed.
668 1354 794 1384 notunt;
821 1347 875 1377 sed

149 1412 188 1436 n.
204 1411 327 1442 matres,
350 1402 479 1442 repetita
493 1412 575 1432 voce.

190 1455 270 1486 Ibid.
296 1457 430 1495 agnique
439 1456 567 1494 petulci.

149 1508 187 1538 iv.
207 1511 255 1538 10.

611 1451 780 1492 Virgilius,
803 1461 873 1491 geo,

496 1569 570 1592 oves,
586 1561 706 1592 haedique
720 1560 823 1593 petulci.

149 1615 272 1652 Festus,
296 1613 351 1654 qui
373 1618 542 1652 utrumque
564 1611 670 1641 locum
692 1610 812 1648 laudat,
835 1609 879 1639 sic

149 1667 385 1704 interpretatur:
412 1667 436 1682 “
452 1665 573 1694 Peculcz'
594 1662 801 1702 appellantur,
824 1661 880 1702 qui

148 1721 171 1737 “
186 1722 329 1757 protervo
352 1716 473 1754 impetu
498 1720 530 1745 et
552 1715 658 1744 crebro
677 1719 800 1754 petunt,
824 1713 878 1742 lae-

148 1770 171 1786 “
188 1767 283 1798 dendi
298 1766 424 1796 alterius
435 1765 568 1806 gratia.”

192 1818 266 1849 Ver.
281 1821 355 1849 569.
378 1819 545 1848 Balneum:
571 1816 614 1846 sic
640 1816 677 1846 P.
706 1816 748 1846 V.
771 1816 818 1846 ed.
843 1816 880 1845 B.

149 1870 198 1900 M.
216 1876 262 1899 Ω.
286 1875 318 1898 et
340 1868 418 1898 mihi
443 1868 545 1907 potior
566 1868 659 1897 lectio
674 1867 738 1897 visa
764 1873 821 1905 est,
845 1872 882 1896 ut

151 1922 192 1951 sit
206 1920 371 1960 utrobique
386 1919 579 1958 exemplum,
599 1925 663 1948 tam
680 1918 881 1958 parvulorum

152 1977 269 2003 matres
283 1970 532 2012 agnoscentium,
548 1980 643 2010 quam
660 1976 798 1999 matrum
811 1979 881 2008 par-

151 2024 254 2062 vulos;
278 2028 372 2063 prout
387 2031 486 2061 nuper
504 2021 647 2062 juvencae
662 2021 796 2051 vitulum
811 2014 880 2060 plo-

152 2077 266 2114 rantis;
289 2082 321 2106 et
335 2075 412 2105 ordo
427 2075 480 2105 sit:
508 2078 530 2093 ‘⁴
547 2075 699 2110 Pecudes,
717 2075 737 2105 i.
752 2085 778 2104 e.
797 2084 880 2111 oveS,

149 2132 174 2148 “
191 2134 309 2158 norunt
320 2127 459 2158 balatum
469 2126 572 2167 agni.''
593 2127 760 2164 Caeterum,
771 2136 882 2167 quam-

151 2180 197 2210 vis
212 2178 326 2209 dixerit
340 2178 506 2219 Virgilius,
529 2179 697 2214 balantum,
724 2177 883 2217 pecudum

155 2240 279 2269 nempe,
300 2241 432 2270 gregem,
466 2229 544 2260 mihi
575 2240 640 2260 non
671 2229 744 2259 satis
770 2229 881 2269 placet,

153 2280 295 2321 quamvis
315 2283 395 2311 bene
417 2281 569 2311 Latinum
584 2281 634 2318 sit,
657 2282 814 2311 balantum
828 2291 882 2320 pe-

155 2337 254 2365 cudes.
299 2334 425 2374 Reliqui
441 2340 546 2364 autem
569 2335 691 2365 codices
710 2337 884 2366 Balantum

159 2385 504 2424 exhibent—pecudes:
525 2386 561 2415 P.
577 2386 618 2416 V.
631 2386 678 2416 ed.
697 2387 733 2416 B.
746 2389 884 2426 pecudis,

157 2447 222 2467 non
238 2437 320 2466 male
327 2448 336 2473 ;
360 2442 391 2465 et
411 2436 546 2467 dubitari
573 2444 682 2476 potest,
707 2449 748 2468 an
771 2439 883 2468 scriba-

158 2498 230 2518 rum
245 2487 284 2517 de
300 2486 425 2526 syllabae
446 2488 545 2517 brevis
559 2488 765 2527 productione
781 2489 885 2519 solici-

157 2539 234 2570 tudo
249 2544 409 2577 receptum
421 2541 550 2578 pecudes
566 2549 631 2569 non
643 2539 866 2578 importaverit.

203 2590 284 2620 Ibid.
301 2591 447 2620 Balneum
461 2592 545 2629 agni.
569 2591 674 2629 Maro,
689 2592 763 2622 AEn.
776 2592 816 2622 ix.
833 2595 882 2623 61.

445 2648 498 2672 tuti
509 2649 559 2672 sub
568 2648 701 2679 matribus,
717 2650 777 2681 agni

189 2688 311 2712 Balatum
322 2692 462 2713 exercent.

162 2744 288 2775 Addam
306 2745 525 2784 Calpurnium,
549 2746 604 2776 ecl.
620 2746 653 2776 ii.
669 2750 720 2777 68.

189 2802 261 2827 Mille
270 2803 318 2827 sub
329 2803 453 2828 uberibus
464 2803 576 2828 balantes
588 2804 720 2836 pascimus.
730 2813 816 2837 agnos.

206 2851 286 2882 Ibid.
308 2854 447 2893 reposcit,
470 2863 527 2892 pro
550 2853 689 2893 simplice
700 2857 810 2894 poscit,
833 2854 887 2884 ad-

162 2901 299 2939 liibetur;
314 2903 352 2933 de
363 2904 424 2944 qua
438 2914 471 2934 re
485 2905 629 2935 consulas
645 2906 884 2943 Ruhnkenium,

163 2951 202 2981 ad
220 2952 317 2983 Rutil.
332 2954 411 2994 Lup.
430 2955 449 2987 i.
464 2960 514 2987 lo.
528 2967 556 2996 p.
573 2960 623 2988 57.

211 3010 301 3042 VoL.
321 3012 345 3042 Ι.

960 784 1034 814 Ver.
1050 785 1122 813 570.
1136 781 1213 822 fieri.
1260 780 1310 811 Sic
1335 779 1419 819 lego,
1442 788 1499 818 pro
1521 778 1646 819 vulgato

905 836 978 876 sere
989 849 999 865 .·
1026 834 1068 864 sic
1082 833 1180 863 etiam
1195 837 1283 862 vetus
1298 831 1406 867 editio,
1431 830 1574 861 Venetiis
1585 829 1645 859 im-

1074 884 1239 922 BIanilius‚
1262 884 1281 914 i.
1296 887 1369 914 568.

917 954 998 985 Cujus
1010 952 1043 976 ab
1060 952 1184 977 uberibus
1203 957 1335 983 magnum
1352 950 1397 974 ille
1417 949 1537 974 ascendit
1556 949 1649 980 Olym-

998 1001 1077 1026 pum,

920 1037 993 1058 Lacte
995 1034 1056 1065 fero
1067 1039 1187 1058 crescens
1198 1033 1232 1057 ad
1243 1031 1370 1061 fulmina,
1387 1031 1499 1062 vimque
1509 1031 1633 1056 tonandi.

1421 1072 1650 1102 BENTLmus.

923 1143 970 1173 Ut
973 1143 1043 1184 fi’ri
1057 1152 1131 1172 cum
1145 1143 1235 1172 lactis
1258 1140 1366 1180 utique
1377 1139 1540 1180 jungatur.
1589 1138 1650 1169 Sed

924 1196 975 1225 Pii
1003 1196 1138 1225 rationes
1176 1194 1209 1223 in
1248 1192 1454 1230 Bononiensi,
1490 1192 1545 1232 qui
1574 1192 1650 1232 legit

922 1247 1017 1276 etiam
1036 1247 1117 1287 firrz',
1148 1245 1250 1285 magis
1278 1246 1386 1283 probo,
1420 1242 1605 1273 illustrantis
1633 1254 1651 1273 a

919 1299 1009 1339 Virg.
1029 1299 1104 1328 AEn.
1124 1298 1175 1328 vii.
1190 1301 1264 1329 489.

949 1359 1129 1389 pectebatque
1131 1358 1233 1389 ferum,
1249 1363 1371 1389 puroque
1383 1356 1410 1380 in
1421 1355 1499 1380 fonte
1511 1355 1631 1379 lavabat:

917 897 1028 927 pressa.

919 1416 958 1446 de
981 1426 1070 1446 cervo
1092 1415 1176 1453 miti,
1199 1421 1231 1444 et
1252 1414 1399 1444 manibus
1423 1413 1575 1443 herilibus
1601 1423 1648 1442 as-

920 1474 1024 1497 sueto:
1050 1467 1105 1497 ubi
1123 1466 1267 1496 Servium
1282 1464 1436 1503 inspicias.
1482 1464 1534 1494 Sic
1557 1464 1653 1494 etiam

922 1519 975 1548 alii
991 1520 1069 1548 bene
1084 1517 1186 1547 multi.
1231 1516 1282 1546 Sit
1304 1516 1401 1556 igitur
1425 1529 1458 1546 το
1471 1515 1541 1555 feri
1563 1515 1653 1544 nobis

923 1571 956 1600 in
983 1569 1168 1599 nominandi
1192 1578 1265 1598 casu
1293 1566 1418 1596 numeri
1445 1566 1588 1605 pluralis:
1617 1573 1653 1596 ut

923 1621 1038 1662 legitur
1053 1621 1147 1650 etiam
1164 1620 1196 1649 in
1212 1619 1254 1648 V.
1273 1618 1321 1648 ed.
1339 1618 1374 1647 B.

969 1672 1048 1702 Ibid.
1063 1673 1161 1702 Iactis.
1200 1669 1364 1704 Heinsius
1381 1668 1414 1698 in
1425 1667 1542 1698 advers.
1558 1679 1586 1707 p.
1604 1672 1653 1699 85.

924 1723 1153 1764 elegantissime
1164 1722 1320 1762 proponit,
1330 1722 1444 1751 lactens
1456 1734 1465 1750 .·
1484 1720 1538 1750 sed
1550 1727 1653 1750 muta-

925 1777 1043 1806 tionem
1068 1777 1218 1805 absterret
1243 1774 1309 1813 ipse
1334 1779 1448 1807 noster,
1471 1772 1511 1802 ad
1534 1773 1553 1802 i.
1580 1776 1652 1804 886.

925 1839 988 1869 quo
1002 1827 1119 1857 redeas.

968 1880 1042 1910 Ver.
1058 1882 1132 1910 571.
1156 1877 1223 1907 Hic
1239 1881 1465 1916 argumentum
1489 1886 1583 1905 suum
1598 1887 1653 1915 po-

925 1933 974 1962 'eta
989 1937 1093 1960 noster
1108 1929 1245 1968 penitius
1259 1927 1464 1967 persequitur,
1481 1928 1520 1957 ab
1533 1927 1655 1957 anima-

926 1983 1007 2012 libus
1022 1980 1212 2012 descendens
1223 1979 1263 2009 ad
1278 1979 1467 2008 inanimatas
1482 1979 1655 2008 1·es.—Cae-

924 2041 1039 2071 terum,
1063 2032 1335 2073 profiwcmenlztm,
1362 2037 1402 2060 Π.
1428 2030 1481 2060 dat
1493 2030 1656 2072 frnsmen-

924 2094 998 2118 tum.
1023 2088 1076 2125 Et,
1092 2085 1177 2127 quod
1192 2090 1381 2115 structuram
1397 2085 1552 2115 sermonis
1570 2096 1657 2125 spec-

924 2145 979 2174 tat,
1003 2138 1052 2167 vel
1067 2144 1187 2177 repetas
1201 2136 1273 2166 licet
1288 2146 1378 2165 voces
1393 2147 1509 2166 sumere
1518 2147 1625 2175 perge,
1642 2147 1660 2166 a

925 2201 986 2220 ver.
1011 2193 1085 2220 547.
1112 2195 1167 2218 aut
1191 2187 1403 2217 nominatims
1430 2197 1494 2217 esse
1518 2187 1658 2226 pendens

926 2247 1039 2281 potest,
1062 2246 1098 2270 ut
1113 2249 1224 2278 nuper,
1251 2248 1312 2267 ver.
1327 2241 1400 2267 34⁶2.

970 2294 1046 2323 Ver.
1062 2295 1135 2323 572.
1164 2292 1322 2330 Quidque.-
1350 2290 1388 2319 P.
1415 2288 1512 2319 vind.
1538 2296 1583 2319 Π.
1613 2295 1657 2320 Ω.

933 2347 1087 2384 Quodque.
1132 2345 1165 2373 in
1181 2348 1250 2381 post
1271 2353 1323 2372 suo
1340 2340 1484 2381 vulgares
1506 2340 1659 2371 editiones

929 2397 1081 2432 inserunt,
1099 2393 1153 2424 sed
1165 2395 1251 2424 abest
1267 2393 1304 2422 P.
1320 2392 1361 2422 V.
1378 2391 1425 2422 ed.
1444 2397 1478 2422 Δ.
1497 2398 1537 2422 Π.
1555 2396 1589 2422 Σ.
1612 2398 1657 2422 Ω.

929 2453 960 2478 et
974 2446 1102 2487 reliquis
1124 2445 1220 2476 etiam
1235 2443 1398 2484 plerisque,
1428 2442 1454 2472 si
1469 2453 1534 2472 non
1556 2442 1659 2471 omni-

929 2500 998 2536 bus,
1029 2499 1134 2527 abesse
1159 2495 1362 2535 suspicamur.
1407 2495 1452 2525 Et
1477 2505 1506 2524 se
1533 2494 1660 2532 insuper

926 2550 967 2579 V.
984 2548 1031 2578 ed.
1047 2559 1113 2578 non
1128 2547 1278 2588 agnoscit.

974 2601 1055 2631 Ibid.
1083 2603 1241 2640 Quidque.-
1268 2609 1306 2628 ex
1332 2599 1447 2628 duobus
1470 2595 1587 2626 scilicet
1606 2606 1659 2625 eo-

929 2651 1003 2682 dem
1018 2661 1131 2692 genere
1147 2649 1298 2680 frumenti
1320 2650 1439 2688 granis.
1485 2647 1659 2683 Quintilia-

933 2714 1004 2742 nus,
1027 2704 1111 2733 instt.
1131 2703 1180 2732 vii.
1197 2706 1225 2732 4.
1241 2701 1362 2731 fin.—“
1380 2706 1421 2738 et,
1444 2710 1518 2730 curn
1533 2702 1592 2730 dno
1607 2701 1659 2730 fii-

934 2758 956 2773 “
973 2766 1022 2785 res
1050 2755 1218 2793 pecuniam
1253 2753 1457 2785 abstulerunt,
1495 2752 1660 2791 separatim

935 2810 956 2826 ‘⁵
972 2806 1184 2847 quadruplum
1205 2807 1343 2846 quisque,
1372 2815 1413 2834 an
1437 2804 1582 2843 duplum,
1606 2804 1659 2834 de-

934 2864 955 2878 “
973 2858 1084 2889 beat?’²
1113 2858 1185 2894 Qua
1211 2858 1250 2888 de
1276 2868 1309 2887 re
1334 2858 1500 2888 lectionem
1523 2859 1659 2897 qnodque

932 2911 1100 2940 levioribus
1124 2909 1361 2940 auctoritatibus
1383 2920 1416 2938 se
1431 2908 1660 2938 suffulcienwm

930 2963 1061 2994 editores
1077 2962 1318 3001 anteposuerim,
1343 2967 1426 2992 totus
1439 2961 1556 3000 ignoro.

909 3025 929 3049 S
