1894 3253
624 245 859 293 LIBER
907 243 1216 294 PRIMUS.

309 379 419 423 Nam
439 388 485 422 tu
505 380 590 421 sola
608 387 725 434 potes
744 377 959 435 tranquilla
980 393 1081 434 pace
1088 379 1234 434 juvare

309 455 537 497 lN‘Iortaleis:
570 455 766 511 quoniam
785 454 878 495 belli
897 453 983 494 fera
1002 468 1187 495 moenera
1208 452 1377 495 Mavors

312 523 580 585 Armipotens
601 530 721 586 regit,
743 529 787 569 in
808 528 1013 584 gremium
1034 528 1104 583 qui
1125 543 1234 583 saepe
1255 537 1372 570 tuum
1393 543 1434 569 se

225 608 278 645 35
312 604 475 659 Rejieit‚
499 611 655 644 aeterno
676 602 858 643 devictus
878 601 1045 642 volnere
1065 602 1230 643 amoris:

309 678 450 734 Atque
469 678 541 729 ita,
564 677 785 733 suspiciens
805 675 923 718 tereti
943 676 1101 717 cervice
1120 676 1298 731 reposta,

161 818 250 860 quod
275 818 404 848 fortasse
432 818 619 859 genuinum.
667 818 716 849 Sic
732 818 893 858 Lucanus,

162 881 189 901 v.
206 874 234 902 8.
251 874 273 890 “
290 871 362 901 belli
378 871 529 902 mum'a.·’‘
554 878 590 902 ut
605 871 700 902 etiam
719 871 893 910 Sallustius,

162 922 304 961 Tacitus,
334 922 444 953 Livius
475 923 496 954 i.
524 927 577 954 42.
608 923 648 954 ad
678 923 768 963 cujus
798 923 894 953 etiam

161 975 267 1006 xxxvi.
294 979 344 1006 51.
371 975 491 1006 consuli
514 981 615 1015 potest
636 975 675 1005 de
697 975 745 1005 his
759 976 893 1005 vocabu-

162 1027 202 1057 lis
217 1027 504 1058 Drakenborchius.
550 1028 662 1068 Dictys
679 1027 846 1066 Cretensis,
867 1027 889 1058 i.

164 1082 213 1110 16.
229 1078 391 1118 ipsissimis
412 1079 597 1109 verbis:—“
620 1078 661 1109 ad
679 1080 784 1109 munia
808 1080 889 1109 mile·-

163 1135 184 1147 ·‘
196 1131 250 1160 tice
259 1129 472 1161 festinarent.”
495 1136 565 1169 post
577 1130 739 1168 Tacitum,
754 1140 830 1160 ann.
843 1140 889 1160 xv.

168 1185 215 1212 11.
264 1182 416 1212 Similiter
431 1183 552 1212 variant
566 1182 637 1212 libri
653 1182 694 1212 ad
711 1192 776 1212 ver.
793 1185 843 1212 53.

206 1233 283 1264 Ver.
307 1237 357 1264 51.
379 1236 487 1273 sopita.
533 1233 644 1273 Dictys
669 1233 838 1271 Cretensis,
864 1244 890 1264 V.

166 1288 214 1315 10.
234 1288 256 1302 “
273 1284 334 1323 Ita,
350 1286 445 1324 sopito
457 1285 526 1325 jam
542 1284 657 1315 exinde
672 1286 758 1323 belm,
775 1284 891 1324 passim

162 1339 185 1354 “
215 1336 262 1366 uti
292 1336 422 1377 quisque
453 1336 591 1376 partium
621 1336 773 1375 voluerat,
805 1347 890 1368 nunc

163 1391 185 1406 ‘⁶
203 1388 306 1418 Graeci
321 1399 396 1419 cum
408 1389 564 1430 Trojanis‚
581 1400 751 1430 rursusque
762 1389 796 1419 hi
807 1389 890 1429 apud

162 1443 186 1458 “
201 1451 308 1479 naves,
325 1442 425 1472 amice
441 1441 568 1482 agere.''

204 1491 281 1523 Ver.
307 1496 359 1524 5‘2.
406 1493 460 1523 Ad
474 1493 494 1524 l.
517 1504 544 1524 c.
565 1493 667 1529 Statii,
683 1494 738 1524 ubi
754 1500 842 1525 vetus
857 1505 889 1524 e-

160 1550 302 1574 narrator
316 1550 459 1575 nostrum
473 1544 591 1581 laudat,
607 1545 813 1576 Lucretianos
822 1556 889 1576 ver-

161 1605 214 1625 sus
227 1595 287 1626 sibi
302 1595 473 1627 imitandos
488 1597 580 1636 po'e'ta
595 1597 727 1639 sumpsit
749 1597 790 1628 ad
805 1598 891 1628 hunc

162 1647 308 1680 modum:

191 1717 214 1741 O
225 1718 230 1742 !
250 1717 318 1742 mihi
327 1718 458 1743 bellomm
471 1718 583 1750 requies,
595 1721 622 1743 et
632 1725 706 1743 sacra
719 1718 852 1750 voluptas,

192 1759 309 1790 Unaque
320 1767 376 1791 pax
388 1760 479 1784 animo
489 1769 496 1790 3
515 1760 562 1784 soli
573 1760 617 1784 cui
626 1763 703 1783 tanta
714 1763 831 1791 potestas

192 1797 380 1829 Divommque
390 1799 589 1829 hominumque
598 1799 666 1823 meis
675 1806 816 1823 occurrere
824 1798 883 1822 telis

192 1838 318 1868 Impune,
329 1842 356 1862 et
367 1839 457 1863 media
468 1839 590 1869 quamvis
602 1839 629 1862 in
641 1839 718 1862 caede
729 1838 877 1863 frementes

192 1876 372 1900 Hosassistere
381 1884 472 1907 equos,
479 1877 551 1901 hunc
559 1884 650 1902 ensem
660 1877 774 1902 avellere
783 1876 891 1901 dextra.

164 1922 331 1963 Pteigerus
341 1925 437 1954 etiam
448 1925 554 1955 locum
568 1925 693 1964 Papinii
705 1925 856 1955 excitavit.

206 1974 280 2005 Ver.
296 1978 346 2005 53.
364 1975 465 2006 Voces
484 1976 632 2017 bellifera
656 1977 769 2006 desunt
790 1976 823 2005 in
842 1983 887 2006 11:

161 2032 193 2056 et
214 2026 266 2057 hic
288 2027 385 2057 codex
417 2039 474 2067 pro
499 2030 553 2069 qui
576 2040 654 2070 saepe
684 2030 717 2060 in
744 2036 892 2071 sequente

161 2089 251 2109 versu
263 2079 317 2109 dat
326 2091 472 2120 perscepe.

210 2133 279 2162 Ver.
295 2136 345 2164 55.
371 2135 503 2174 Rejjz'cit:
530 2135 568 2166 V.
588 2137 636 2168 ed.
661 2138 700 2168 B.
726 2138 764 2169 L.
786 2143 820 2170 Σ.
846 2146 890 2170 Ω.

165 2187 295 2226 Βςίὶείι,·
329 2191 363 2216 Δ.
378 2192 485 2217 autem
510 2189 651 2229 Refficic:
681 2201 746 2220 non
761 2191 892 2221 omnino

163 2236 257 2275 male,
292 2247 391 2277 quum
422 2240 456 2269 in
489 2243 641 2279 gremium
664 2243 744 2272 bene
772 2244 892 2273 steterit

163 2298 220 2326 pro
235 2291 268 2319 in
281 2293 412 2329 gremio;
437 2291 507 2322 vide
531 2293 604 2323 Silv.
632 2294 708 2324 Crit.
732 2304 758 2325 v,
782 2306 814 2334 p.
839 2299 889 2326 51.

164 2346 197 2369 et
212 2340 304 2378 infra,
327 2351 386 2372 ver.
411 2346 485 2373 250.
513 2343 566 2373 sed
589 2343 757 2375 lectionem
780 2346 889 2387 vulga-

165 2396 231 2420 tam
255 2391 376 2431 malim,
409 2394 500 2424 facile
524 2394 679 2425 detortam
709 2407 747 2426 ex
774 2400 888 2436 Reicit,

163 2443 213 2473 vel
240 2446 368 2482 Reiz‘cit,
395 2446 430 2475 in
456 2446 599 2478 alteram:
631 2454 662 2478 et
687 2449 770 2479 favet
791 2450 888 2480 Luta-

161 2496 235 2533 tius,
262 2496 302 2526 ad
324 2496 343 2526 l.
368 2507 393 2527 e.
417 2498 525 2528 Statii.
571 2500 680 2538 Porro,
706 2502 830 2541 rejicere
857 2506 890 2533 ἰη

159 2557 311 2593 gremium
336 2554 547 2585 efficacissima
568 2563 615 2586 est
636 2557 763 2595 locutio,
791 2565 822 2588 et
842 2559 888 2588 vi-

161 2606 264 2636 vidius
293 2607 436 2647 depingit
465 2607 697 2638 festinationem
727 2615 757 2639 et
793 2610 890 2640 avidi-

161 2663 258 2688 tatem
284 2659 398 2688 Martis
423 2669 455 2689 se
477 2659 511 2689 in
534 2660 667 2689 Veneris
691 2661 849 2700 gremium
872 2674 889 2693 e

163 2709 238 2739 belli
263 2710 403 2740 tumultu
418 2711 611 2750 abripientis,
638 2717 669 2741 et
687 2714 775 2752 quasi
789 2714 885 2753 jacu-

159 2761 265 2791 lantis.
306 2761 428 2799 Florus,
444 2762 463 2791 i.
485 2766 531 2792 14.
546 2763 602 2803 qui
622 2762 749 2794 floribus
759 2765 886 2804 po'elticis

161 2819 245 2841 amat
261 2812 350 2842 suat'n
365 2814 538 2843 orationem
553 2820 839 2855 conspergere:—“
853 2818 886 2848 in

163 2867 184 2882 “
201 2866 464 2898 confertissimase
476 2868 613 2898 hostium
629 2868 885 2910 telajaculatus.‘'

161 2916 379 2956 Tempestivus
404 2919 500 2950 etiam
529 2921 673 2952 obveniet
709 2922 886 2962 Terentius,

163 2967 249 2998 And.
265 2969 284 2999 i.
298 2972 325 3000 1.
345 2974 413 3002 109.

954 817 1029 841 Tum
1041 815 1095 846 illa,
1103 817 1134 840 ut
1143 816 1308 840 consuetum
1315 815 1393 842 facile
1403 824 1524 844 amorem
1536 826 1666 850 cerneres,

953 857 1045 889 Rejecit
1054 866 1079 882 se
1091 857 1118 882 in
1129 865 1197 888 eum,
1209 858 1284 888 flens,
1296 865 1378 889 quam
1386 859 1562 886 familiariter.

941 907 1113 944 Caetemm,
1140 908 1214 938 huic
1244 908 1313 939 loco
1343 911 1564 948 supervenient
1593 912 1668 942 satis

939 960 1109 991 commoda
1139 960 1305 991 illustratio
1334 972 1440 992 versus
1473 963 1602 1003 quidam
1633 964 1667 994 in

940 1013 1092 1052 Blartem,
1129 1015 1226 1045 Anth.
1257 1015 1327 1046 Lat.
1355 1016 1468 1048 Burm.
1501 1018 1521 1048 i.
1546 1029 1593 1057 ep.
1617 1022 1668 1049 26.

935 1063 976 1094 ad
991 1064 1140 1095 incudem
1161 1076 1267 1097 meam
1288 1068 1464 1106 revocandi,
1485 1075 1522 1099 ut
1542 1069 1667 1108 politio-

935 1125 984 1145 res
998 1123 1124 1148 exeant:

966 1174 1007 1198 Sic
1016 1175 1075 1205 tibi,
1085 1179 1144 1207 post
1153 1183 1265 1209 pugnas,
1274 1180 1301 1202 et
1312 1182 1400 1208 pastos
1408 1179 1537 1210 sanguine
1548 1186 1668 1212 camp08‚

966 1214 1117 1245 Amplexus
1127 1215 1233 1245 tribuat,
1246 1217 1327 1240 vincli
1337 1224 1440 1247 secura,
1451 1218 1585 1250 Cythere!

965 1254 1010 1278 Tu
1022 1255 1101 1279 crista
1113 1255 1242 1288 galeaque
1254 1257 1348 1287 rubes;
1366 1261 1407 1288 tu,
1418 1258 1531 1289 pulcher
1541 1259 1569 1283 in
1575 1266 1646 1290 .aere‚

966 1294 1066 1319 Incutis
1077 1295 1102 1319 in
1116 1295 1224 1320 vultum
1237 1296 1366 1321 radiantia
1377 1297 1479 1323 lumina
1489 1298 1578 1324 ferro:

934 1344 954 1374 i.
980 1355 1006 1375 e.
1030 1346 1221 1388 praestriiigis
1247 1347 1354 1378 oculos
1378 1348 1595 1388 splendoribus
1619 1361 1668 1381 ran

935 1397 1094 1430 diantibus
1132 1401 1171 1431 ab
1205 1411 1366 1432 armorum
1397 1402 1490 1434 ferro.
1547 1404 1669 1447 Vulgo,

934 1452 1054 1488 tribuit,
1071 1458 1102 1482 et
1115 1463 1131 1483 e
1146 1454 1240 1484 vultu.

979 1503 1058 1534 Ibid.
1083 1507 1227 1537 devictus.
1276 1506 1328 1537 Ita
1345 1507 1386 1538 G.
1402 1507 1443 1538 V.
1459 1507 1509 1539 ed.
1529 1509 1564 1540 B.
1582 1510 1618 1540 P.
1631 1510 1667 1540 L.

936 1555 983 1586 M.
1004 1561 1040 1588 Δ.
1058 1563 1098 1586 Π.
1115 1562 1151 1588 Σ.
1168 1564 1212 1588 Ω.
1234 1565 1270 1589 ut
1285 1569 1355 1600 quae
1377 1560 1469 1590 venia
1485 1574 1526 1601 τῳ
1545 1564 1669 1593 devinc-

934 1615 983 1640 tas
1017 1611 1220 1641 concedenda
1252 1612 1303 1651 sit,
1336 1624 1400 1644 non
1431 1615 1577 1655 equidem
1606 1617 1669 1646 dis-

937 1672 1042 1692 cerno.
1088 1663 1218 1694 Poteras
1240 1676 1314 1695 sane
1330 1665 1526 1705 interpretari
1546 1670 1669 1700 devinc-

935 1719 985 1743 tas
1006 1723 1061 1751 per
1084 1716 1259 1754 impeditus,
1282 1722 1319 1745 ut
1341 1716 1425 1754 apud
1453 1717 1668 1759 Macrobium‚

940 1764 1004 1793 Sat.
1029 1764 1068 1794 vi.
1085 1768 1114 1794 4.
1159 1766 1286 1805 Furius,
1310 1767 1336 1796 si
1361 1767 1401 1796 sit
1422 1767 1510 1798 locus
1533 1768 1666 1811 integer,

937 1820 974 1843 ut
987 1819 1032 1843 est
1048 1815 1242 1855 perelegans:

954 1872 1010 1903 Ille,
1021 1875 1097 1905 gravi
1106 1876 1194 1900 subito
1206 1876 1345 1902 devinctus
1356 1879 1478 1910 vulnere,
1489 1880 1604 1906 habenas

951 1912 1021 1936 Misit
1030 1914 1101 1944 equi,
1110 1914 1249 1946 lapsusque
1258 1915 1284 1939 in
1293 1916 1410 1942 humum
1418 1918 1577 1950 defluxitoet
1587 1921 1667 1945 armis

952 1951 1076 1976 Reddidit
1086 1953 1175 1977 aeratis
1183 1954 1312 1979 sonitum.

935 2001 980 2030 Et
1004 2001 1120 2032 Statius
1141 2002 1280 2035 fortassis
1293 2006 1356 2037 huc
1370 2007 1476 2048 faciat,
1505 2009 1604 2041 Theb.
1625 2011 1668 2043 iX.

935 2056 1011 2084 567.

965 2105 1128 2138 Sidoniisque
1136 2107 1215 2133 simul
1223 2110 1334 2135 nectebat
1343 2111 1458 2136 vulnera
1470 2114 1584 2138 Mavors.

935 2146 1021 2179 Nam
1045 2150 1152 2181 minus
1175 2154 1329 2190 convenit,
1351 2156 1390 2185 ob
1414 2165 1521 2186 vocem
1547 2159 1665 2189 volnere

935 2201 969 2232 in
995 2204 1087 2243 Caro,
1121 2206 1252 2246 Virgilii
1278 2207 1376 2247 locus,
1403 2210 1477 2239 AEn.
1505 2209 1567 2240 viii.
1591 2214 1665 2242 594.

935 2258 1077 2297 quamvis
1091 2258 1165 2289 hinc
1180 2270 1341 2299 expressus
1356 2262 1406 2292 sit:

964 2310 1038 2333 Tum
1051 2313 1127 2341 pater
1138 2314 1229 2335 aeterno
1240 2311 1314 2336 fatur
1324 2313 1463 2337 devinctus
1474 2321 1558 2338 amore
1568 2323 1576 2339 :

933 2357 964 2380 et
988 2352 1030 2381 ibi
1058 2352 1179 2382 variant
1210 2354 1320 2384 itidem
1353 2355 1486 2386 codices.
1546 2355 1663 2386 Saltem

934 2405 1198 2435 consentientibus
1220 2406 1308 2436 libris
1330 2408 1415 2438 haud
1441 2408 1564 2438 videtur
1585 2419 1664 2439 eun-

934 2455 1011 2485 dum
1047 2457 1182 2487 obviam.
1242 2458 1366 2489 Ezidem
1395 2460 1435 2490 de
1474 2459 1594 2498 caussa,
1626 2474 1665 2492 τε

933 2509 1067 2537 vulneris
1087 2518 1199 2548 nempe
1226 2509 1391 2550 interjecti,
1417 2510 1457 2540 ad
1480 2510 1583 2540 aliam.
1599 2512 1664 2542 lec-

933 2558 1052 2590 tionem
1077 2562 1276 2592 asserendam
1297 2573 1367 2592 vnon
1396 2563 1552 2602 Apuleius
1574 2564 1662 2603 facit,

933 2619 1006 2642 met.
1031 2614 1062 2643 ii.
1088 2625 1116 2653 p.
1142 2618 1193 2645 98.
1218 2615 1291 2645 satis
1313 2616 1502 2656 caeteroquin
1527 2623 1662 2657 tempes-

932 2663 1025 2694 tivus:
1054 2669 1076 2683 “
1094 2666 1175 2695 Serit
1196 2666 1381 2704 blanditias3
1414 2668 1535 2699 invadit
1569 2670 1660 2709 spiri-

934 2719 955 2733 “
972 2722 1054 2753 tum;
1083 2720 1197 2748 amoris
1219 2719 1368 2757 profundi
1394 2720 1513 2760 pedicis
1535 2723 1660 2752 aeternis

932 2771 954 2785 “
971 2768 1109 2807 alligat.'’
1136 2769 1186 2799 Ita
1202 2769 1471 2812 distinguendum.
1498 2774 1660 2812 Similiter,

931 2829 960 2857 p.
984 2822 1056 2849 917.
1105 2823 1127 2838 “
1143 2820 1267 2861 Adjuro
1282 2833 1337 2862 per
1354 2823 1478 2854 dulcem
1492 2825 1588 2855 istum
1611 2837 1662 2855 ca-

933 2874 954 2888 “
969 2870 1036 2909 pilli
1059 2871 1106 2900 tui
1132 2872 1300 2912 nodulum,
1323 2887 1386 2916 quo
1412 2887 1520 2907 meum
1536 2880 1662 2908 vinkristz'

934 2926 954 2940 “
968 2924 1144 2962 spiritum-’³
1169 2925 1211 2956 In
1222 2927 1354 2958 transitu
1364 2928 1537 2959 emendabo
1546 2927 1660 2959 Tibul-

931 2977 1011 3017 lum,
1027 2978 1047 3010 i.
1067 2982 1092 3010 1.
1108 2982 1158 3013 55.
