1894 3253
184 261 248 302 46

684 252 745 301 Τ.
798 250 1182 302 LUCRETII

330 386 440 428 Nam
460 386 606 427 fierent
619 386 789 440 juvenes
810 384 944 425 subito
965 398 1018 425 ex
1037 382 1261 425 infantibus
1281 383 1432 438 parvis,

330 461 367 502 E
388 460 590 515 terraque,
613 466 761 499 exorta
779 467 965 514 repente,
987 458 1154 499 arbusta
1173 457 1352 499 salirent:

329 535 521 584 Quorum
541 532 644 573 nihil
664 532 754 574 fieri
774 533 1036 575 manifestum
1057 541 1132 584 est,
1155 533 1296 574 omnia
1316 530 1484 588 quando
1527 561 1532 566 .

217 614 296 650 190
328 608 544 649 Paullatim
564 617 767 659 crescunt,
790 617 836 650 ut
855 623 932 664 par
951 617 1026 659 est,
1049 609 1203 650 semine
1223 616 1354 657 certo;

331 683 650 739 Crescentesque
669 698 800 740 genus
822 692 1001 725 servant:
1033 692 1080 725 ut
1099 698 1268 724 noscere
1288 683 1417 738 possis

327 757 522 813 Quidque
544 757 614 799 sua
637 758 689 799 de
709 759 880 800 materia
901 759 1187 816 grandescere,
1211 759 1356 815 alique.

181 913 303 944 videtur
318 912 507 953 elegantiam
523 921 656 944 sectatus
671 915 761 954 po‘e'ta
771 915 910 946 doctissi-

181 976 264 1003 muS,
295 975 333 995 ex
363 965 553 1006 etymologia
583 966 743 996 recondita
771 967 909 1005 petitam.

180 1016 374 1056 Hesychius:
402 1024 514 1047 Αλσεα·
531 1030 614 1048 τοποι
637 1017 826 1060 καταδενδρω,
845 1031 909 1061 προς

178 1072 300 1098 ΑΛΣΙΝ
324 1082 378 1098 των
395 1075 490 1108 φας-ων
507 1082 583 1102 οντες
601 1068 769 1101 mardani:
796 1069 814 1100 i.
832 1080 857 1099 e.
874 1080 911 1099 u-

178 1119 209 1149 bi
225 1119 328 1149 solum
343 1121 550 1150 essilz'entibus
565 1120 699 1149 arbustis
714 1120 808 1150 favet:
836 1131 911 1151 nam

178 1177 301 1210 praestet
330 1171 470 1200 fortassis
498 1171 541 1200 ita
568 1170 689 1201 doctius
716 1172 911 1211 interpretari

177 1222 398 1262 grammaticas
413 1221 645 1260 explicationes,
670 1233 746 1262 quas
761 1223 910 1262 compila-

178 1274 257 1303 verit
272 1273 524 1313 lexicographus,
548 1284 605 1303 nec
620 1280 727 1304 tamen
748 1275 909 1305 intellexe-

178 1325 228 1355 rit.
261 1325 351 1354 Hinc
367 1331 453 1354 extra
469 1325 711 1355 controversiam
727 1326 838 1355 arcessi
855 1326 909 1356 de-

179 1377 231 1406 bet
247 1389 284 1407 w
298 1379 394 1407 sallus
410 1383 550 1416 etymon,
567 1377 605 1406 de
614 1375 675 1417 qua
689 1388 774 1416 voce,
791 1384 826 1408 ut
843 1378 911 1407 aliis

177 1429 320 1467 infinitis,
336 1429 414 1459 mihi
425 1435 551 1459 strenue
563 1430 674 1470 nugari
685 1430 830 1460 videntur
839 1441 913 1461 cum

178 1482 322 1512 Varrone
348 1482 470 1512 Festus.
523 1485 626 1513 Sallus
649 1493 762 1521 nempe
785 1493 803 1512 a
823 1485 910 1521 salio,

178 1533 277 1568 ἄλλω,
302 1533 407 1566 πηδω.·
434 1545 448 1564 s
463 1533 554 1563 litera
576 1534 608 1563 in
636 1533 741 1564 locum
767 1535 912 1565 veniente

178 1585 268 1615 densi
292 1585 433 1624 spiritfis;
459 1586 543 1615 utin
568 1587 606 1624 ἐξ,
630 1597 696 1621 δεῖ,-
725 1588 822 1625 {vr-ra,
846 1598 911 1627 sep-

177 1642 254 1672 tem;
282 1638 350 1672 ἁλς,
365 1638 412 1667 sal
423 1651 434 1671 ,·
463 1637 505 1674 ὗς,
522 1648 591 1673 sus;
620 1637 705 1675 ἁδεω,
721 1641 831 1668 suadeo
843 1654 853 1673 ;
882 1640 911 1669 ὑ-

178 1701 239 1730 περ,
254 1699 345 1727 super
354 1703 366 1724 ;
394 1690 462 1726 ὑιη,
478 1691 563 1719 silva.
606 1690 744 1727 Servius,
762 1691 801 1720 ad
819 1691 907 1731 Virg-

179 1741 235 1771 ecl.
258 1741 277 1771 i.
300 1744 350 1772 55.
378 1742 445 1771 haec
471 1742 618 1781 protulit:
647 1746 669 1761 ‘⁴
693 1745 823 1774 Salicti:
850 1744 908 1774 vir-

181 1795 204 1810 “
221 1792 301 1832 gulti
329 1803 441 1833 genus,
470 1792 592 1823 dictum
608 1804 645 1823 eo
664 1794 748 1834 quod
773 1797 857 1833 salit,
882 1802 912 1825 et

178 1848 199 1863 “
216 1845 316 1885 surgit
327 1845 417 1875 cito.''
451 1845 579 1876 Tzetzes
596 1856 661 1876 non
679 1847 837 1877 diversum
848 1848 913 1878 abit

178 1896 219 1926 ad
234 1897 371 1936 Lycoph.
388 1901 461 1927 514.
494 1905 603 1937 Aiax,
618 1913 698 1940 παρα
708 1913 740 1930 το
755 1902 910 1931 ‘AAAEE-

740 1950 913 1991 Eleganter

183 1999 331 2035 Nemus,
349 1999 479 2039 Dionys.
492 2010 583 2030 xxxv,
597 2002 653 2030 sub
668 2001 778 2031 finem:

180 1954 252 1978 ΘΑῙ
287 1961 338 1978 και
371 1950 501 1986 αυξεσραι
535 1963 577 1979 τοι
600 1957 688 1988 φυτα.

195 2073 358 2098 ‘AAMATI
379 2074 604 2099 BOTPYOENTI
615 2075 752 2107 βιαζομενκ
763 2075 904 2109 Λυκοεςγκῖ

183 2125 245 2157 nisi
259 2135 369 2155 verum
386 2125 425 2155 sit
441 2128 570 2166 ἁμματι,
583 2138 670 2158 nexu.
703 2127 791 2158 Hinc
808 2134 914 2158 autem

182 2187 327 2208 censeam
350 2177 574 2218 corrigendum
598 2189 663 2208 esse
679 2178 823 2208 Flavium
847 2179 912 2209 Vo-

180 2228 304 2269 piscum
318 2228 351 2258 in
371 2228 556 2265 Aureliano,
573 2236 645 2260 sect.
663 2232 691 2260 5.
709 2233 731 2247 “
746 2229 852 2260 Multa
861 2241 912 2260 su.

183 2283 205 2298 “
220 2279 340 2319 perflua
355 2279 389 2309 in
402 2279 514 2311 eodem
528 2280 640 2321 legisse
655 2281 801 2311 memini:
821 2282 911 2322 quip-

182 2335 204 2350 “
220 2342 259 2371 pe
274 2331 329 2371 qui
345 2338 496 2362 asseverat
511 2332 607 2362 etiam
621 2343 705 2363 rosas
721 2332 754 2362 in
771 2332 911 2372 ejusdem

181 2386 203 2402 “
219 2382 359 2413 mulieris
370 2384 488 2422 chorte,
504 2389 579 2414 nato
593 2384 778 2421 Aureliano,
790 2386 908 2415 exilisse

179 2442 201 2456 “
216 2435 429 2476 purpureas:’'
454 2447 529 2466 nam
545 2436 584 2466 de
598 2438 754 2467 subitaneo
770 2436 910 2476 loquitur

181 2489 302 2518 effectu.
355 2488 463 2529 Vulgo
485 2487 613 2528 legitur,
635 2490 750 2518 exiisse.
796 2488 910 2528 Neque

186 2541 272 2571 aliud
287 2541 432 2581 equidem
452 2539 603 2570 edixerim
626 2539 748 2570 deloco
766 2539 908 2578 Caesaris,

181 2591 252 2622 bell.
277 2592 331 2622 civ.
356 2593 398 2623 iii.
429 2594 502 2623 105.
540 2595 560 2610 “
586 2591 669 2621 Item
693 2590 851 2621 Trallibus
876 2590 909 2621 in

180 2648 203 2663 “
219 2644 337 2683 templo
358 2645 521 2683 Victoriae,
538 2644 593 2675 ubi
617 2644 750 2675 Caesaris
774 2649 910 2673 statuam

178 2698 202 2715 “
219 2702 483 2734 consecraverant,
503 2697 611 2736 palma
637 2706 691 2734 per
715 2706 767 2725 eos
790 2695 906 2725 diesin

180 2749 203 2765 “
218 2751 301 2776 tecto
315 2746 396 2776 inter
411 2753 597 2786 coagmenta
608 2746 752 2785 lapidum
767 2756 804 2776 ex
819 2745 906 2785 pavi-

182 2801 206 2817 “
221 2803 330 2827 mento
355 2800 487 2828 eaesilisse
509 2799 760 2829 ostendebatur.’'
805 2798 906 2836 Libri,

181 2851 336 2881 exstitisse.
384 2849 538 2880 Consulas
553 2850 722 2880 Davisium
738 2849 778 2881 ad
808 2850 910 2880 Hirtii

182 2900 256 2933 beu.
277 2900 329 2933 Af.
346 2904 375 2933 7.
391 2901 447 2932 ubi
463 2901 577 2943 pariter
592 2912 630 2932 ex
641 2902 770 2943 ingenio
784 2912 910 2942 reposu-

957 927 1042 946 eram
1065 919 1171 947 ersilz'u
1177 922 1220 954 nt,
1243 926 1300 955 pro
1322 917 1467 946 exsistunt
1490 915 1633 957 vulgat03
1656 922 1689 947 et

956 968 1073 998 addicit
1088 968 1196 998 codex.
1243 968 1293 997 Sic
1304 967 1483 997 Venantius
1494 968 1687 1000 Fortunatus

955 1020 987 1049 in
1004 1019 1118 1060 elegia:

1018 1087 1123 1112 Semine
1135 1085 1266 1118 deposito,
1278 1085 1379 1110 lactans
1389 1092 1454 1116 rega
1465 1083 1551 1109 exsilit
1562 1085 1642 1110 arvis.

956 1146 1066 1176 Etiam
1084 1144 1274 1182 Columella,
1291 1154 1319 1174 x.
1334 1147 1405 1174 246.

1016 1215 1048 1238 Et
1059 1213 1133 1237 bacca
1144 1213 1262 1245 mpuragi
1273 1212 1378 1244 spinosa
1387 1212 1486 1244 prosilit
1498 1212 1591 1237 herba.

955 1270 1078 1301 Plinius
1092 1271 1246 1306 similiter,
1271 1276 1334 1300 nat.
1350 1271 1421 1300 hist.
1438 1271 1494 1300 xii.
1517 1273 1566 1300 11.
1583 1274 1605 1289 “
1626 1271 1688 1301 Su-

955 1326 976 1340 “
993 1322 1128 1361 periores
1144 1322 1285 1362 ejusdem
1297 1324 1380 1352 rami
1395 1321 1427 1351 in
1440 1321 1599 1352 excelsum
1610 1325 1686 1353 emi-

956 1377 977 1390 “
995 1373 1108 1403 cant:’'
1132 1373 1179 1402 uti
1195 1383 1264 1411 nos,
1282 1376 1369 1404 Slzoot
1393 1384 1443 1412 up.
1490 1373 1594 1411 Idem,
1612 1373 1685 1404 ibid.

956 1424 1017 1454 xiX.
1033 1427 1084 1454 4⁶2.
1126 1428 1147 1442 ‘⁶
1164 1424 1255 1454 Viret
1270 1427 1372 1465 thyrso
1393 1425 1534 1463 primum
1548 1428 1685 1456 emican-

957 1478 979 1493 “
995 1476 1054 1506 te.'’
1094 1475 1177 1505 Vide
1192 1482 1331 1505 nostram
1349 1475 1421 1505 Silv.
1440 1475 1515 1506 crit.
1534 1476 1552 1506 i.
1565 1487 1594 1515 p.
1615 1480 1685 1507 121.

957 1526 1076 1556 Adsint
1102 1526 1222 1556 venusti
1239 1537 1346 1556 versus
1363 1527 1513 1563 Petronii,
1527 1533 1562 1557 ut
1577 1527 1685 1568 legan-

956 1584 1008 1607 tur
1024 1578 1263 1614 emendatiores,
1281 1588 1348 1617 cap.
1368 1581 1438 1608 127.

1020 1654 1149 1678 Emicuere
1161 1661 1233 1684 rosae,
1245 1654 1391 1686 violaeque‚
1402 1659 1430 1679 et
1441 1655 1524 1680 molle
1534 1662 1669 1688 cyperon3

1020 1704 1138 1733 Actaque
1149 1702 1182 1727 de
1194 1702 1272 1726 viridi
1279 1702 1393 1726 riserunt
1405 1701 1457 1725 lilia
1468 1705 1556 1732 prato.

959 1758 1070 1798 Vulgo
1095 1758 1251 1795 scribitur,
1278 1759 1360 1795 alba,
1387 1758 1438 1786 vix
1464 1757 1587 1798 integra
1611 1768 1686 1788 con-

957 1811 1137 1841 structione.
1182 1811 1306 1840 Verum
1329 1816 1374 1839 est
1389 1816 1477 1841 acta:
1504 1810 1524 1839 i.
1540 1821 1566 1840 e.
1579 1817 1684 1841 extru-

957 1861 1325 1893 sa-—emissa—sublata.
1370 1862 1471 1892 Dabis
1486 1872 1599 1892 manus
1614 1863 1689 1893 huic

957 1915 1182 1953 emendationi,
1210 1925 1284 1944 cum
1310 1921 1341 1945 te
1356 1914 1507 1954 receperis
1533 1914 1573 1944 ad
1595 1915 1689 1956 Virg.

959 1978 1027 2008 geo.
1042 1968 1072 1997 ii.
1086 1970 1158 2002 555,
1175 1971 1248 1997 564.
1261 1968 1338 1997 [En.
1352 1967 1392 1996 xi.
1414 1970 1482 1998 136.
1520 1966 1687 1998 Columell.

958 2029 985 2048 v.
1007 2022 1053 2048 10.
1082 2021 1129 2047 10.
1149 2018 1236 2047 Grat.
1261 2028 1332 2057 cyn.
1359 2021 1433 2048 526.
1481 2018 1551 2048 Sen.
1578 2018 1686 2058 OEdip.

961 2073 1031 2100 281.
1049 2079 1089 2099 ne
1101 2068 1164 2098 alio
1174 2075 1205 2098 te
1217 2069 1349 2099 mittam.
1395 2069 1461 2099 His
1474 2080 1589 2109 agmen
1600 2070 1687 2102 clau-

958 2121 1010 2151 dat
1035 2120 1204 2156 Arnobius‚
1218 2119 1270 2150 lib.
1287 2130 1313 2150 v.
1326 2131 1354 2159 p.
1373 2123 1513 2150 164.—“
1527 2131 1627 2161 quum
1642 2122 1687 2152 vis

959 2177 980 2191 “
997 2173 1051 2203 illa
1066 2172 1186 2202 telluris
1201 2178 1345 2211 cooperta
1361 2178 1406 2202 est
1427 2172 1560 2213 gremio,
1583 2173 1688 2204 solum

959 2228 980 2242 “
997 2223 1100 2253 radice
1116 2223 1279 2262 complexa
1295 2229 1352 2261 est,
1374 2223 1407 2253 in
1424 2224 1536 2264 stipitis
1556 2227 1687 2257 exsilivit

957 2280 978 2294 “
995 2275 1163 2306 robur—.’'

1000 2329 1075 2358 Ver.
1095 2331 1165 2360 191.
1201 2329 1389 2359 Crescentes:
1414 2338 1464 2359 res
1486 2329 1606 2370 utique,
1629 2340 1687 2360 no.

951 2379 1103 2410 minativo
1118 2379 1250 2410 ulterius
1265 2380 1396 2419 repetito
1411 2390 1448 2410 ex
1464 2391 1524 2410 ver.
1541 2384 1610 2412 185.
1635 2381 1688 2412 Ita

953 2431 1103 2470 scriptum
1118 2431 1267 2461 exhibent
1281 2431 1379 2462 Vind.
1396 2432 1437 2462 V.
1454 2431 1503 2462 ed.
1521 2433 1560 2463 Β.
1575 2432 1612 2463 L.
1637 2433 1686 2463 M.

954 2489 989 2514 Δ.
1008 2490 1047 2514 Π.
1065 2488 1099 2515 Σ.
1124 2483 1227 2514 Aliter
1243 2484 1321 2514 solet
1336 2483 1411 2525 legi,
1431 2486 1609 2516 crescendo.
1634 2483 1686 2513 De

952 2536 1001 2566 his
1016 2542 1122 2567 autem
1139 2537 1324 2567 nominativi
1341 2537 1508 2567 anomaliis
1531 2535 1687 2567 nonnulla

953 2589 1039 2620 dedit
1069 2590 1252 2621 Perizonius
1277 2590 1317 2620 ad
1345 2590 1464 2621 Sanctii
1491 2589 1683 2625 Minervam,

953 2643 974 2673 i.
996 2647 1043 2673 18.

994 2695 1070 2726 Ver.
1090 2698 1159 2727 192.
1188 2697 1343 2736 Quidque:
1369 2694 1413 2725 sic
1438 2693 1477 2724 G.
1493 2691 1530 2722 L.
1549 2692 1597 2722 M.
1624 2701 1684 2721 cae-

950 2747 1019 2782 teri,
1041 2749 1195 2787 taaeque:
1222 2753 1264 2784 et,
1280 2757 1336 2786 pro
1347 2747 1460 2785 alique,
1479 2750 1521 2773 Π.
1538 2744 1683 2783 aliquan-

953 2800 990 2828 do
1000 2813 1011 2833 ;
1037 2804 1074 2828 ut
1088 2798 1123 2828 in
1137 2799 1240 2838 priore
1255 2807 1344 2827 versu
1359 2797 1400 2826 V.
1417 2795 1463 2825 ed.
1480 2800 1592 2835 posset,
1615 2793 1685 2823 loco

947 2852 1058 2890 possis.

1000 2901 1081 2932 Ibid.
1120 2902 1329 2942 grandescere.
1388 2898 1511 2929 Vocem
1542 2895 1687 2928 adhibuit
