1894 3253
612 275 849 325 LIBER
898 273 1213 324 PRIMUS.

177 417 283 454 1025
317 411 455 454 Omne
475 425 605 468 genus
626 418 777 459 motus,
799 418 840 451 et
860 417 1004 458 coetus,
1027 405 1298 463 experiundo,

320 486 512 529 Tandem
533 485 756 527 deveniunt
776 485 819 524 in
839 484 950 525 taleis
971 483 1253 538 disposituras,

323 561 525 611 Qualibus
545 561 637 601 111Εο
657 574 794 600 rerum
815 558 999 600 consistit
1019 573 1179 599 summa
1194 564 1344 598 creata:

319 635 389 685 Et,
413 634 562 676 multos
583 635 706 675 etiam
728 647 900 689 magnos
921 640 1079 673 servata
1099 645 1172 686 per
1193 645 1339 680 annos,

321 708 383 750 Ut
404 708 525 749 semel
546 709 588 749 in
610 716 746 749 motus
766 708 951 763 conjecta
971 714 1031 748 est
1050 705 1369 755 convenienteis,

176 869 224 898 elis
239 868 343 897 multis
358 871 488 901 mutata,
508 871 539 895 et
549 866 653 905 plagis
665 867 784 905 percita
790 880 801 902 ,·
817 871 909 896 coetus

176 924 283 950 autem
301 918 435 948 vicissim
453 924 665 958 venerantur.
713 918 794 947 Haec
809 925 909 950 αλλη-

175 979 307 1002 λοτυπιαι
336 969 455 1000 scilicet
485 976 663 999 atomorum
694 969 907 1006 Democritea,

173 1022 220 1052 vel
238 1023 404 1061 Epicurea,
416 1020 527 1051 inultis
537 1020 670 1050 nexibus
682 1019 909 1058 particularum

173 1073 260 1112 prius
275 1079 432 1112 operatur,
459 1071 568 1101 multis
595 1071 855 1101 concursionibus
878 1081 909 1100 se

174 1132 312 1162 exercet,
343 1134 438 1164 quam
468 1124 501 1153 in
531 1123 732 1162 disposituras
761 1123 909 1153 creationi

175 1176 359 1207 commodas
389 1176 556 1206 conveniat
579 1186 685 1205 rerum
715 1186 851 1212 summa,
878 1182 909 1205 et

174 1228 343 1267 aptissimae
373 1227 520 1257 omnium
550 1227 738 1257 cohaesiones
764 1226 906 1256 exorian-

178 1286 237 1310 tur.
284 1279 408 1316 Noster,
426 1279 456 1308 ii.
477 1282 527 1310 98.

534 1359 663 1383 nimirum
674 1359 746 1383 nulla
758 1358 830 1390 quies
840 1362 881 1384 est

207 1400 321 1426 Reddita
345 1399 500 1432 corporibus
524 1400 617 1431 primis
636 1406 685 1431 per
704 1399 783 1424 inane
800 1399 912 1431 profun-

316 1440 382 1464 dum
393 1448 402 1470 ;

209 1480 259 1505 Sed
270 1480 366 1512 magn,
377 1479 488 1504 adsiduo
500 1481 628 1511 varioque
640 1479 761 1504 exercita
772 1482 862 1509 motu,

207 1519 307 1544 Partim
321 1518 467 1543 intervallis
477 1519 581 1550 magnis
593 1519 719 1543 conflicta
730 1518 871 1548 resultant,

209 1561 270 1583 Pars
281 1559 364 1584 etiam
377 1559 501 1583 brevibus
512 1558 601 1590 spatiis
613 1561 745 1581 nexantur
756 1558 788 1581 ab
800 1557 872 1581 ictu:

182 1628 212 1652 et
227 1633 298 1662 quae
314 1628 504 1663 sequuntur:
531 1621 610 1651 adeo
625 1627 661 1651 ut
675 1620 831 1662 gradatim
848 1618 912 1657 fiat,

182 1676 345 1716 particulis
361 1676 477 1706 sensim
501 1675 792 1714 cohaerescelitibus,
807 1685 914 1705 rerum

182 1729 427 1759 coalescentium
439 1728 654 1769 unigenarum
663 1727 813 1758 densatio.
830 1726 914 1757 Vide

182 1779 222 1810 ad
237 1780 267 1810 ii.
285 1783 336 1811 98.

225 1831 297 1861 Ver.
317 1834 410 1861 1025.
434 1837 530 1861 motus
553 1836 582 1861 et
608 1836 718 1861 coetus:
748 1836 789 1860 Π.
818 1834 914 1859 motas

185 1889 213 1912 ec
229 1888 339 1912 tactus.

186 1933 438 1964 Constructionis
453 1939 560 1964 autem
582 1934 661 1963 ratio
686 1933 720 1962 in
745 1933 804 1962 1100
827 1942 917 1962 versu

186 1984 318 2015 editores
348 1985 453 2015 latuit:
496 1985 625 2015 nomina
655 1984 741 2014 enim
770 1991 867 2014 motus
888 1990 918 2013 et

185 2044 277 2068 coetus
294 2048 357 2067 non
376 2044 450 2067 sunt
472 2038 505 2067 in
528 2036 668 2067 secundo
694 2047 766 2066 casu
793 2035 917 2065 numeri

182 2088 363 2128 singularis,
391 2088 445 2118 sed
467 2089 568 2129 quarti
592 2099 680 2119 casus
703 2087 852 2127 plurales:
878 2087 917 2117 de

183 2149 246 2179 quo
261 2139 416 2179 regimine
440 2139 564 2178 plenius
590 2140 690 2170 acturi
717 2150 827 2169 sumus
843 2149 917 2168 curn

184 2191 268 2228 Deo,
285 2191 324 2221 ad
340 2192 379 2221 iv.
398 2195 468 2222 759.
518 2191 600 2221 Redi
622 2191 663 2221 ad
684 2201 744 2221 ver.
765 2194 834 2222 164.
857 2191 917 2220 hu-

182 2242 271 2282 jusce
290 2243 372 2273 libri.
420 2243 482 2273 Via
507 2254 580 2273 sane
605 2250 768 2273 structurae
794 2243 916 2282 pervul-

185 2293 286 2332 gatior
301 2300 383 2323 caret
395 2294 600 2332 offendiculo;
617 2295 671 2324 sed
684 2295 918 2335 elegantissimo

190 2345 329 2375 Lucretii
344 2345 472 2385 ingenio
488 2357 555 2376 mos
569 2348 712 2386 proprius
723 2347 855 2377 fideliter
870 2358 917 2376 as-

189 2395 360 2425 servandus
389 2402 444 2433 est,
483 2403 575 2437 atque
612 2397 723 2428 editori
746 2398 816 2438 ejus
845 2397 920 2428 cura

192 2448 406 2478 strenuissima
421 2448 635 2480 vindicandus.

235 2499 311 2529 Ver.
330 2502 422 2529 1027.
452 2501 615 2534 Qualibus:
644 2501 682 2531 V.
705 2501 753 2531 ed.
774 2502 923 2536 Qualibet.

192 2557 357 2580 —creatcu
395 2556 435 2580 11.
466 2557 600 2588 creatas,·
635 2557 672 2581 ut
699 2554 804 2589 multo,
834 2562 924 2582 versu

191 2606 349 2641 sequente.
381 2601 424 2630 Et
434 2601 663 2632 admittendam
679 2604 842 2633 arbitratus
852 2613 924 2633 sum

193 2653 288 2683 Fabri
305 2653 557 2683 emendationem
571 2665 686 2691 rerum,
703 2665 759 2693 pro
773 2655 925 2685 librorum

195 2706 450 2736 constantissima
481 2707 614 2737 lectione
643 2709 744 2744 rebus,·
769 2718 843 2738 nam
870 2708 927 2738 sibi

198 2758 337 2788 Bentleii
353 2769 477 2799 quoque
494 2760 748 2798 approbationem
765 2765 855 2789 nacta
868 2766 923 2789 est:

198 2818 262 2839 non
288 2810 373 2849 quod
401 2824 434 2840 το
459 2822 576 2840 summu
604 2812 690 2840 rebus
713 2810 746 2839 in
764 2811 927 2849 reprehen—

198 2860 319 2891 sionem
337 2861 446 2892 debeat
463 2873 517 2901 per
532 2873 564 2891 se
581 2862 702 2898 cadere,
719 2862 773 2891 sed
789 2862 862 2902 quia
886 2862 928 2892 sic

200 2911 336 2950 positum
353 2924 426 2943 cum
447 2915 594 2948 Qualibus
610 2914 643 2943 in
667 2920 775 2943 notam
792 2912 931 2943 incurrat

200 2963 413 3005 ambiguitatis
428 2965 662 3005 infelicissimae,
680 2976 698 2996 a
712 2965 860 2996 Lucretio
875 2975 931 3005 per

952 874 1081 895 omnem
1096 864 1289 902 machinam,
1317 862 1379 904 quai
1404 863 1494 893 nobis
1516 862 1681 899 milicem,

953 917 1147 947 amoliendae.
1194 916 1276 947 Fieri
1303 922 1410 946 autem
1433 915 1540 954 possit,
1564 922 1600 945 ut
1614 925 1682 945 cor-

954 972 1076 1012 ruptela
1092 972 1236 1012 quaedam
1251 985 1291 1011 τῳ
1308 972 1455 1005 Qualibus
1471 970 1615 1001 insideat:
1631 970 1684 1000 cui

953 1024 1120 1063 suspicioni
1137 1023 1247 1054 faverit
1261 1023 1407 1053 editionis
1426 1021 1617 1052 Veronensis
1631 1031 1683 1050 va-

953 1076 1052 1106 riatio.

1000 1128 1072 1157 Ver.
1096 1131 1187 1157 1098.
1210 1128 1318 1157 multos
1348 1132 1466 1157 servata
1492 1136 1550 1165 per
1579 1135 1684 1155 armos.

953 1178 1119 1218 Virgilius,
1137 1179 1212 1208 AEn.
1229 1178 1260 1208 ii.
1279 1181 1350 1208 715.

1239 1255 1375 1285 juxtaque
1385 1253 1496 1284 antiqua
1507 1259 1654 1284 cupressus,

986 1294 1124 1326 Religione
1136 1298 1246 1325 patrum
1258 1293 1348 1317 multos
1360 1296 1468 1317 servata
1479 1297 1525 1325 per
1532 1300 1621 1317 annos.

1000 1361 1083 1391 Ibid.
1108 1372 1232 1400 magnos
1248 1371 1354 1391 annos.
1391 1359 1484 1390 Idem
1494 1360 1600 1398 Maro,
1614 1360 1687 1390 AEn.

955 1413 1000 1444 iii.
1019 1417 1089 1443 284.

986 1486 1101 1514 Interea,
1113 1490 1234 1515 magnum
1245 1483 1283 1508 sol
1296 1482 1522 1508 circumvolvitur
1532 1489 1645 1507 annum.-

957 1543 1045 1584 quasi
1069 1542 1196 1583 longius
1220 1541 1312 1572 solito
1339 1547 1464 1580 tempus
1487 1540 1562 1570 anni
1584 1539 1688 1576 fuerit,

957 1594 1116 1625 exsulibus
1136 1594 1256 1633 patriae‚
1273 1600 1304 1623 et
1319 1593 1407 1623 omni
1423 1593 1535 1633 pelago
1555 1592 1688 1632 jactatis.

957 1646 1123 1677 videndus
1142 1652 1248 1676 tamen
1268 1645 1401 1680 Servius,
1418 1644 1477 1674 nisi
1494 1644 1569 1674 velis
1584 1654 1621 1673 ex
1638 1654 1689 1673 or-

958 1704 1034 1728 natu
1064 1697 1186 1737 poetico
1212 1696 1333 1726 dictum
1355 1695 1539 1735 intelligere.
1587 1694 1690 1725 Nobis

957 1752 1049 1787 favet,
1065 1752 1104 1782 ad
1117 1750 1392 1790 amplificationem
1408 1750 1578 1789 speciosam
1592 1749 1692 1780 refer—

958 1804 1091 1839 entibus,
1121 1804 1306 1833 Graecorum
1321 1803 1484 1842 poetarum
1507 1813 1591 1832 usus.
1639 1802 1690 1831 Sic

961 1856 1045 1886 enim
1080 1856 1279 1895 Lycophron,
1316 1854 1454 1884 versibus
1491 1852 1690 1889 dulcissimis,

963 1907 1113 1939 Cassand.
1130 1911 1223 1939 1059.

1000 1993 1086 2025 Xspcs
1099 2000 1220 2025 πατρῳως
1232 1999 1247 2014 κ
1262 1999 1313 2023 ’γαρ
1328 1998 1358 2013 σιν
1369 1994 1426 2019 corn
1438 1996 1495 2012 §rom

1002 2041 1121 2068 Ψαυπαιι,
1134 2039 1256 2063 ΜΕΓΑΝ
1268 2037 1431 2062 ΠΛΕΙΩΝΑ
1443 2045 1481 2068 μγ,
1492 2042 1639 2068 πεφευγοτα,

1003 2088 1084 2115 Arx-45
1098 2086 1195 2125 ΕΑΣῌ
1210 2083 1324 2119 ταρροθος
1336 2085 1497 2116 Tempsam&

964 2153 1014 2184 Sic
1030 2152 1214 2194 legendum,
1236 2162 1309 2182 cum
1325 2150 1499 2188 scholiaste,
1525 2156 1556 2180 et
1571 2149 1675 2180 codice
1684 2163 1692 2187 3

962 2206 1104 2247 quamvis
1141 2205 1306 2245 vulgatum
1337 2216 1409 2235 εασει
1438 2201 1569 2232 retineat
1599 2201 1694 2231 etiam

965 2259 1143 2298 Stephanus
1159 2257 1353 2298 Byzantinus
1364 2255 1397 2284 in
1411 2260 1576 2293 Τελφεσσοι.
1601 2253 1692 2283 Tzet-

964 2322 1024 2341 zes:
1055 2317 1156 2350 Μεγαν
1172 2317 1307 2339 wamma·
1330 2309 1393 2338 ὅλον
1417 2319 1546 2337 ενιαυτον.
1591 2306 1692 2335 Acce-

963 2362 1016 2392 dat
1033 2365 1160 2397 Aratus,
1176 2361 1252 2391 11105.
1270 2364 1298 2391 9.

1169 2444 1205 2459 τοι
1217 2433 1241 2458 δε
1252 2442 1287 2458 πε
1299 2432 1420 2457 ΜΕΓΑΝ
1435 2439 1464 2458 εις
1477 2429 1667 2454 ENIAYTON.

968 2499 1032 2530 Ubi
1044 2499 1173 2538 pulchre
1184 2498 1310 2534 Theon,
1322 2502 1352 2526 et
1363 2495 1452 2525 nobis
1463 2493 1691 2533 percommode:

970 2557 1071 2590 Μεγαν
1098 2563 1230 2586 svamm-ou,
1258 2563 1304 2578 τον
1327 2549 1446 2580 {stravam
1468 2553 1560 2585 λέγει·
1589 2545 1613 2576 οἱ
1639 2559 1696 2586 γαρ

968 2611 1090 2634 roal-mot
1117 2616 1180 2643 τρια
1207 2600 1304 2643 ,ᾔδεσαν
1327 2613 1419 2641 μετρῶ
1444 2610 1543 2639 χρονε,
1566 2611 1617 2630 ‘rm
1645 2611 1696 2631 *rm

969 2663 1086 2688 σελῆνῆἰ
1100 2653 1228 2695 πέρΙῦδθΡ,
1245 2666 1296 2685 ’Τῆν
1313 2653 1438 2683 {zoeffff'nv
1447 2650 1515 2691 ὥραν
1529 2661 1566 2679 ’78
1575 2662 1698 2687 SUIAEU‘TS,

971 2721 1021 2738 και
1039 2720 1090 2739 την
1105 2707 1228 2738 ἡλιακὴν
1241 2702 1367 2744 περιοδον·
1380 2714 1518 2741 pomam-ov
1529 2699 1558 2731 δε
1573 2714 1628 2731 των
1639 2708 1697 2731 αλ-

973 2766 1043 2795 λων,
1059 2759 1074 2790 ἦ
1090 2758 1209 2790 ἧλιακη.
1234 2753 1491 2794 Magnificentius
1504 2758 1611 2782 tamen
1626 2752 1695 2792 qui-

971 2808 1102 2839 busdam
1118 2807 1237 2837 dictum
1253 2805 1418 2843 videbitur,
1433 2804 1460 2834 si
1477 2803 1698 2834 Lucretianam

971 2860 1163 2891 locutionem
1192 2858 1377 2888 arbitremur
1403 2856 1544 2887 Metonis
1576 2864 1697 2885 annum

973 2910 1155 2951 respexisse;
1179 2909 1218 2941 de
1232 2919 1295 2951 quo
1309 2909 1353 2939 sic
1368 2908 1540 2943 Ausonius,
1563 2905 1650 2945 epist.
1665 2904 1697 2933 ii.

978 2967 1024 2994 12.
