1894 3253
550 244 784 292 LIBER

845 242 1260 293 SECUNDUs

1555 252 1649 291 ‘283

287 377 477 420 Adsimili
499 379 674 428 ratione,
706 377 803 418 alias
824 384 870 418 ut
891 375 1067 431 postulet
1089 375 1211 426 ordo,

290 454 333 494 Si
355 464 400 495 tu
421 453 526 494 forte
545 454 654 494 voles
675 453 798 494 etiam
819 451 977 492 variare
998 450 1163 507 figuras.

289 528 403 583 Ergo
423 529 648 570 formarum
669 528 894 568 novitatem
915 527 1098 580 corporis
1120 540 1297 582 augmen

170 606 249 642 495
284 603 570 657 Subsequitur:
603 601 683 658 qua
705 617 749 642 re
769 616 855 642 non
876 607 935 640 est
956 607 1001 641 ut
1021 599 1189 641 credere
1208 600 1353 655 possis,

288 676 388 717 Esse
408 676 579 717 infinitis
599 676 793 716 distantia
813 675 969 716 semina
988 673 1128 715 formis
1134 691 1148 723 3

284 750 350 791 Ne
370 750 561 806 quaedam
582 766 705 808 cogas
725 750 882 791 inmani
903 749 1173 790 maxumitate

283 823 398 866 Esse:
431 839 555 880 supra
575 825 687 882 quod
701 825 790 880 jam
808 824 931 866 docui
952 838 1038 864 non
1059 838 1143 865 esse
1163 822 1351 878 probare.

331 899 426 940 Jam
446 900 521 941 tibi
543 899 780 942 Barbaricae
801 908 944 950 vestes,
979 897 1259 958 Meliboeaque
1278 897 1437 955 fulgens

142 1053 405 1094 Cantabrigiensi,
429 1054 594 1085 Juvenalis
618 1053 719 1084 satirae
739 1053 778 1084 vi.
806 1063 866 1084 ver.

135 1108 205 1136 146.
221 1105 400 1143 omittatur;
416 1111 448 1135 et
463 1106 497 1136 in
513 1112 619 1136 nostro
634 1105 740 1137 codice
755 1107 794 1137 Ο.
807 1115 866 1136 ver.

135 1161 207 1188 856.
223 1157 296 1188 libri
311 1158 413 1197 primi.

177 1211 251 1241 Ver.
266 1215 340 1243 491.
363 1213 554 1244 Addendum
576 1215 717 1253 parteis:
752 1213 802 1254 egi
828 1214 866 1244 de

133 1262 191 1292 hac
209 1260 344 1293 formula
360 1263 400 1293 ad
414 1263 436 1293 i.
454 1267 522 1294 112.

178 1314 251 1344 Ver.
268 1319 341 1346 492.
360 1317 524 1346 Adsimilc':
544 1316 579 1346 P.
593 1317 625 1346 A
631 1318 742 1351 simili,-
765 1317 804 1347 O.
818 1322 860 1347 Ω.

136 1367 180 1396 At
196 1368 251 1396 sim
256 1368 301 1396 ill.

176 1424 248 1456 Ver.
266 1429 339 1457 494.
352 1426 544 1467 formarum:
572 1427 860 1468 A.f0rmai.—cor-

128 1478 228 1514 poris:
248 1477 291 1507 V.
310 1477 360 1508 ed.
379 1485 419 1508 Π.
436 1489 801 1519 comestum—augmen:
823 1486 864 1510 Π.

135 1538 255 1567 agmen.

177 1588 251 1618 Ver.
267 1591 339 1620 497.
358 1591 429 1620 IVe:
456 1597 496 1620 Π.
516 1592 612 1621 ZVam.
628 1591 671 1621 Et
682 1591 766 1621 vocis
780 1603 866 1623 max-

135 1642 239 1671 imitas
255 1651 348 1670 usum
364 1651 429 1671 non
445 1642 583 1681 aliunde,
607 1643 728 1682 opinor,
755 1644 865 1675 habuit

134 1693 259 1723 Nouius
274 1695 439 1732 probatum
462 1694 535 1725 dare
551 1706 587 1725 ex
603 1702 744 1726 veterum
766 1696 861 1735 scrip-

132 1744 183 1783 tis,
206 1755 300 1786 quam
331 1757 369 1776 ex
394 1748 453 1776 hoc
479 1748 618 1778 Lucretii
641 1758 744 1786 versu,
767 1759 862 1789 quem

133 1795 186 1826 ille
215 1798 442 1836 grammaticus
477 1799 628 1838 apposuit.
689 1800 862 1839 Arnobius,

133 1856 190 1884 pro
213 1847 303 1878 solito
317 1849 387 1886 sibi,
409 1850 490 1880 hanc
505 1850 600 1879 etiarn
623 1856 730 1881 nostro
744 1851 860 1890 peculi-

133 1908 220 1928 arem
245 1899 415 1931 dictionem
439 1902 504 1932 suis
529 1902 714 1941 immiscuit,
743 1903 785 1934 ad
807 1904 859 1934 lib.

132 1949 173 1979 vi.
187 1961 215 1989 p.
233 1954 303 1981 204.
328 1955 349 1970 “
366 1952 501 1983 Ratione
527 1955 585 1983 hac
609 1964 684 1994 ergo
709 1955 859 1995 sequitur,

133 2004 155 2017 “
173 2007 207 2030 ut
219 2002 393 2043 intelligere
403 2004 780 2036 debeamus—Deos--in
793 2017 859 2037 vas-

134 2054 156 2069 “
173 2052 211 2082 tis
226 2054 384 2094 porrigere
399 2066 431 2085 se
446 2056 583 2096 longius,
606 2063 698 2098 atque
712 2058 746 2088 iu
763 2061 859 2089 mari-

132 2107 155 2122 “
171 2106 306 2136 mitatem
322 2107 520 2145 producere.¹'

173 2163 247 2194 Ver.
263 2169 335 2196 498.
357 2178 417 2198 esse
427 2170 566 2207 probare.
612 2169 694 2200 Haec
708 2170 860 2210 scriptura

133 2220 179 2244 est
202 2214 296 2256 longe
326 2219 509 2258 exquisitior
538 2220 683 2251 codicum
713 2221 858 2262 antiquo-

134 2276 205 2295 rum
221 2267 288 2304 Pii;
311 2279 405 2308 quam
428 2271 544 2302 librarii
567 2283 631 2303 non
647 2273 720 2303 satis
742 2274 857 2305 intelli-

134 2322 242 2355 gentes
258 2317 290 2347 in
307 2332 340 2349 ero
359 2331 443 2359 posse
465 2323 610 2353 omnium
632 2325 858 2364 exemplarium

135 2367 327 2408 reliquorum
343 2370 553 2404 demutavere:
574 2376 631 2405 hoc
646 2383 754 2406 autem
764 2378 856 2413 facto,

131 2429 258 2450 necesse
272 2421 450 2453 habueruut
463 2424 595 2455 editores
604 2429 734 2465 probari
743 2438 858 2466 ponere

132 2477 241 2500 contra
266 2473 373 2502 omnia
387 2475 586 2514 exemplaria,
616 2478 685 2508 loco
704 2481 834 2518 probare
846 2495 855 2510 .-

136 2522 223 2552 illam
238 2523 404 2555 lectionem
427 2534 532 2557 tamen
557 2529 591 2558 in
616 2530 656 2560 O.
674 2536 709 2561 A.
732 2539 859 2572 egomet

132 2578 246 2609 inveni.
291 2580 390 2610 Enim
415 2591 486 2612 vero
511 2583 657 2622 formula,
680 2596 775 2626 quam
791 2587 856 2617 Lu-

133 2630 228 2661 cretio
243 2632 446 2671 restituimus,
463 2634 606 2665 usitatior
614 2642 668 2673 est,
683 2648 778 2678 quam
784 2635 858 2679 'quae

131 2683 263 2712 stabiliri
279 2685 430 2724 exemplis
445 2686 491 2716 vel
506 2694 611 2726 poscat
624 2699 668 2727 se,
696 2690 745 2720 vel
759 2691 857 2730 patia-

134 2737 192 2762 tur.
218 2734 299 2764 Redi
310 2746 371 2766 ver.
387 2741 460 2768 469.

177 2793 250 2825 Ver.
265 2799 338 2828 499.
361 2799 542 2829 Barbaricae
557 2806 663 2831 vestes:
688 2801 709 2831 i.
725 2811 750 2832 e.
763 2812 857 2842 gene-

131 2842 238 2873 raliter
248 2849 417 2884 orientales,
434 2857 558 2888 propter
573 2850 766 2882 diffluentem
781 2863 857 2892 opu-

135 2893 263 2926 lentiam
269 2908 309 2928 .ac
318 2899 583 2932 luxuriosissimos
591 2903 698 2934 cultus
709 2905 858 2936 harumce

133 2946 285 2985 gentium.
329 2951 494 2993 Virgilius,
518 2956 593 2986 AEu.
609 2955 641 2987 ii.
657 2959 728 2988 504.

974 1050 1110 1075 Barbarico
1121 1053 1210 1083 postes
1218 1057 1295 1080 auro,
1310 1050 1463 1082 spoliisque,
1478 1051 1592 1082 superbi.

913 1115 1017 1151 Quem
1047 1120 1172 1144 secutus
1194 1120 1240 1144 est
1262 1114 1411 1144 Valerius
1436 1114 1577 1153 Flaccus,
1601 1114 1640 1144 vi.

911 1170 982 1197 5⁴26.
1007 1167 1060 1196 ubi
1076 1166 1194 1196 locutio
1210 1168 1346 1206 chlamys
1362 1169 1460 1204 ardet,
1477 1176 1550 1196 cum
1566 1166 1643 1197 locis

910 1217 1052 1247 adductis
1081 1217 1226 1253 Heinsio,
1263 1217 1401 1246 multum
1444 1216 1579 1247 illustrat
1609 1231 1642 1248 το

912 1268 984 1298 Cari
988 1268 1118 1308 fulgens
1127 1278 1273 1307 purpura
1284 1280 1294 1296 .-

922 1340 975 1363 Nec
988 1339 1072 1364 levior
1083 1338 1231 1363 comitatur
1243 1339 1330 1366 Aron3
1350 1337 1486 1362 horrentia
1497 1339 1571 1369 cujus

921 1378 1040 1403 Discolor
1051 1385 1127 1403 arma
1134 1385 1224 1410 super,
1236 1376 1443 1408 squalentesque
1452 1383 1508 1402 aere
1516 1377 1641 1408 lacertos,

921 1417 1061 1442 Barbaria?
1073 1418 1182 1450 chlamys
1196 1417 1269 1442 ardet
1279 1424 1337 1441 acu.

909 1483 1085 1521 Squalentes
1098 1493 1176 1512 aere:
1202 1482 1223 1511 i.
1241 1491 1267 1510 e.
1295 1480 1432 1520 squamis
1456 1481 1544 1512 aereis
1566 1483 1638 1512 hor-

909 1540 1024 1563 rentes:
1050 1533 1122 1563 vide
1144 1543 1248 1572 supra,
1273 1532 1314 1561 ad
1341 1542 1402 1562 ver.
1427 1536 1499 1564 425.
1544 1534 1641 1564 Euri-

909 1584 1007 1623 pides,
1033 1585 1103 1623 Iph.
1122 1584 1197 1614 Aul.
1215 1587 1264 1614 75.
1280 1582 1319 1613 de
1336 1583 1451 1614 Paride
1467 1584 1612 1625 loquens:

1171 1660 1269 1696 ανθκρος
1282 1670 1326 1694 μεν
1339 1659 1446 1692 εἱμαιτων
1460 1663 1618 1693 ΣΤΟΛΗΝ,

927 1713 1019 1745 Χρυσῳ
1033 1720 1059 1736 τε
1072 1715 1198 1746 zoam-spos,
1220 1710 1380 1752 BAPBAPP
1394 1710 1620 1736 XAIAHMATI.

909 1778 960 1809 Ita
985 1778 1074 1808 locus
1099 1778 1300 1818 castigandus
1325 1785 1372 1809 est
1387 1778 1426 1808 ad
1449 1777 1544 1808 fidem
1559 1789 1636 1818 quo-

907 1830 1046 1861 rundam
1061 1831 1238 1861 Clementis
1256 1830 1464 1861 Alexandrini
1480 1830 1633 1861 codicum:

905 1882 928 1912 i.
942 1893 967 1913 e.
992 1887 1013 1900 “
1029 1882 1155 1923 fulgens
1180 1882 1363 1913 vestimento
1385 1883 1514 1913 floribus
1535 1883 1638 1913 aureis

905 1937 926 1951 “
944 1934 1128 1972 picturato.’'
1146 1934 1265 1975 Vulgo,
1277 1942 1383 1977 owe-0237:
1404 1934 1544 1964 conferas
1554 1934 1636 1974 ejus-

903 1986 977 2015 dem
996 1986 1088 2024 Iona,
1114 1989 1204 2017 1178.
1220 1986 1367 2017 editionis
1382 1997 1470 2016 meae.
1514 1987 1558 2016 Et
1572 1987 1636 2025 pri-

903 2048 990 2067 orem
1013 2038 1174 2077 Euripidis
1199 2038 1306 2068 locum
1327 2038 1470 2068 imitatus
1492 2044 1538 2068 est
1564 2038 1633 2068 Ho-

902 2090 1011 2128 ratius,
1034 2090 1083 2120 od.
1099 2090 1138 2120 iv,
1162 2095 1191 2122 9.
1220 2094 1268 2121 15.
1291 2090 1377 2122 unde
1401 2090 1554 2130 explicare
1571 2090 1635 2120 vim

902 2148 996 2182 atque
1012 2148 1206 2173 venustatem
1221 2143 1367 2173 dictionis
1383 2156 1587 2185 αναπτερωσας
1600 2143 1634 2172 in

904 2194 1079 2231 Herodoto,
1102 2195 1135 2225 ii.
1164 2198 1233 2225 116.
1256 2205 1351 2235 quam
1374 2194 1544 2233 prudentes
1567 2194 1633 2223 edi-

900 2252 981 2276 tores
1008 2257 1072 2276 non
1099 2247 1239 2287 attigere,
1270 2247 1303 2276 in
1330 2246 1459 2285 proclivi
1485 2252 1544 2282 est3
1579 2246 1633 2276 sed

902 2299 969 2329 haec
984 2309 1041 2329 nos
1057 2300 1095 2329 ab
1118 2309 1209 2338 opere
1231 2299 1388 2337 proposito
1410 2297 1535 2338 longius
1561 2308 1630 2327 eve-

902 2351 1021 2380 herent.

946 2402 1026 2432 Ibid.
1050 2402 1191 2432 fllelc‘boea
1204 2403 1363 2441 Purpura.
1410 2401 1459 2430 Ex
1475 2400 1544 2431 loco
1557 2400 1630 2430 Vir·

903 2453 997 2493 gilius
1012 2453 1152 2492 profecit,
1180 2452 1326 2482 nonnihil
1341 2452 1435 2482 etiam
1451 2452 1490 2482 de
1506 2462 1564 2481 suo
1579 2462 1628 2482 or-

903 2504 1043 2533 namenti
1059 2504 1257 2539 intertexens,
1281 2503 1323 2533 ad
1334 2504 1408 2533 AEn.
1425 2514 1451 2533 V.
1472 2506 1543 2533 251.

933 2578 1036 2602 Victori
1056 2577 1231 2609 chlamydem
1252 2580 1385 2606 auratam,
1413 2583 1495 2607 quam
1514 2576 1630 2606 plurima

1009 2624 1114 2641 circum

933 2659 1053 2688 Purpura
1065 2657 1206 2681 Maeandro
1217 2655 1317 2687 duplici
1330 2654 1445 2679 Melibaea
1457 2654 1585 2678 cucurrit.

946 2719 1026 2749 Ibid.
1048 2720 1178 2760 fulgens
1206 2721 1363 2758 Purpura.
1409 2717 1500 2748 Idem
1514 2719 1628 2754 lVIaro,

902 2770 941 2799 ad
958 2770 1033 2799 AEn.
1048 2770 1091 2800 ix.
1109 2773 1182 2800 614.

1035 2843 1107 2874 picta
1116 2849 1207 2872 croco,
1224 2845 1251 2867 et
1254 2842 1368 2874 fulgenti
1378 2842 1491 2872 murice,
1508 2842 1600 2866 vestis.

902 2909 924 2925 “
941 2907 967 2936 F
969 2906 1089 2947 ulgenti
1104 2906 1232 2942 murice,
1242 2905 1418 2947 purpurei?
1467 2906 1598 2936 Servius.

945 2958 1020 2989 Ver.
1051 2961 1125 2991 500.
1164 2960 1278 2990 tincta:
1315 2958 1358 2989 sic
1385 2958 1527 2995 editores,
1557 2959 1628 2996 post

860 3017 926 3047 ΤΞ
