1894 3253
204 256 295 297 198

709 246 769 293 T.
813 243 1194 292 LUCRETII

344 380 570 434 Despicere
591 375 702 417 unde
722 390 847 431 queas
866 374 981 425 alios,
1002 374 1235 429 passimque
1255 372 1394 414 videre

266 461 316 496 10
349 452 516 501 Errare,
539 458 664 505 atque
680 450 790 490 viam
809 449 1008 505 palanteis
1028 463 1213 504 quaerere
1233 448 1350 497 vitae3

344 528 515 569 Certare
535 524 719 582 ingenio,
742 524 993 567 contendere
1012 523 1241 574 nobilitate,

345 600 515 642 Nocteis
536 607 659 655 atque
679 599 765 640 dies
786 599 862 640 niti
882 606 1104 654 praestante
1123 597 1264 639 labore

201 769 296 802 quem
324 757 431 788 locum
460 755 540 786 mihi
563 755 732 796 Preigerus
758 755 931 795 occupavit,

201 818 295 853 atque
310 810 405 841 etiam
428 808 661 846 Nasonianum‚
685 815 761 838 met.
786 819 833 838 xv.
860 812 932 840 147.

205 863 345 894 multum
359 862 509 893 Lucretio
520 861 701 892 debentem:

582 939 662 970 juvat
672 938 711 962 ire
722 944 770 969 per
781 937 837 961 alta

235 982 314 1006 Astra
321 988 329 1010 ;
344 980 433 1011 juvat,
445 979 520 1004 terris
532 982 559 1003 et
571 978 652 1002 inerti
663 977 724 1002 sede
735 977 844 1006 relictis,

236 1021 313 1045 Nube
324 1020 399 1050 vehi,
408 1019 543 1050 validique
554 1017 672 1043 humeris
683 1017 803 1042 insistere
811 1015 937 1046 Atlantis3

237 1060 414 1090 Palantesque
425 1059 528 1084 animos
536 1058 644 1091 passim,
656 1064 687 1082 ac
700 1057 809 1082 rationis
820 1060 939 1089 egentes,

235 1103 386 1133 Despectare
397 1099 501 1131 procul.

207 1164 380 1205 Eleganter
398 1163 476 1193 item
499 1163 533 1193 in
564 1163 646 1193 hanc
667 1172 736 1192 rem
764 1160 866 1198 Silius,
891 1170 939 1191 xv.

207 1219 277 1247 106.

559 1280 638 1302 mox,
650 1272 744 1302 celsus,
756 1272 788 1296 ab
799 1271 854 1296 alto

238 1313 313 1338 Infra
324 1317 352 1338 te
364 1320 456 1338 cernes
468 1313 612 1337 hominum
624 1319 721 1344 genus:

207 1364 261 1394 ubi
278 1363 368 1403 plura
390 1363 497 1393 videas
523 1363 556 1392 in
579 1363 654 1393 nota
676 1360 938 1392 Drakenborchii.

207 1416 276 1446 Nec
306 1415 412 1445 minus
442 1420 572 1444 venuste
604 1413 809 1450 Claudianus,
835 1412 940 1452 plures

209 1469 284 1500 Cari
314 1468 397 1498 locos
433 1467 610 1504 aemulatus‚
641 1467 674 1496 in
698 1465 788 1497 Man.
819 1465 847 1495 T
850 1464 938 1495 heod.

207 1532 291 1552 cons.
307 1525 335 1550 4.
353 1520 393 1550 de
413 1521 546 1550 Virtute:

238 1589 280 1613 Nil
293 1589 349 1620 opis
361 1591 485 1613 externat
497 1587 617 1618 cupiens,
628 1586 693 1610 nihil
703 1586 793 1617 indiga
804 1586 899 1616 laudis,

240 1628 346 1653 Divitiis
357 1628 476 1651 animosa
486 1627 548 1656 suis,
557 1627 726 1657 immotaque
735 1626 831 1650 mundi

242 1668 362 1697 Casibus,
374 1675 407 1691 ex
419 1667 474 1691 alni
487 1665 610 1691 mortalia
621 1665 721 1697 despicit
732 1673 789 1689 arce
797 1674 806 1689 .·

213 1727 259 1758 uti
274 1726 428 1767 legendus
442 1732 488 1756 est
503 1735 540 1755 ex
555 1725 650 1755 libris,
690 1725 860 1763 Corruptos
873 1733 940 1753 ver-

213 1789 266 1808 sus
280 1778 312 1807 in
332 1778 399 1808 Ciri
427 1777 583 1814 Maronis,
609 1786 685 1805 verr.
712 1779 846 1805 14—18.
868 1775 942 1805 hinc

213 1830 398 1870 desumptos
423 1840 488 1859 esse
503 1829 607 1868 plures
621 1830 828 1858 observavere.
872 1827 941 1857 Ad-

211 1882 286 1912 dam
303 1881 466 1918 Orosium,
482 1886 517 1909 ut
528 1879 706 1917 emendem,
721 1879 791 1909 hist.
803 1879 834 1908 ii.
851 1882 944 1908 18.—

213 1938 235 1953 “
252 1934 277 1963 si
292 1933 362 1973 quis
378 1933 529 1962 intentius
544 1932 690 1962 adhibeat
711 1932 867 1969 animum,
895 1942 941 1961 se-

214 1988 236 2002 “
254 1994 349 2023 seque
363 1990 430 2013 toto
456 1984 571 2013 mentis
595 1983 721 2013 adfectu
745 1983 818 2022 ipsis
838 1985 943 2023 penite

212 2041 235 2056 “
251 2037 367 2067 caussis
381 2036 532 2076 bellisque
547 2037 741 2075 permisceat,
768 2046 803 2066 ac
823 2046 941 2072 rursuS,

213 2092 236 2108 “
252 2088 338 2118 velut
353 2090 385 2118 in
401 2099 472 2118 arce
495 2088 665 2127 spectaculi
687 2091 880 2124 constitutus,
905 2099 941 2118 u-

214 2144 236 2159 “
254 2147 401 2179 trumque
431 2139 465 2168 in
495 2139 559 2169 suis
595 2138 797 2179 qualitatibus
820 2144 944 2177 tempus

215 2195 237 2210 “
254 2190 531 2230 permetiatur—.’'
576 2190 687 2230 Vulgo
698 2201 787 2229 pene,
813 2189 879 2219 vice
888 2201 944 2229 pe-

214 2244 286 2273 nite.
319 2242 543 2279 Mamertinus,
559 2247 650 2282 gratt.
665 2247 722 2271 act.
734 2241 854 2272 Julian.
871 2246 943 2270 sect.

218 2299 266 2325 lo.
286 2297 382 2324 l.—“
399 2294 532 2323 nuncin
548 2293 626 2323 illud
650 2292 734 2323 idem
756 2295 870 2323 editum
894 2303 941 2322 re-

217 2348 240 2364 “
252 2351 398 2384 ponatur,
409 2355 445 2374 ac
454 2347 603 2384 despiciat
613 2350 723 2374 cuncta
732 2343 943 2374 laetantia—.'’

258 2398 332 2427 Ver.
361 2401 409 2428 lo.
438 2399 612 2436 pnlanteis:
651 2403 691 2426 Π.
709 2398 857 2436 polentes.
902 2397 944 2426 Et

215 2449 370 2486 librarius,
394 2448 442 2478 vel
464 2449 635 2488 typotheta‚
663 2448 696 2477 in
715 2448 753 2477 V.
781 2447 827 2477 ed.
854 2447 945 2477 oculo

216 2500 342 2541 longius
356 2505 512 2539 provecto,
533 2506 625 2539 atque
642 2499 673 2528 in
689 2509 796 2528 vocem
811 2509 944 2538 sequen-

216 2553 256 2582 tis
270 2551 387 2590 versus,
399 2551 492 2581 simili
510 2551 641 2580 statione
656 2550 799 2589 positam,
813 2556 842 2579 et
858 2550 946 2579 simi·

215 2603 286 2634 liter
300 2604 511 2638 terminatam,
536 2602 704 2640 incidente,
720 2601 829 2631 omnia
844 2601 948 2631 omisit

219 2655 300 2686 inter
314 2666 418 2686 errare
434 2664 465 2685 et
480 2657 602 2695 ingenio
619 2654 783 2684 venientia.

262 2707 342 2737 Ibid.
366 2709 485 2738 Errare
491 2709 656 2747 palantez's.
690 2706 783 2736 Paria
795 2704 945 2735 vocabula

219 2758 262 2788 sic
277 2765 384 2788 amant
398 2760 559 2798 scriptores
574 2759 758 2789 consociare.
805 2758 855 2788 Ita
877 2758 944 2787 Sal-

221 2809 345 2846 lustius,
361 2810 437 2849 Jug.
454 2814 500 2840 18.
518 2815 614 2841 2.-“
631 2813 713 2850 vagi,
722 2812 875 2849 palantes,
885 2809 947 2849 quii

223 2865 245 2880 “
262 2871 324 2891 nox
340 2861 493 2901 coegerat,
510 2863 595 2893 sedes
607 2862 799 2893 habebant:’'
824 2862 878 2892 ubi
899 2872 946 2891 sa-

222 2913 262 2943 tis
274 2913 373 2944 multa
388 2914 449 2943 huc
460 2913 606 2944 facientia
617 2915 714 2945 Cortii
728 2915 867 2945 doctrina
878 2913 949 2953 pul-

977 756 1049 786 chre
1064 754 1226 795 congessit.
1270 752 1401 784 Livium
1422 757 1539 788 tamen,
1555 751 1595 782 ad
1610 762 1636 781 v.
1655 755 1704 781 44.

977 810 1005 837 5.
1029 807 1139 836 malim
1153 805 1216 846 legi
1239 805 1279 835 ad
1301 805 1399 834 alium
1423 803 1572 838 codicem,
1597 809 1628 833 et
1643 802 1706 832 dis-

977 858 1129 888 tinctione
1144 857 1259 887 melius
1274 856 1381 886 curata
1397 855 1560 892 sublevari,
1571 854 1610 885 ad
1622 856 1708 884 hunc

980 910 1128 940 modum:
1155 913 1176 927 “
1191 909 1280 945 Jam,
1310 907 1481 938 obsidionis
1510 907 1604 937 taedio
1625 905 1710 943 victi,

983 965 1004 979 “
1022 960 1203 996 abscedunt,
1223 961 1356 999 vagique
1376 968 1430 997 per
1452 969 1543 998 agros
1559 959 1712 998 populan-

983 1017 1006 1032 “
1022 1019 1093 1043 tur:
1112 1013 1182 1042 cibo
1195 1011 1328 1051 vinoque
1337 1011 1450 1050 raptim
1466 1011 1577 1040 hausto
1592 1009 1712 1049 repleti,

984 1068 1007 1084 “
1023 1065 1077 1095 ubi
1093 1074 1156 1094 nox
1172 1064 1300 1103 adpetit,
1311 1068 1436 1103 propter
1450 1062 1534 1092 rivos
1549 1070 1714 1102 aquarum,

983 1121 1007 1154 ,“
1024 1117 1093 1146 sine
1104 1116 1315 1152 munimento,
1326 1114 1392 1144 sine
1403 1113 1588 1143 stationibus
1599 1122 1635 1142 ac
1644 1122 1713 1142 cus-

985 1173 1007 1188 “
1023 1169 1127 1207 tediis,
1155 1167 1281 1207 passim,
1306 1166 1444 1197 ferarum
1468 1165 1542 1200 ritu,
1569 1170 1714 1194 stemun-

985 1224 1007 1239 “
1024 1220 1106 1250 tur.'’
1169 1219 1290 1259 Vulgo,
1316 1220 1484 1258 palantia-‚-
1522 1227 1592 1256 quae
1621 1215 1716 1245 dictio

984 1272 1091 1302 minus
1106 1271 1146 1301 ad
1161 1280 1291 1309 scopum
1306 1269 1376 1305 loci,
1403 1280 1454 1300 me
1470 1268 1578 1309 judice
1592 1267 1714 1306 saltem,

987 1323 1071 1352 facit.
1118 1322 1299 1352 Historicus
1320 1328 1427 1351 autem
1448 1321 1571 1360 po'e'tam
1586 1330 1651 1349 non
1665 1319 1713 1359 ig-

983 1375 1122 1405 nobilem
1137 1373 1317 1411 illustrabit,
1333 1379 1369 1403 ut
1378 1374 1436 1403 hoc
1447 1373 1481 1402 in
1496 1372 1628 1402 transitu
1644 1377 1713 1401 tan·

983 1436 1072 1467 gam3
1113 1425 1328 1455 Claudianum
1353 1424 1434 1460 dico,
1468 1424 1507 1454 de
1539 1423 1610 1454 bell.
1644 1423 1714 1453 Get.

982 1481 1056 1508 550.

1456 1555 1534 1579 Nulla
1545 1555 1624 1587 Lyaei

1014 1598 1111 1624 Pocula
1118 1607 1126 1628 3
1144 1605 1201 1622 rara
1213 1598 1305 1622 Ceres:
1324 1599 1408 1628 raptos
1418 1598 1563 1620 contentus
1574 1595 1602 1619 in
1615 1594 1695 1619 armis

1015 1639 1148 1664 Delibasse
1158 1637 1221 1661 cibos
1230 1646 1239 1660 .-

988 1703 1127 1747 ἁρπαγδκ
1134 1719 1156 1740 v,
1172 1704 1212 1733 ob
1227 1701 1416 1732 celeritatem
1432 1711 1467 1730 ae
1476 1700 1716 1731 festinationem.

1029 1756 1105 1786 Ver.
1135 1758 1184 1785 ll.
1212 1757 1335 1785 Certare
1358 1754 1495 1792 ingenio:
1521 1757 1557 1781 ut
1581 1752 1714 1782 Atheni-

989 1817 1078 1837 enses
1094 1805 1227 1846 antiqui,
1243 1811 1320 1834 teste
1335 1803 1484 1844 Virgilio,
1499 1813 1568 1843 geo.
1584 1803 1616 1834 ii.
1631 1807 1703 1834 589.

1020 1885 1189 1916 Praemiaque
1201 1883 1306 1915 ingeniis
1317 1889 1398 1915 pagos
1409 1885 1436 1907 et
1447 1881 1567 1913 compita
1577 1881 1680 1905 circum

1018 1924 1147 1950 Thesidae
1159 1930 1284 1955 posuere:

988 1991 1038 2022 uti
1062 1990 1150 2020 locus
1175 1989 1233 2019 iste
1258 1987 1417 2018 verissime
1438 1986 1567 2027 legitur-3
1591 1997 1654 2016 non
1670 1989 1718 2017 in-

989 2049 1104 2083 gentes,
1122 2047 1158 2071 ut
1169 2040 1298 2080 quidam
1307 2039 1386 2069 libri.
1417 2039 1562 2068 Eandem
1572 2038 1720 2068 mendam

989 2093 1074 2132 prior
1112 2091 1282 2121 sustulerat
1315 2089 1495 2120 Gronovius
1523 2099 1560 2119 ex
1591 2088 1720 2119 Valerio

990 2145 1146 2180 Maximo,
1164 2144 1183 2173 i.
1204 2146 1230 2173 7.
1248 2148 1309 2172 ext.
1324 2145 1425 2171 4.—“
1437 2143 1557 2180 ingenii
1571 2141 1719 2181 agilitate,

990 2200 1011 2214 “
1030 2201 1061 2225 et
1098 2194 1234 2233 corporis
1264 2193 1397 2227 dotibus,
1439 2192 1718 2230 praestantiorem.“

993 2248 1115 2278 Omnes
1147 2245 1278 2279 codices,
1307 2245 1442 2282 2'ngeute‘5
1478 2242 1719 2282 corruptissime.

989 2299 1107 2330 Confer
1136 2298 1321 2333 Heinsium,
1350 2295 1403 2325 Sil.
1422 2295 1461 2325 It.
1478 2295 1539 2325 xvi.
1557 2299 1607 2325 46.
1635 2305 1718 2325 erro—

989 2362 1057 2381 rem
1088 2350 1283 2380 contrarium
1309 2348 1458 2388 sagaciter
1481 2347 1719 2378 emaculantem.

990 2406 1030 2434 A.
1050 2403 1184 2439 Gellius,
1210 2412 1257 2432 xv,
1275 2404 1325 2431 ‘2523
1350 2405 1371 2418 ‘⁶
1389 2399 1587 2435 Hellanicus,
1613 2399 1717 2429 Hero-

991 2460 1013 2474 “
1031 2456 1133 2491 dotus,
1157 2453 1367 2493 Thucydides,
1391 2452 1527 2482 historiae
1547 2451 1718 2490 scriptores,

993 2511 1014 2526 ‘⁵
1032 2507 1144 2537 iisdem
1162 2505 1355 2544 temporibus
1381 2503 1458 2541 fere,
1481 2502 1575 2533 laude
1601 2504 1720 2542 ingenii

993 2561 1016 2576 “
1035 2556 1237 2588 floruerunt.''
1287 2556 1336 2586 Sic
1372 2554 1489 2594 optime
1528 2552 1717 2591 Gronovius,

991 2610 1058 2640 vice
1072 2609 1207 2649 vulgatae
1219 2607 1370 2642 lectionis,
1383 2607 1502 2645 ingenti
1514 2604 1638 2634 scilicet.

1033 2661 1106 2691 Ver.
1137 2664 1183 2690 12.
1204 2664 1388 2699 praestunte:
1427 2664 1471 2687 Ω.
1490 2661 1655 2695 praestare5
1679 2663 1716 2682 ex

983 2719 1138 2753 praestale.
1172 2712 1284 2752 Neque
1296 2710 1397 2740 ausim
1409 2707 1559 2748 equidem
1568 2705 1718 2736 damnare

991 2781 1023 2797 το
1033 2772 1214 2806 preestcznte,
1230 2773 1330 2805 quum
1344 2764 1462 2792 bonum
1477 2759 1526 2794 sit,
1549 2764 1580 2787 et
1594 2758 1638 2787 ita
1653 2767 1718 2787 non

990 2817 1091 2848 multo
1126 2816 1215 2846 aliter
1247 2812 1431 2854 eloquentiae
1460 2810 1613 2840 Romanae
1649 2808 1717 2845 flos,

993 2869 1021 2899 T
1026 2879 1087 2899 use.
1111 2869 1210 2907 dispp.
1236 2867 1255 2896 i.
1284 2870 1330 2896 lo.
1365 2867 1387 2882 “
1404 2861 1597 2897 Aristoteles,
1623 2861 1718 2901 longe

995 2925 1015 2938 “
1032 2920 1178 2951 omnibus
1219 2916 1400 2958 (Platonem
1430 2923 1551 2953 semper
1581 2912 1717 2952 excipio)
