1894 3253
221 268 316 309 224

733 257 793 304 T.
836 254 1217 304 LUCRETII

363 391 602 434 Convestire
622 387 692 429 sua
713 387 964 443 perfimdens
985 388 1126 428 onmia
1144 387 1250 437 luce,

362 465 568 508 Omnibus
590 465 632 504 in
653 472 851 519 promptu
871 463 1214 518 manifestumque
1234 476 1319 503 esse
1338 462 1534 503 videmus.

365 541 423 581 At
443 554 573 595 vapor
593 540 642 589 is,
666 554 788 595 quem
809 539 868 580 sol
887 539 1029 588 mittit,
1051 538 1270 593 lumenque
1291 552 1494 587 serenum,

253 620 330 656 150
362 614 461 655 Non
482 629 556 669 per
576 615 699 655 inane
720 622 829 655 meat
849 628 1024 654 vacuum
1031 631 1043 662 3
1076 628 1158 668 quo
1179 612 1335 653 tardius
1354 612 1414 652 ire

362 688 555 745 Cogitur,
578 689 708 730 a'e'rias
728 687 841 744 quod
862 688 918 729 sic
938 687 1167 728 diverberet
1187 686 1332 727 undas:

218 845 282 876 Adi
297 854 401 875 meam
420 844 493 874 Silv.
514 844 590 875 Crit.
606 854 634 875 v.
650 855 678 884 p.
696 847 745 875 81.
775 844 835 874 Sed
850 843 944 874 redeo

215 897 256 928 ad
272 897 466 927 Lucretium.
502 897 553 927 Ita
563 897 586 928 J
588 907 736 934 uvencus,
752 896 822 927 hist.
834 907 943 937 evang.

213 949 257 979 iii.
273 953 346 979 531.
368 947 529 988 impendio
545 948 717 989 eleganter:

243 1017 322 1041 Talia
333 1017 400 1041 dum
411 1016 541 1047 loquitur,
553 1015 625 1040 coelo
636 1014 808 1047 praet'ulgida,
820 1015 914 1044 nubes,

243 1056 425 1087 circumjecta
437 1055 530 1085 oculis,
541 1054 654 1079 vestibat
665 1054 760 1078 lumine
771 1059 911 1079 montem:

214 1130 234 1159 i.
251 1140 275 1159 e.
296 1139 360 1167 prae
376 1128 464 1166 coelo,
489 1126 538 1157 vel
558 1127 591 1156 in
607 1126 676 1156 coeli
692 1126 782 1164 facie,
808 1125 942 1165 fulgens.

214 1181 416 1220 Exemplar-ia
431 1179 576 1220 quaedam
591 1180 720 1217 habent,
743 1178 921 1219 petfulgida
929 1191 941 1211 ;

214 1233 299 1274 quod
314 1233 420 1262 minus
435 1232 581 1272 equidem
595 1233 701 1270 probo.

258 1284 342 1314 Ibid.
368 1285 537 1315 convestire
548 1282 738 1323 perficndens
753 1283 828 1312 luce.
864 1280 945 1311 Oro-

215 1339 290 1375 sius,
315 1338 358 1368 iii.
383 1342 411 1367 8.
436 1337 474 1367 de
493 1337 616 1367 Christo
626 1340 703 1366 :—“
719 1336 771 1377 qui
798 1335 877 1365 sicut
901 1336 944 1366 sol

216 1393 238 1408 ‘¹‘
253 1391 352 1420 oriens
379 1389 464 1419 diem
486 1390 552 1419 luce
572 1388 745 1428 perfundit,
776 1388 828 1422 ita,
852 1386 941 1417 adve-

216 1445 239 1460 “
256 1442 346 1471 niens
368 1440 617 1478 misericorditer,
641 1439 765 1469 extenta
787 1439 944 1469 mundum

216 1495 239 1510 “
255 1503 330 1532 pace
345 1491 508 1523 vestierit.’‘

259 1544 340 1574 Ibid.
372 1543 564 1584 perfundens
595 1544 670 1573 tuce.
717 1543 768 1572 Ita
797 1541 944 1571 Valerius

216 1595 358 1632 Flaccus,
385 1605 412 1625 v.
435 1598 508 1625 566.
530 1595 711 1631 Maronem,
737 1593 812 1623 AEn.
835 1593 855 1623 i.
872 1596 943 1624 590.

215 1647 361 1678 nonnihil
376 1646 511 1676 varians:

468 1720 554 1739 roseae
564 1713 679 1746 perfudit
688 1713 742 1738 luce
749 1714 882 1745 juventae.

221 1781 281 1812 Sed
305 1792 414 1812 omnes
437 1782 469 1811 in
492 1782 550 1811 hac
573 1781 713 1811 ornanda
734 1781 885 1811 sermonis
907 1780 943 1809 fi-

215 1833 298 1874 gura
312 1833 405 1873 longe
421 1832 575 1873 longeque
596 1838 665 1872 post
679 1843 711 1863 se
726 1833 852 1873 reliquit
872 1842 943 1862 nos-

217 1890 264 1914 ter
280 1885 407 1924 Popius.
454 1885 541 1915 Testi
556 1885 595 1915 sit
611 1884 696 1916 solus
711 1885 844 1915 Messias
857 1885 938 1926 ejus:

216 1945 293 1966 verr.
310 1940 359 1966 40.
377 1940 426 1968 98.

248 2004 309 2028 And
321 2010 355 2027 on
367 2003 415 2028 the
425 2004 547 2035 sightleae
559 2005 672 2036 eye-ban
681 2008 747 2036 pour
757 2004 804 2029 the
813 2004 906 2036 day.—

247 2043 309 2068 And
319 2043 401 2067 break
412 2051 484 2074 upon
496 2044 559 2069 thee
571 2045 597 2068 in
609 2051 624 2068 a
632 2044 702 2074 stood
713 2044 744 2069 os
758 2045 819 2076 day.-

249 2084 307 2107 One
318 2082 368 2107 tide
379 2082 410 2106 of
420 2083 500 2115 glory,
517 2091 570 2108 one
581 2084 736 2109 unclouded
749 2084 834 2113 blaze‚

248 2122 371 2153 O’erflow
382 2123 432 2154 thy
444 2127 543 2147 courts.

220 2186 352 2226 Dignus
378 2192 422 2216 est
437 2187 541 2223 etiam,
566 2187 620 2228 qui
643 2187 817 2225 suscitetur,
846 2186 941 2217 Calli-

214 2238 359 2274 machus,
375 2238 458 2276 hym.
475 2238 571 2268 Dian.
590 2241 661 2269 117.

502 2318 621 2344 ΦΑΕΟΣ
637 2316 658 2343 δ“
669 2327 766 2347 svs-azae
777 2320 879 2352 αϋτμκην

220 2362 350 2394 Aetam&
363 2375 391 2390 το
400 2365 432 2399 ῥα
446 2375 540 2399 πατρος
554 2366 815 2391 ΑΠΟΣΤΑΖΟΥΣΙ
828 2374 943 2400 nepas-cm.

220 2442 284 2471 His
307 2448 414 2472 autem
441 2442 571 2481 deliciis,
599 2444 625 2474 si
647 2445 755 2475 sectari
770 2456 824 2485 per
843 2445 944 2476 otium

218 2494 335 2533 liceret,
359 2506 487 2535 campus
509 2497 684 2528 immensus
705 2499 853 2538 aperitur:
887 2511 944 2531 nec

215 2551 326 2576 tamen
342 2557 374 2576 se
389 2548 507 2588 negligi
519 2549 671 2588 patienter
682 2550 758 2580 feret
771 2551 944 2590 Ausonius,

219 2598 353 2636 perioch.
368 2610 395 2630 v,
420 2600 511 2631 Iliad.
535 2601 569 2631 in
591 2601 659 2632 loco
680 2603 858 2633 felicissime
879 2604 941 2634 ela-

219 2649 338 2686 borato,
362 2651 485 2682 macula
501 2658 607 2683 tamen
621 2653 683 2684 levi
697 2655 738 2685 ad
759 2656 844 2686 hune
859 2655 943 2686 diem

221 2700 394 2734 obfuscato:

253 2775 318 2799 Heic
330 2780 357 2801 et
370 2779 470 2810 13=didis
481 2785 586 2806 mentem
597 2783 722 2808 Tritonia
731 2784 812 2809 Pallas

252 2815 356 2840 Audaci
366 2818 466 2844 virtute
477 2822 578 2853 replet:
597 2824 684 2848 vomit
695 2832 774 2850 aurea
784 2825 907 2850 flammas

254 2855 348 2886 cassis,
358 2861 385 2881 et
397 2859 533 2885 undantem
545 2863 654 2895 clypeus
663 2864 814 2897 diffulgurat
824 2866 915 2898 ignem.

225 2922 335 2966 Vulgo
345 2925 488 2959 scribitur
501 2929 614 2970 inepte,
629 2933 661 2965 T
652 2936 779 2974 ydidem
790 2937 947 2969 monitum.

988 841 1129 881 Reposui
1151 841 1278 881 insuper
1301 851 1338 871 ex
1361 841 1491 881 ingenio
1513 841 1714 883 diffulgurat:

987 895 1006 925 i.
1023 906 1049 924 e.
1065 894 1205 934 undique
1220 893 1328 934 fulgur
1343 895 1471 934 spargit,
1496 905 1552 933 pro
1568 895 1720 925 librorum

987 947 1120 977 lectione
1150 946 1344 986 defulgurat:
1385 956 1486 986 neque
1521 947 1721 977 sinceriorem

989 998 1241 1028 emendationem
1256 998 1346 1027 Divae
1365 998 1494 1028 Critices
1509 999 1720 1029 obstetricium

989 1051 1021 1080 in
1053 1051 1156 1080 lucem
1185 1050 1321 1089 protulit.
1379 1050 1542 1080 Audacter
1574 1050 1721 1082 Sidonius

994 1102 1198 1142 Apollinaris,
1211 1102 1251 1132 xi.
1269 1105 1320 1133 20.

1019 1188 1108 1211 postes
1120 1185 1285 1217 Chry-soiithi
1295 1185 1384 1210 fulvus
1395 1186 1548 1218 diffulgurat
1557 1188 1646 1212 ardor.

991 1261 1081 1290 Hinc
1097 1267 1214 1297 autem,
1242 1267 1277 1290 ut
1292 1262 1376 1291 viam
1391 1268 1577 1301 repetamus,
1601 1262 1722 1303 incogi-

990 1313 1123 1342 tantiam
1143 1314 1296 1343 Gronovii
1325 1314 1458 1352 mireris,
1483 1314 1524 1344 ad
1542 1314 1645 1345 Gratii
1669 1325 1721 1355 cy-

990 1375 1060 1405 neg.
1078 1368 1148 1396 445.

1281 1445 1308 1466 et
1319 1442 1408 1467 multo
1416 1441 1647 1473 flumineflammae

1019 1481 1139 1511 Emicat3

991 1546 1173 1585 reponentis
1187 1548 1315 1585 lumine,
1328 1553 1358 1577 et
1371 1547 1478 1578 locum
1488 1553 1592 1578 totum
1606 1549 1722 1589 frigore

992 1598 1140 1628 ferientis.
1175 1599 1259 1628 Vide
1282 1609 1340 1629 nos
1363 1609 1437 1629 mox
1459 1600 1499 1630 ad
1525 1610 1585 1631 ver.
1601 1604 1674 1632 583.
1691 1607 1723 1632 et

989 1652 1010 1681 i.
1038 1654 1109 1682 495.
1156 1651 1196 1680 In
1225 1651 1417 1681 consortium
1445 1653 1558 1682 harum
1587 1652 1722 1683 illustra-

991 1705 1115 1735 tionum
1138 1706 1265 1736 veniant
1279 1717 1384 1736 versus
1400 1706 1518 1736 Hilarii
1533 1709 1567 1736 in
1582 1717 1653 1748 gen.
1669 1710 1718 1738 51.

990 1767 1140 1797 perquam
1157 1757 1327 1798 elegantes:

1021 1837 1102 1860 'Tunc
1113 1838 1199 1860 oritur
1210 1836 1260 1861 lux
1271 1836 1358 1866 alma;
1377 1835 1431 1861 dies
1442 1841 1504 1867 quae
1512 1837 1583 1867 jussa
1593 1836 1684 1861 vocari

1022 1878 1183 1901 Nascentem
1195 1880 1289 1901 tenero
1297 1876 1412 1908 perfudit
1421 1876 1517 1900 lumine
1526 1877 1672 1901 mundum.

997 1945 1114 1975 Tenere
1141 1945 1273 1974 lumine:
1300 1942 1320 1972 i.
1336 1952 1361 1972 e.
1386 1948 1650 1972 novo—recenter
1664 1953 1720 1973 na-

989 2001 1041 2032 to;
1073 1994 1298 2034 pulcherrime:
1333 1993 1474 2024 conferas
1489 1994 1581 2034 Virg.
1604 1994 1658 2024 ecL
1681 1995 1720 2025 vi.

989 2049 1041 2075 54.
1069 2056 1137 2086 geo.
1153 2046 1185 2076 ii.
1201 2049 1275 2076 545.
1311 2045 1333 2077 J
1335 2055 1386 2075 am
1404 2044 1539 2075 Statium
1553 2045 1719 2085 intelligas,

989 2097 1030 2127 ad
1058 2098 1122 2127 silv.
1147 2098 1177 2128 ii.
1203 2102 1231 2128 2.
1256 2101 1305 2128 46.
1340 2097 1430 2137 cujus
1450 2103 1591 2127 mentem
1613 2097 1720 2128 minus

987 2149 1126 2188 percepit
1148 2149 1313 2179 Barthius:

1345 2220 1406 2244 haec
1417 2220 1513 2245 domus
1523 2223 1598 2245 ortus

1049 2262 1184 2293 Adspicit,
1195 2266 1222 2286 et
1233 2262 1328 2286 Phoebi
1339 2265 1450 2287 tenerum
1456 2263 1545 2295 jubar.

990 2326 1059 2364 Ope
1084 2325 1218 2366 denique
1234 2326 1373 2356 Lucretii
1395 2326 1544 2357 mendam
1567 2327 1657 2358 tollas
1677 2337 1717 2358 ex

993 2377 1076 2418 epig.
1091 2381 1121 2407 8.
1136 2377 1188 2407 lib.
1205 2388 1231 2407 v.
1249 2377 1452 2418 Anthologiae
1466 2378 1602 2409 Latinae:

1023 2455 1153 2479 Exoritur
1166 2455 1292 2485 Phoebus,
1306 2455 1460 2487 petsundens
1471 2455 1525 2480 luce
1534 2455 1626 2480 recenti

1051 2496 1085 2519 Et
1097 2496 1192 2526 maria,
1205 2499 1232 2521 et
1243 2499 1337 2526 terras,
1347 2496 1560 2528 steuifentmque
1569 2497 1674 2528 polum.

991 2571 1032 2602 In
1048 2571 1135 2602 libris
1151 2571 1305 2610 scribitur,
1321 2574 1388 2603 luce
1402 2574 1523 2604 nitenti.

1030 2624 1106 2653 Ver.
1136 2626 1207 2654 148.
1232 2626 1265 2654 in
1287 2631 1432 2664 promptu
1461 2623 1713 2664 manffestumque

986 2685 1056 2706 esse.
1102 2674 1277 2713 Arnobius‚
1301 2675 1356 2706 lib.
1378 2675 1410 2705 ii.
1435 2685 1465 2714 p.
1480 2677 1595 2706 57.—“
1609 2675 1711 2704 mane·-

989 2729 1012 2744 “
1025 2725 1143 2766 festum
1159 2732 1188 2756 et
1197 2733 1371 2766 promptum
1387 2732 1440 2763 est,
1465 2724 1544 2754 nihil
1557 2734 1614 2754 nos
1628 2730 1711 2754 attu-

991 2780 1013 2795 “
1029 2776 1101 2807 lisse
1124 2777 1163 2807 de
1178 2777 1284 2808 coelo.''
1331 2779 1437 2817 Atque
1459 2776 1583 2813 iterum,
1607 2786 1635 2814 p.
1659 2778 1711 2807 98.

990 2834 1013 2850 “
1030 2833 1177 2871 Prompta
1193 2837 1221 2861 et
1235 2830 1395 2871 mamfista
1411 2839 1518 2859 caussa
1531 2828 1602 2859 est.'’

1035 2883 1108 2913 Ver.
1128 2886 1196 2914 149.
1220 2883 1280 2914 At:
1307 2881 1347 2912 V.
1363 2879 1409 2911 ed.
1433 2881 1576 2912 Ac.—sol
1598 2882 1708 2912 mittit:

994 2941 1035 2968 11.
1049 2936 1207 2967 submittit.
