1894 3253
726 257 787 305 T.
835 257 1216 307 LUCRETII

365 392 485 434 Ae‘ris
504 391 549 431 in
570 389 703 445 spatio
722 405 918 447 magnam
938 391 1122 447 pendere
1143 391 1337 433 docentes

365 465 588 515 Tellurem,
618 479 752 521 neque
771 480 890 520 posse
908 466 953 506 in
973 465 1082 507 terra
1104 466 1246 508 sistere
1264 475 1430 508 terram.

362 539 605 594 Adjunxere
623 539 748 590 feras3
781 540 910 596 quod,
932 556 1057 597 quam
1077 541 1137 582 vis
1159 541 1306 593 ecfera,
1328 542 1465 598 proles

249 619 330 655 605
364 614 537 656 Obficiis
558 614 679 655 debet
699 615 849 656 molliri
870 616 978 657 victa
997 625 1235 671 parentum:

365 688 602 745 Murah‘que
622 698 747 745 caput
766 706 974 732 summum
995 692 1163 733 cinxere
1184 691 1354 741 corona,

363 763 539 804 Eximiis
558 764 719 805 munita
737 764 836 806 locis
856 765 969 821 quod
990 765 1171 807 subtinet
1190 766 1342 807 urbeis:

363 837 463 886 Quo
482 852 594 880 nunc
613 838 765 896 insigni
784 854 859 895 per
878 855 1050 897 magnas
1070 841 1246 896 praedita
1266 849 1393 881 terras

363 912 577 955 Horrifice
595 912 726 955 fertur
746 914 897 955 divinae
921 914 1071 956 Matris
1091 916 1242 972 imago.

216 1080 239 1095 “
256 1077 371 1115 nescio,
387 1087 428 1107 an
445 1077 533 1108 aliter
544 1078 636 1108 facile
649 1079 822 1119 exprimere
834 1085 944 1120 potue-

217 1132 238 1148 “
255 1130 305 1160 rit.
367 1129 408 1160 Id
436 1129 528 1161 docet
556 1131 709 1162 Varronis
731 1132 946 1173 fragmentum

216 1184 238 1199 “
255 1180 339 1220 apud
355 1182 587 1222 Augusfinum,
611 1183 664 1213 lib.
689 1184 751 1215 xvi.
775 1195 881 1215 rerum
897 1185 945 1215 di-

216 1239 238 1254 “
251 1237 405 1267 vinarum:
422 1237 569 1268 Eandem
578 1238 691 1268 dicunt
700 1240 840 1270 Matrem
851 1242 945 1281 Mag-

215 1290 238 1305 “
257 1297 345 1317 nam:
374 1287 458 1328 quod
473 1294 660 1328 tympanum
675 1290 798 1328 habeat,
825 1292 944 1332 signifi-

216 1342 238 1358 “
255 1339 318 1369 cari
333 1349 398 1369 esse
412 1341 533 1371 orbem:
560 1340 646 1381 quod
668 1346 767 1372 turres
781 1342 814 1372 in
831 1344 944 1383 capite,

216 1393 239 1410 “
255 1391 381 1430 oppida:
401 1391 486 1432 quod
500 1394 582 1423 sedes
598 1392 759 1433 fingantur
770 1395 851 1425 circa
861 1406 943 1432 eam,

217 1446 239 1461 “
255 1453 329 1473 cum
359 1443 466 1473 omnia
495 1450 689 1481 moveantur,
720 1455 785 1475 non
811 1448 940 1479 moveri.

216 1498 238 1513 “
256 1495 345 1525 Hinc
376 1498 490 1537 εϋθρονω
519 1495 654 1535 appellat
683 1497 886 1537 Apollonius,
923 1500 943 1530 i.

216 1551 239 1567 “
259 1546 371 1579 1095.’'
398 1547 487 1579 obss.
503 1548 546 1579 iii.
563 1551 592 1580 5.
615 1559 686 1590 quae
700 1550 779 1581 mihi
796 1561 860 1581 non
871 1559 944 1583 sunt

215 1599 256 1630 ad
270 1609 410 1630 manum.

218 1653 386 1690 Caeterum,
412 1655 548 1685 imitatio
569 1656 749 1696 Virgiliana
775 1658 944 1698 perjucun-

216 1705 289 1735 dam
304 1705 471 1737 lectoribus
487 1708 728 1747 comparationis
749 1709 945 1741 occasionem

216 1757 310 1794 dabit,
327 1757 367 1787 ad
383 1759 457 1788 AEn.
473 1759 512 1789 vi.
530 1762 602 1791 785.

500 1833 591 1864 Qualis
602 1834 761 1866 Berecyntia
769 1839 857 1861 mater

246 1870 387 1895 Invehitur
397 1878 475 1895 curru
486 1872 613 1903 Phrygias
624 1874 722 1899 turrita
731 1878 777 1906 per
788 1875 871 1904 urbis;

246 1912 325 1935 Laeta
336 1911 421 1936 defim
433 1915 524 1943 partu,
536 1917 648 1938 centum
661 1915 797 1946 conplexa
808 1920 929 1947 nepoteS,

246 1950 341 1974 Omnis
351 1950 499 1981 caelicolas,
509 1952 598 1976 omnis
609 1960 704 1985 supera
713 1954 767 1979 alta
776 1955 902 1980 tenentis.

216 2013 259 2042 Et
274 2023 393 2051 rursus,
409 2014 482 2044 ibid.
500 2025 529 2045 x.
549 2019 621 2046 952.

245 2089 324 2113 Alma
331 2093 425 2121 parens
437 2091 510 2114 ldaea
521 2091 607 2121 deam,
618 2093 662 2117 cui
674 2093 811 2126 Dindyma
821 2096 906 2125 cordi,

242 2130 454 2161 Tun-igeraeque
461 2131 549 2161 urbes,
557 2131 691 2164 laijugique
702 2134 736 2158 ad
747 2133 823 2159 frena
835 2135 925 2160 leones.

218 2201 237 2212 ‘⁴
253 2196 345 2225 Alma
362 2196 488 2235 proprie
503 2196 596 2227 tellus
615 2204 671 2234 est,
687 2200 726 2229 ab
735 2209 785 2238 eo,
797 2200 881 2240 quod
892 2211 950 2232 nos

217 2250 240 2265 “
254 2247 361 2278 alat.·''
388 2248 524 2278 Servius:
547 2249 617 2280 vide
632 2260 684 2280 me
698 2251 738 2282 ad
754 2261 814 2282 ver.
832 2256 861 2283 2.
876 2252 949 2283 libri

217 2297 319 2338 primi.

260 2350 336 2380 Ver.
352 2354 424 2381 602.
448 2352 540 2382 A'e'ris
551 2354 585 2383 in
600 2355 698 2392 spatio
706 2368 716 2384 .·
743 2354 763 2385 i.
778 2365 806 2386 e.
829 2355 863 2385 in
878 2355 948 2386 a'e're

217 2402 364 2442 spatioso,
381 2402 430 2434 vel
445 2404 603 2443 profixndo
609 2418 618 2444 3
644 2420 695 2450 ηερι
710 2411 823 2450 βαθειᾳ,
848 2409 948 2440 Hom.

218 2454 257 2485 11.
283 2461 320 2485 τ.
343 2458 416 2486 446.
443 2455 568 2486 Eadem
596 2467 687 2488 mens
715 2466 762 2489 est
792 2461 946 2499 Maronis,

216 2515 311 2546 quam
329 2516 424 2536 nemo
440 2507 591 2539 hactenus
614 2516 776 2550 penetrare
802 2512 945 2553 quiverit,

215 2558 272 2589 ecl.
290 2558 333 2589 iii.
352 2561 422 2590 105.

226 2635 285 2665 Dic,
298 2635 393 2666 quibus
403 2636 431 2660 in
439 2636 527 2667 terris,
537 2641 564 2662 et
576 2638 626 2662 eris
636 2638 705 2663 mihi
714 2646 829 2672 magnus
837 2641 945 2673 Apollo,

225 2674 288 2699 Tris
296 2679 389 2707 pateat
399 2676 454 2701 caeli
463 2677 585 2709 spatium,
596 2684 650 2703 non
661 2679 787 2712 amplius,
797 2680 887 2706 ulnas:

218 2740 238 2770 i.
254 2750 279 2771 e.
296 2742 330 2772 in
354 2744 467 2784 quibus
481 2746 607 2785 coelum,
623 2748 884 2787 spatiosissimum
906 2751 944 2781 li-

218 2797 278 2874 οὲἑ,
294 2794 391 2826 trium
402 2797 552 2830 ulnarum
563 2800 806 2840 amplitudInem
817 2813 881 2834 non
893 2814 947 2835 ex-

218 2853 235 2873 c
275 2849 316 2874 at.

260 2894 338 2926 Ver.
354 2899 425 2928 604.
447 2903 544 2939 quod:
571 2902 667 2937 Vind.
682 2916 743 2947 qua
750 2920 762 2942 ;
782 2910 817 2938 Δ.
833 2917 940 2948 quum:

217 2952 250 2978 et
259 2949 388 2988 prolem,
402 2948 488 2982 idem
503 2952 608 2985 codex.

1032 1080 1107 1110 Ver.
1139 1082 1214 1111 605.
1238 1080 1370 1109 molliri:
1399 1084 1439 1109 Π.
1462 1079 1718 1111 moliri.-victa.-

992 1131 1031 1161 O.
1048 1136 1084 1162 A.
1099 1132 1171 1162 vita.
1209 1130 1333 1161 Servius
1347 1136 1465 1168 autem,
1482 1130 1523 1160 ad
1536 1130 1627 1172 Virg.
1646 1131 1721 1161 AEn.

990 1192 1019 1212 x.
1036 1185 1107 1213 253.
1131 1182 1312 1221 nuperrime
1334 1181 1513 1221 laudatum,
1540 1183 1647 1223 paullo
1673 1183 1719 1214 di—

990 1244 1113 1264 versam
1142 1235 1273 1275 hujusce
1303 1234 1462 1276 allegoriae
1485 1235 1725 1274 explicationem

990 1287 1254 1316 comminiscitur:
1283 1292 1302 1305 ‘⁸
1319 1290 1372 1318 Ad
1377 1287 1476 1329 frena
1492 1290 1598 1319 leones.
1645 1288 1723 1319 Ideo

990 1339 1013 1355 “
1027 1337 1086 1367 hoc
1096 1337 1235 1377 fingitur,
1246 1338 1331 1377 quod
1341 1339 1444 1369 omnis
1459 1339 1564 1370 feritas
1574 1346 1725 1371 maternae

989 1391 1012 1407 ‘⁴
1028 1388 1168 1429 subjacet
1193 1389 1361 1426 affectioni,
1386 1396 1418 1420 et
1447 1391 1610 1432 suly'ugata
1647 1393 1723 1423 est.’'

991 1442 1106 1473 Adhuc
1121 1442 1215 1473 aliam
1233 1443 1377 1481 Ovidius,
1389 1444 1457 1475 fast.
1472 1445 1511 1476 iv.
1523 1449 1598 1477 217.
1622 1446 1720 1476 Lam—

987 1493 1063 1524 bino
1077 1494 1256 1525 suscitatus:

1019 1567 1150 1593 Desierat.
1170 1568 1264 1599 Coepi:
1283 1569 1338 1593 Cur
1348 1568 1412 1592 huic
1421 1574 1506 1600 genus
1520 1576 1592 1600 acre,
1603 1570 1703 1601 leones,

1053 1608 1175 1633 Praebeat
1187 1607 1304 1633 insolitas
1314 1608 1348 1632 ad
1357 1609 1422 1640 juga
1432 1615 1515 1633 curva
1522 1609 1613 1640 J'ubas?

1023 1648 1169 1673 Desieram.
1190 1649 1298 1680 Coepit:
1317 1648 1416 1673 Feritas
1427 1649 1534 1674 mollita
1546 1657 1593 1681 per
1603 1650 1677 1675 illam

1051 1688 1190 1713 Creditur:
1209 1689 1235 1713 id
1248 1696 1328 1713 curru
1339 1689 1484 1714 testificata
1493 1696 1542 1714 suo
1551 1693 1601 1715 est.

989 1759 1135 1790 Alteram
1155 1760 1292 1801 denique
1313 1761 1456 1791 fabulam
1476 1762 1637 1792 contexuit
1655 1761 1722 1802 Op.

987 1812 1111 1851 pianus,
1142 1823 1251 1854 cyneg.
1274 1813 1317 1843 iii.
1349 1813 1417 1844 init.
1448 1824 1544 1855 quem
1566 1815 1724 1845 commisit

991 1865 1242 1905 Havercampus.
1286 1865 1411 1896 Locum
1427 1866 1542 1905 videas,
1569 1866 1595 1897 si
1610 1866 1721 1897 lubue-

990 1916 1038 1947 rit.

1033 1968 1106 1999 Ver.
1122 1971 1195 2000 607.
1220 1971 1373 2001 Ez‘e'mz’is:
1400 1970 1499 2001 vind.
1523 1975 1558 2002 Σ.
1582 1972 1721 2007 Eximz‘s;

996 2024 1033 2050 A.
1053 2020 1092 2050 O.
1118 2022 1220 2061 Atque
1244 2023 1332 2056 imis,·
1363 2028 1407 2052 Ω.
1432 2023 1483 2052 Ex·
1506 2024 1725 2053 imz's.—subtz'-

988 2077 1059 2101 net:
1084 2071 1192 2111 vulgo,
1208 2075 1335 2103 sustinet
1343 2087 1354 2107 ;
1376 2072 1414 2102 Ο.
1432 2077 1466 2103 Σ.
1482 2074 1645 2108 subs-tinen
1665 2083 1722 2103 an-

992 2122 1088 2162 tiquae
1117 2123 1277 2162 scripturae
1307 2123 1438 2162 vestigia
1467 2123 1651 2161 retinentes;
1674 2124 1724 2154 vel

993 2173 1121 2203 fortasse
1134 2173 1271 2203 formam
1284 2173 1483 2212 ipsissimam,
1496 2181 1532 2204 ut
1543 2175 1647 2214 potius
1658 2186 1723 2206 cre-

993 2223 1141 2255 diderim:
1168 2224 1239 2255 vide
1257 2225 1348 2255 nobis
1363 2225 1446 2256 dicta
1461 2225 1502 2256 ad
1516 2226 1555 2257 iv.
1573 2230 1644 2258 750.

1037 2275 1119 2306 Ibid.
1144 2277 1294 2312 Eximz'z's;
1319 2277 1339 2306 i.
1357 2286 1384 2307 e.
1402 2277 1545 2317 egregiis,
1563 2287 1601 2307 ex
1616 2288 1725 2310 acervo

993 2326 1129 2364 selectis3
1153 2332 1195 2364 et,
1212 2337 1273 2357 usu
1288 2327 1483 2366 secundario,
1499 2330 1630 2360 excelsis.
1653 2329 1726 2361 Ali-

990 2383 1050 2416 ter,
1067 2377 1121 2407 sed
1136 2378 1287 2417 apposite,
1302 2378 1455 2416 Isidorus,
1468 2380 1567 2421 origg.
1580 2391 1608 2411 x·
1627 2384 1649 2399 “
1661 2383 1726 2412 exi-

993 2432 1015 2447 “
1031 2432 1124 2466 mins,
1140 2429 1228 2469 quasi
1243 2431 1330 2461 valde
1345 2431 1513 2463 eminens.'’
1543 2432 1634 2463 Hinc
1649 2432 1722 2464 Vir·

990 2480 1097 2521 gilius,
1116 2490 1184 2521 ge0.
1202 2481 1234 2511 ii.
1252 2484 1323 2512 156.

1036 2539 1095 2564 Tot
1105 2543 1233 2572 congesta
1245 2547 1328 2565 manu
1341 2540 1485 2573 praeruptis
1497 2541 1588 2574 oppida
1598 2541 1680 2566 saxis.

992 2588 1098 2619 Adeas
1112 2589 1396 2620 animadversiones
1411 2596 1542 2627 nostras,
1558 2592 1620 2621 huc
1634 2600 1719 2630 spec-

989 2645 1101 2680 tantes,
1118 2641 1151 2671 in
1168 2642 1263 2681 Soph.
1280 2641 1428 2673 Trachin.
1446 2646 1517 2674 275.

1031 2693 1106 2724 Ver.
1133 2698 1206 2725 608.
1235 2696 1299 2730 Quo
1326 2697 1445 2735 insigni
1463 2696 1620 2735 proedz'ta:
1645 2695 1664 2725 i.
1692 2705 1720 2727 e.

987 2744 1073 2785 quod
1086 2745 1210 2786 insigne
1234 2756 1358 2787 gerens,
1386 2746 1434 2777 vel
1453 2747 1577 2776 habens.
1623 2747 1720 2779 Hanc

991 2798 1163 2829 formulam
1177 2799 1344 2830 Lucretius
1358 2800 1548 2840 frequentat:
1576 2799 1645 2829 vide
1660 2810 1718 2831 nos

990 2850 1024 2880 in
1039 2851 1171 2892 hujusce
1186 2851 1256 2882 libri
1271 2862 1333 2882 ver.
1352 2854 1421 2881 181.
1462 2850 1558 2881 Silius
1575 2851 1717 2891 Italicus,

988 2902 1050 2933 xiv.
1063 2907 1114 2933 88.

1017 2973 1079 2983 —
1089 2961 1245 2987 bisoctonis
1252 2961 1373 2987 nondum
1386 2968 1436 2988 rex
1445 2962 1568 2995 preditus
1580 2963 1664 2988 annis.
