1894 3253
620 272 856 321 LIBER
905 269 1214 320 PRIMUS.
1619 271 1681 311 93

320 409 509 463 Corpore
529 408 774 463 sejunctum,
797 414 1079 461 secretumque
1099 418 1185 445 esse
1205 402 1257 443 ab
1277 400 1409 450 inani3

317 482 445 531 Quod
467 483 581 539 quasi
602 483 723 524 tertia
743 484 794 523 sit
814 496 989 522 numero
1010 488 1159 521 natura
1178 485 1354 533 reperta.

317 556 444 606 Nam,
468 557 790 612 quodquomque
810 555 903 604 crit,
926 569 1011 594 esse
1032 552 1186 608 aliquid
1208 551 1375 592 debebit
1394 549 1439 590 id
1459 549 1595 605 ipsum

203 635 284 671 435
319 631 530 687 Augmine
550 630 613 671 vel
632 629 798 686 grandi,
825 628 887 669 vel
907 642 1036 683 parvo
1058 627 1253 683 denique,
1276 625 1377 665 dum
1397 625 1467 674 sit;

313 705 427 753 Quoi
449 705 482 745 si
503 712 634 745 tactus
655 703 733 744 erit
753 717 879 759 quam
898 703 960 743 vis
982 702 1094 751 levis,
1117 701 1393 757 exiguusque,

319 779 519 834 Corporis
540 776 707 834 augebit
727 791 964 826 numerum,
995 790 1283 831 summamque
1305 782 1511 831 sequetur:

324 854 398 895 Sin
418 852 600 894 intactile
621 852 712 901 erit,
735 850 846 892 nulla
868 851 920 892 do
939 859 1058 906 parte
1078 849 1192 907 quod
1213 849 1338 890 ullam

319 928 427 970 Rem
447 927 670 982 prohibere
691 935 814 983 queat
834 941 909 981 per
930 941 972 967 se
992 926 1168 967 transire
1188 932 1416 972 meantem3

205 1007 287 1042 440
321 1003 485 1044 Scilicet
505 1002 621 1042 hocc'
643 1002 687 1042 id
707 1002 784 1043 erit
805 1016 996 1051 vacuum,
1020 1000 1133 1057 quod
1153 1001 1278 1041 inane
1298 1012 1504 1040 vocamus.

380 1076 602 1126 Praeterea,
625 1091 700 1131 per
721 1091 762 1117 se
783 1076 1109 1133 quodquomque
1129 1075 1222 1124 erit,
1246 1083 1317 1115 aut
1337 1072 1458 1115 faciet
1477 1071 1593 1128 quid,

322 1151 409 1192 Aut
429 1151 516 1192 aliis
536 1150 653 1208 fungi
674 1150 842 1191 debebit
863 1149 1080 1207 agentibus
1102 1149 1253 1204 ipsum,

173 1308 181 1322 ‘
187 1311 196 1325 ²
799 1307 909 1343 Porro,

214 1321 268 1342 τως
286 1314 473 1349 αφωρισμενῃ,
493 1312 524 1336 et
539 1306 587 1336 sui
602 1306 759 1347 generis.”

173 1361 238 1392 vice
254 1363 298 1398 id,
316 1361 357 1390 V.
374 1359 422 1390 ed.
438 1362 488 1390 ad.

214 1413 290 1443 Ver.
307 1416 379 1443 455.
403 1413 580 1451 Aztgmine:
609 1411 706 1442 Vinci.
723 1412 764 1442 V.
793 1411 842 1442 ed.
870 1412 909 1442 O.

173 1469 210 1496 Δ.
229 1466 363 1504 agmine,
379 1470 415 1494 ut
431 1463 579 1493 deamant
591 1463 710 1493 librarii
726 1465 819 1493 verba
840 1463 912 1493 inu-

172 1517 310 1548 sitatiora
320 1527 394 1547 cum
403 1516 578 1557 pervagatis
587 1522 790 1547 commutare.
807 1517 912 1552 Quam

174 1568 382 1598 variationem
403 1568 437 1597 in
453 1569 511 1598 hac
527 1577 602 1598 voce
618 1568 751 1598 minime
767 1568 912 1598 omnium

174 1619 282 1650 mirari
298 1619 460 1657 debemus,
488 1630 562 1649 cum
586 1620 760 1657 Arnobius,
788 1619 839 1650 lib.
861 1619 912 1650 vii.

174 1682 205 1711 p.
230 1675 302 1703 249.
347 1672 533 1702 Lucretium
563 1682 658 1702 suum
688 1672 775 1712 sequi
805 1671 914 1701 mallet

175 1729 286 1753 contra
298 1723 444 1753 omnium
459 1723 595 1753 aliorum
606 1724 770 1762 po'e'tarum
782 1733 914 1753 consue-

177 1775 337 1806 tudinem:
366 1779 388 1793 “
406 1785 444 1805 ex
460 1775 623 1814 Epidauro
643 1781 749 1805 tamen
773 1775 850 1814 quid
869 1781 916 1804 est

177 1831 200 1846 “
216 1827 304 1857 aliud
319 1826 449 1856 allatum
474 1826 534 1855 nisi
558 1829 664 1865 magni
686 1829 843 1866 augminis
859 1837 910 1856 co-

176 1883 200 1897 “
217 1878 347 1909 luber?''
373 1878 425 1907 De
436 1879 622 1918 serpentibus
639 1878 724 1908 enim
741 1878 803 1908 alia
819 1878 914 1908 dictio

183 1931 299 1971 passim
313 1936 489 1969 usurpatur.
536 1930 619 1960 Vide
635 1930 675 1960 ad
689 1930 720 1961 ii.
738 1933 788 1961 72.

222 1983 298 2013 Ver.
315 1986 387 2013 436.
412 1989 531 2013 tactus:
559 1985 725 2016 παθητικως
751 1982 918 2021 nimirum3

182 2039 203 2054 ‘⁶
219 2035 245 2064 si
271 2035 304 2064 id
319 2035 444 2072 habeat,
468 2045 505 2064 ex
522 2045 584 2075 quo
598 2034 695 2064 tactui
717 2034 770 2064 fiat
785 2035 917 2065 obnoxi-

182 2092 205 2106 “
221 2087 305 2118 um.”

221 2140 297 2170 Ver.
315 2143 387 2170 457.
413 2142 573 2179 Corporis:
599 2140 643 2170 ita
672 2140 712 2170 G.
741 2140 778 2170 L.
807 2140 855 2170 M.
880 2145 915 2171 Δ.

176 2196 211 2223 Σ.
240 2198 283 2222 Ω.
315 2191 440 2231 reliqui,
476 2193 649 2231 Corporum.
697 2191 915 2231 Indignaban-

179 2248 231 2272 tur
267 2243 375 2282 utique
409 2242 581 2272 scribamm
620 2243 714 2279 natio,
753 2255 914 2274 numerum

179 2300 260 2324 stare
282 2305 338 2334 pro
361 2298 550 2334 quantitate.-
585 2297 645 2325 hoc
671 2301 778 2325 autem
802 2296 915 2334 saepius

181 2344 301 2374 factum
324 2345 490 2375 invenitur.
538 2346 588 2376 Sic
611 2347 803 2386 Xenophon,
821 2347 910 2376 anab.

182 2395 233 2426 Vfi.
256 2406 286 2434 p.
312 2400 383 2426 600.
407 2396 457 2426 ed.
481 2396 584 2427 Oxon.
616 2399 631 2427 ’ὅ
653 2401 763 2440 αριθμος
789 2411 915 2440 ospyvpts',

181 2448 266 2489 quod
281 2448 348 2478 aliis
364 2455 409 2478 est
424 2451 478 2485 vis,
499 2449 548 2478 vel
562 2452 662 2490 copia,
685 2454 816 2490 argenti.
862 2451 915 2482 Ci-

180 2510 263 2536 cero,
289 2499 323 2528 in
340 2500 432 2529 Vei-r.
454 2499 486 2528 ii.
504 2502 553 2529 72.
595 2504 617 2518 “
633 2512 788 2542 magnum
810 2513 914 2533 nume-

181 2556 202 2569 “
217 2562 287 2581 rum.
311 2550 480 2591 frumenti,
506 2551 571 2580 vim
594 2552 697 2582 mellis
711 2553 914 2583 maximam.”

183 2602 323 2639 Hirtius,
347 2601 417 2632 bell.
442 2603 512 2633 Afr.
537 2606 587 2633 67.
634 2607 655 2621 “
673 2603 723 2633 Ibi
745 2604 779 2633 in
805 2614 917 2643 campo

181 2657 204 2672 “
222 2654 328 2684 castris
351 2654 424 2683 unis
443 2655 562 2694 positis,
586 2654 662 2694 ipse,
686 2655 916 2686 frumentatum

181 2708 204 2723 “
220 2705 340 2735 circum
363 2705 452 2735 villas
475 2717 548 2736 cum
564 2712 650 2745 parte
674 2707 830 2747 equitatus
844 2718 915 2747 pro-

181 2759 204 2774 “
221 2755 333 2794 fectus,
349 2768 460 2796 magno
477 2757 605 2787 invento
619 2760 736 2796 hordei,
753 2758 824 2794 olei,
839 2759 915 2795 vini,

182 2811 205 2826 “
221 2807 274 2838 fici
290 2820 424 2845 numero,
442 2821 540 2849 parco
557 2809 662 2847 tritici,
686 2815 779 2850 atque
797 2820 914 2841 recrea-

183 2862 205 2877 “
222 2865 254 2889 to
268 2861 418 2899 exercitu,
435 2863 516 2893 redit
532 2863 564 2892 in
581 2862 710 2892 castra„”
741 2862 792 2892 Ita
807 2873 915 2893 emen-

184 2909 338 2942 dandum:
365 2912 448 2951 libri,
466 2925 588 2954 pauco‚·
613 2913 711 2944 codex
725 2924 819 2950 unuS,
838 2926 916 2954 par-

179 2972 228 3000 vo,
244 2972 282 2992 ex
297 2962 552 3004 intexpretatione
567 2965 692 2996 scilicet.
726 2964 915 3006 Columella,

954 1317 983 1337 x.
1007 1309 1036 1336 6.
1061 1310 1096 1334 ut
1118 1303 1171 1335 alii
1196 1314 1260 1334 non
1284 1313 1373 1340 raro3
1397 1301 1483 1332 unde
1498 1302 1622 1332 mireris
1644 1302 1693 1332 in·-

954 1363 1104 1397 terpretes
1118 1356 1157 1387 ad
1173 1356 1280 1386 locum
1292 1361 1363 1385 'tam
1380 1360 1506 1385 strenue
1522 1355 1650 1395 nugari:

1016 1418 1159 1449 Principio,
1169 1416 1261 1441 sedem
1274 1423 1404 1441 numeroso
1414 1416 1538 1447 praebcat
1548 1415 1616 1440 horto

1017 1457 1122 1489 Pinguis
1137 1463 1210 1488 ager.

958 1510 1100 1539 Fortasse
1124 1515 1232 1538 tamen
1249 1506 1397 1537 Hirtium
1412 1505 1563 1536 'Sedulius
1585 1505 1694 1537 defen-

958 1561 1022 1600 det,
1040 1561 1082 1591 iii.
1101 1564 1150 1592 75.

1186 1629 1252 1654 quos
1263 1628 1318 1647 non
1330 1621 1400 1646 mala
1413 1620 1526 1646 daemmze
1534 1624 1616 1653 pauco

1020 1663 1069 1687 Sed
1082 1661 1150 1693 legio
1162 1662 1281 1686 vexabat
1293 1665 1375 1685 atrox
1386 1668 1392 1684 :

958 1720 988 1743 et
1010 1712 1173 1752 Hyginus,
1202 1711 1262 1741 fab.
1292 1715 1361 1742 194.
1421 1714 1443 1728 “
1462 1710 1540 1740 Post
1557 1721 1696 1749 paucum

959 1770 979 1782 “
994 1771 1111 1802 tempus
1127 1762 1296 1792 nunciatur
1310 1761 1486 1801 Pyrantho,
1502 1771 1615 1790 navem
1634 1761 1695 1791 Co-

961 1816 1139 1845 “rinthum
1168 1815 1306 1845 delatam
1336 1820 1530 1853 tempestate,
1568 1814 1602 1844 in
1635 1814 1700 1854 quit

962 1872 983 1885 “
1002 1866 1104 1897 Arion
1119 1872 1259 1896 vectatus
1274 1866 1407 1896 suerat-’¹

1006 1918 1087 1949 Ibid.
1114 1930 1263 1948 summam
1289 1924 1439 1957 sequetur.
1486 1916 1697 1947 Rarissimum

963 1969 1129 1999 locutionis
1149 1979 1262 2009 genus,
1286 1968 1340 1998 sed
1366 1979 1404 1998 ex
1420 1968 1637 2006 translatione,
1661 1975 1699 1999 ut

961 2028 1080 2062 putem,
1115 2021 1253 2050 hominis
1275 2020 1394 2050 tardius
1416 2020 1579 2056 venientis,
1612 2027 1643 2050 et
1665 2031 1698 2050 se

961 2073 1089 2103 tandem
1112 2074 1213 2103 turbae
1235 2072 1401 2110 comitum,
1418 2072 1499 2112 ·qui,
1525 2071 1559 2101 in
1582 2072 1697 2101 trium-

959 2128 1060 2166 phum
1085 2132 1173 2166 puta,
1199 2126 1287 2165 prius
1313 2126 1429 2166 egressi
1447 2131 1548 2163 erant,
1575 2125 1697 2155 immis-

1112 2183 1132 2197 “
1150 2179 1225 2209 Hoc
1240 2178 1300 2208 erit
1325 2178 1435 2218 utique
1460 2187 1498 2207 ex
1525 2177 1698 2216 particulis,

959 2180 1065 2211 centis.

960 2240 983 2254 ‘⁶
999 2246 1069 2276 quae
1084 2234 1239 2275 gregatim
1255 2244 1417 2264 summam
1436 2233 1572 2273 cujusvis
1587 2243 1697 2272 corpo-

960 2293 982 2307 “
999 2288 1084 2328 poris
1103 2287 1306 2317 conficiunt.'’

960 2339 1157 2377 AriStoteleS,
1175 2347 1242 2379 φυσ·
1259 2353 1325 2381 amp·
1350 2338 1389 2368 iv.
1406 2340 1434 2368 7.
1459 2350 1544 2377 σωμα
1561 2336 1588 2367 δε
1608 2343 1699 2367 wod-n«

960 2395 1041 2423 ἁπαν
1058 2406 1159 2423 οιονται
1176 2405 1241 2422 mm
1258 2393 1369 2422 ἄπει-αν.

1005 2446 1081 2475 Ver.
1108 2448 1183 2475 458.
1217 2446 1376 2475 intactile:
1413 2450 1530 2482 αναφες·
1563 2441 1633 2472 vide
1659 2441 1698 2472 ad

959 2507 1020 2527 ver.
1035 2499 1108 2528 505.

1004 2549 1081 2578 Ver.
1100 2551 1172 2580 439.
1195 2549 1346 2578 transire:
1377 2546 1416 2576 G.
1432 2545 1472 2575 L.
1490 2545 1539 2574 M.
1552 2551 1698 2576 transere.

963 2600 995 2630 Si
1011 2600 1088 2640 quid
1109 2599 1205 2630 lateat
1226 2599 1303 2629 usfis
1325 2597 1521 2637 antiquioris,
1545 2596 1594 2627 vel
1609 2596 1697 2626 aliud

960 2651 1045 2692 quod
1068 2651 1155 2690 libet,
1183 2658 1310 2692 egomet
1336 2649 1365 2679 ei
1391 2648 1602 2688 protrahendo
1632 2658 1698 2679 non

960 2713 1040 2733 sum.

1004 2758 1077 2786 Ver.
1095 2760 1167 2786 440.
1189 2755 1272 2786 hocc'
1303 2756 1353 2785 id:
1381 2764 1471 2785 voces
1496 2754 1697 2793 transpositas

960 2808 1086 2838 exhibet
1103 2814 1143 2837 Π.

1004 2862 1078 2892 Ver.
1109 2864 1182 2892 441.
1219 2863 1447 2902 quodquomque
1477 2863 1548 2900 erit,
1578 2867 1614 2891 ut
1642 2871 1695 2890 va-

960 2924 1074 2951 cuum;
1088 2913 1191 2956 faciet
1205 2916 1292 2954 quid,
1308 2920 1344 2944 ut
1359 2925 1479 2954 corpus.

1005 2966 1080 2997 Ver.
1117 2968 1189 2997 442.
1213 2965 1335 3007 fungi:
1374 2967 1412 2997 B.
1437 2968 1545 3008 fingi,⁴
1583 2965 1622 2995 G<
1661 2968 1696 2994 Δ.
