1894 3253
538 249 771 299 LIBER
835 248 1251 300 SECUNDUS.

1549 258 1641 303 207

297 383 424 433 Quod
445 398 565 439 super
585 390 658 434 est,
690 383 829 424 animo
849 397 1011 438 quoque
1031 382 1132 424 nihil
1151 382 1342 439 prodesse
1361 382 1607 438 putandum:

214 463 270 498 40
302 457 346 500 Si
367 473 466 509 non,
498 458 602 499 forte
621 465 710 499 tuas
731 457 909 513 legiones
928 471 1003 511 per
1022 457 1111 498 loca
1131 457 1264 512 campi

296 532 470 573 Fervere
489 546 615 587 quom
634 530 791 580 videas,
823 529 914 570 belli
936 530 1151 571 simulacra
1171 531 1354 581 cienteis;

296 605 470 647 Fervere
490 621 615 661 quom
635 605 771 646 videas
791 604 973 654 classem,
1004 604 1163 660 lateque
1183 606 1341 662 vagari3

149 759 333 792 Lucretium
356 760 470 790 imitari
490 759 613 791 videtur
637 760 828 800 Propertius,
852 760 872 792 i.

148 815 198 844 14.
215 815 266 843 21.

239 874 271 897 Et
283 872 410 898 miserum
421 876 470 897 toto
481 874 611 904 juvenem
623 881 731 898 versare
741 873 828 904 cubili,

271 913 341 945 Quid
353 913 474 938 relevant
487 913 574 938 variis
584 915 666 939 serica
677 914 807 939 textilibus
815 915 828 938 ἒ

144 973 163 1003 i.
181 983 206 1003 e.
223 980 319 1015 φαρεσι
335 980 574 1012 πεποικιλμενοις,
591 973 726 1003 vestibus
739 983 798 1004 acu
811 974 874 1012 plc-

146 1025 268 1062 turatis,
290 1026 444 1055 tertilibus
469 1024 604 1065 denique
624 1027 773 1065 picturis-5
799 1025 877 1056 adeo

146 1083 181 1107 ut
199 1077 326 1107 Heinsii
348 1077 538 1118 conjectura,
562 1077 815 1118 ingeniosissima
838 1079 875 1108 li-

146 1134 206 1166 cet,
232 1130 371 1167 Phariis,
395 1139 451 1168 pro
466 1131 561 1160 variis
577 1130 705 1168 scilicet,
728 1130 768 1160 ad
783 1130 874 1161 illum

144 1179 249 1210 locum
279 1179 367 1210 nullo
396 1185 486 1220 pacto
514 1180 624 1211 debeat
650 1180 786 1212 admitti.
831 1182 875 1212 Et

147 1232 308 1262 neminem
333 1231 417 1270 latet,
452 1234 543 1263 lineis
572 1232 772 1270 vestimentis,
810 1243 875 1262 non

144 1283 220 1313 item
247 1284 483 1321 versicoloribus,
516 1283 692 1323 AEgyptum
717 1283 873 1314 celebrari.

147 1333 302 1373 Denique,
330 1333 447 1373 Dictyn
473 1334 666 1373 Cretensem,
689 1335 732 1365 iii.
756 1339 785 1366 3.
809 1346 875 1366 rec-

144 1383 207 1414 tius
222 1384 457 1423 intel-punctum
480 1386 710 1424 praestabimus:
738 1390 760 1405 “
777 1387 875 1426 Dein,

145 1439 167 1454 “
182 1439 282 1468 animi
286 1438 473 1478 jactatione,
486 1438 622 1477 saucius,
635 1440 697 1469 huc
708 1439 784 1470 illuc
794 1441 876 1471 ober-

142 1492 164 1507 “
180 1501 254 1520 rans
262 1489 297 1520 .·'‘
308 1490 445 1529 pulchre.
476 1491 675 1521 Constructio
685 1497 743 1522 est:
760 1495 781 1510 ‘⁴
792 1492 877 1522 Dein

145 1544 168 1559 “
184 1541 318 1579 saucius,
343 1543 490 1572 oberrans
505 1543 567 1572 huc
593 1543 668 1573 illuc
685 1554 755 1583 prce
778 1544 877 1574 animi

147 1597 169 1612 “
180 1593 392 1633 jactatione:”
417 1605 487 1634 quae
502 1593 625 1624 videtur
647 1594 780 1625 editores
795 1595 876 1626 latu-

144 1645 212 1675 isse.
263 1645 368 1675 Adeas
383 1646 477 1676 etiam
494 1646 602 1677 Valer.
620 1647 721 1678 Flacc.
738 1647 786 1678 vii.
803 1652 853 1679 21.

190 1695 268 1726 Ibid.
293 1698 477 1727 cubandum.
524 1698 628 1736 Bene3
653 1709 728 1729 nam
744 1710 874 1739 usurpa-

146 1753 197 1777 tur
212 1758 270 1778 vox
286 1747 324 1778 de
333 1751 455 1788 oegrotz's
470 1749 669 1789 potissimum
684 1751 876 1782 decumben-

147 1799 237 1829 tibus
282 1799 417 1836 Tullius,
435 1800 527 1831 Tusc.
540 1801 637 1841 dispp.
655 1802 686 1832 ii.
697 1806 746 1832 24.
771 1806 792 1821 ‘⁸
810 1804 875 1834 Ita-

146 1854 169 1870 “
186 1862 246 1892 que
262 1853 417 1889 narrabat,
442 1863 516 1882 eum
538 1854 672 1893 graviter
695 1860 726 1883 et
752 1855 874 1894 copiose

146 1905 166 1919 ⁸⁶
184 1901 223 1931 de
245 1903 305 1931 hoc
333 1903 601 1941 ipso—cubantem
633 1904 873 1944 disputavisse:”

148 1953 243 1983 modo
258 1961 364 1984 autem
380 1955 510 1993 dixerat,
535 1960 557 1974 “
574 1967 648 1986 eum
660 1963 796 1997 graviter
811 1969 876 1989 esse

149 2008 170 2021 “
187 2005 335 2044 oegrum.'’
383 2006 435 2037 Sic
460 2007 633 2037 Horatium
655 2009 782 2048 capiunt
814 2011 874 2040 As-

145 2057 267 2086 censius
283 2063 313 2086 et
330 2058 505 2089 scholiastes
523 2059 732 2100 Cruquianus,
757 2062 798 2092 ad
821 2068 875 2094 sat.

150 2107 169 2138 ἰ.
189 2112 217 2139 9.
238 2112 284 2139 18.

178 2177 266 2201 Trans
282 2177 404 2201 Tiberim
423 2177 502 2209 longe
518 2178 593 2202 cubat
608 2180 639 2209 is,
665 2186 748 2212 prope
766 2181 878 2205 Caesaris

256 2217 358 2241 hortos.

189 2272 264 2302 Ver.
287 2276 338 2304 57.
359 2285 454 2313 gazoe.
500 2276 647 2307 Dubitari
675 2289 739 2309 non
765 2286 875 2318 potest,

152 2323 288 2353 Horatio
311 2331 414 2355 totum
437 2328 522 2357 hunc
537 2328 643 2360 locum
660 2331 694 2360 in
711 2331 809 2362 oculis
824 2332 875 2362 fu-

149 2374 219 2411 isse,
242 2375 283 2404 ad
298 2375 346 2406 od.
362 2377 395 2407 ii.
418 2381 464 2408 16.
482 2383 508 2410 9.
525 2380 559 2409 in
573 2382 710 2412 versibus
736 2383 876 2423 impense

152 2427 296 2456 suavibus
311 2434 342 2457 et
356 2428 506 2460 delicatis:

246 2501 304 2524 Non
315 2501 387 2525 enim
395 2508 482 2533 gaze,
499 2509 586 2535 neque
596 2506 737 2531 consularis

247 2539 392 2565 Submovet
405 2541 483 2565 lictor
493 2543 600 2568 miseros
611 2545 744 2570 tumultus

244 2580 350 2609 Mentis,
367 2584 394 2605 et
407 2582 496 2611 Curas,
512 2582 629 2615 laqueata
641 2585 743 2610 circum

371 2622 441 2645 Tecta
453 2622 574 2647 volantis.

196 2681 267 2713 Ver.
283 2687 334 2714 58.
358 2695 469 2725 neque:
496 2686 531 2716 L.
560 2687 609 2717 M.
634 2700 812 2722 ¹nea—nec:
841 2691 878 2721 L.

156 2732 203 2762 M.
247 2739 281 2766 Δ.
316 2746 419 2776 neque.
480 2737 562 2767 Vide
601 2739 810 2772 Arntzenium
841 2743 879 2773 ad

158 2785 265 2816 Aurel.
281 2787 311 2815 V
314 2786 363 2817 ict.
380 2799 408 2826 p.
429 2792 498 2819 145.
729 2788 745 2790 ‘⁸

199 2835 280 2867 Ibid.
301 2840 401 2877 gloria
430 2843 526 2880 regni.
563 2842 612 2871 Ita
640 2843 670 2872 S.
698 2844 878 2883 Matthaeus,

157 2885 420 2922 iv.8.—321muw
446 2906 526 2932 oev-rqu
558 2906 656 2928 πασας
688 2909 741 2929 τας
774 2902 878 2928 ΒΑΣΙ-

157 2946 274 2976 ΛΕΙΑΣ
292 2957 329 2976 *8
345 2960 446 2986 κισ-με,
466 2962 514 2979 ’,αι
533 2963 581 2982 τῆν
599 2956 733 2982 ΔΟΞΑΝ
750 2966 850 2983 ewrw-

961 760 1035 791 Ver.
1050 764 1101 792 59.
1124 772 1215 800 super
1238 768 1301 792 est:
1330 768 1369 792 Π.
1395 766 1428 794 Σ.
1451 774 1587 803 superes;
1614 771 1645 795 et

917 812 1080 853 subjungit
1094 811 1198 843 literas
1215 819 1256 843 11.
1281 824 1326 852 as,
1350 814 1437 854 quasi
1461 814 1504 845 sic
1526 815 1643 846 lectum

918 873 1041 893 versum
1055 863 1214 894 voluisset:

1012 930 1091 962 Quod
1102 934 1184 963 ,rupem
1200 931 1244 955 has
1254 931 1345 957 animo
1355 938 1504 964 quoque—-

920 993 1032 1032 Porro,
1054 993 1094 1024 ad
1109 994 1205 1024 finem
1219 994 1334 1031 versus,
1361 1002 1405 1026 Ω.
1420 997 1513 1026 habet
1527 1003 1578 1028 est.

963 1046 1040 1076 Ver.
1057 1049 1107 1076 40.
1118 1057 1192 1085 per:
1212 1046 1251 1076 V.
1264 1046 1310 1076 ed.
1321 1057 1417 1086 puer:
1436 1048 1521 1078 etita
1532 1048 1646 1088 saepius

920 1097 972 1128 ille
987 1097 1064 1128 liber
1079 1097 1203 1129 insanit.

960 1151 1034 1180 Ver.
1051 1153 1101 1180 41.
1124 1152 1194 1180 belle·
1207 1152 1372 1181 simulacra
1389 1154 1522 1183 cientez's.
1567 1153 1644 1183 Huc

917 1201 1024 1231 oculos
1034 1200 1188 1240 Virgilius
1195 1200 1386 1237 intendebat,
1398 1202 1439 1232 ad
1450 1203 1525 1233 AEn.
1535 1213 1562 1233 v.
1573 1207 1635 1235 585
1641 1227 1646 1233 .

1048 1262 1195 1291 pugnaeque
1204 1259 1269 1283 cient
1279 1258 1415 1283 simulacra
1426 1260 1474 1284 sub
1485 1260 1578 1284 armis:

920 1328 951 1352 et
964 1322 1093 1360 ibidem,
1116 1332 1177 1352 ver.
1194 1326 1213 1353 6
1217 1325 1265 1353 74.

981 1382 1041 1414 Qua
1052 1382 1115 1407 ludo
1127 1382 1237 1407 indutus
1247 1382 1302 1408 belli
1313 1382 1450 1408 simulacra
1460 1383 1549 1408 ciebat.

922 1446 1005 1476 Rem
1020 1446 1153 1477 eandem
1167 1452 1252 1477 vates
1263 1456 1406 1477 summus
1415 1447 1541 1488 attingit
1551 1447 1645 1479 etiam

921 1497 960 1527 ad
976 1497 1050 1527 AEn.
1066 1497 1106 1528 xi.
1123 1501 1192 1529 660.

951 1570 1048 1601 Quales
1060 1569 1166 1595 Threicii
1177 1577 1262 1601 quum
1274 1570 1386 1596 flumina
1396 1571 1610 1597 Thermodontis

951 1610 1068 1640 Pulsant,
1084 1613 1111 1634 et
1114 1609 1185 1641 fictis
1197 1609 1324 1634 bellantur
1334 1612 1486 1636 Amazones
1496 1611 1586 1637 armis:

918 1673 965 1704 uti
981 1683 1038 1704 nos
1052 1683 1090 1704 ex
1112 1673 1240 1713 ingenio
1254 1673 1411 1704 verissime
1433 1674 1539 1705 locum
1553 1675 1641 1706 resti-

919 1726 1051 1762 tuimus,
1074 1724 1114 1754 ad
1130 1724 1204 1755 silv.
1220 1724 1296 1755 Crit.
1318 1725 1361 1755 iii.
1376 1736 1405 1764 p.
1423 1729 1473 1757 94.

919 1776 1029 1812 Porro,
1053 1776 1086 1805 in
1112 1775 1299 1816 quibusdam
1322 1776 1493 1815 codicibus,
1524 1784 1555 1808 et
1576 1779 1641 1809 edi-

919 1829 1004 1859 tione
1019 1829 1206 1868 Veronensi,
1234 1831 1320 1860 hunc
1334 1841 1457 1860 versum
1472 1838 1646 1872 sequuntur

918 1879 991 1915 duo,
1015 1880 1097 1910 varie
1112 1880 1195 1919 lecti,
1218 1881 1272 1921 qui
1294 1891 1332 1911 ex
1354 1883 1495 1922 margine
1516 1890 1643 1914 contex-

918 1937 988 1961 tum
1011 1931 1165 1970 invasere;
1188 1933 1242 1963 sed
1268 1933 1303 1963 in
1324 1933 1445 1964 duabus
1468 1945 1506 1964 ex
1531 1937 1645 1966 nostris

918 1985 1109 2015 membranis
1123 1985 1245 2015 diverso
1263 1992 1448 2024 atramento,
1471 1992 1502 2017 et
1515 1989 1642 2028 grandi-

919 2036 1024 2066 oribus
1038 2035 1144 2072 literis‚
1163 2039 1259 2067 νοέειων
1276 2037 1348 2066 satis
1362 2037 1583 2077 indicantibus,
1598 2039 1643 2070 lc-

918 2093 1037 2128 guntur
1051 2087 1176 2118 exarati.
1223 2088 1274 2118 Sic
1289 2088 1354 2118 fere
1369 2089 1554 2120 constitutos
1563 2090 1641 2122 Pius

918 2139 952 2169 in
967 2139 1109 2170 ordinem
1124 2139 1262 2171 admisit:

951 2213 1073 2238 Subsidiis
1085 2213 1188 2245 magnis
1199 2213 1304 2245 Epicuri
1314 2213 1504 2244 constabilitas,

950 2254 1063 2277 Ornatas
1073 2253 1153 2277 armis
1164 2256 1275 2283 statuas,
1290 2253 1451 2284 stanteisque
1462 2254 1601 2279 animatas.

921 2316 1097 2347 Varietates
1118 2323 1225 2347 autem
1248 2316 1390 2346 lectionis
1416 2317 1570 2347 morosius
1593 2328 1640 2348 re·

920 2379 1054 2405 censere,
1082 2374 1114 2398 et
1127 2369 1190 2398 otio
1211 2368 1336 2408 proprio
1352 2374 1381 2398 et
1401 2368 1551 2399 lectorum
1568 2377 1645 2400 esset

919 2420 1135 2450 molestissime
1150 2420 1314 2451 abutentis.

961 2472 1038 2501 Ver.
1065 2474 1115 2501 42.
1145 2473 1277 2502 classem.
1320 2472 1444 2501 Festus:
1484 2474 1506 2488 ‘⁴
1533 2473 1644 2502 Classis

921 2522 1115 2552 “veteribus
1135 2522 1313 2553 eaeercitus.”
1361 2522 1494 2560 Servius,
1517 2526 1643 2563 equites.

920 2573 993 2613 Ego
1008 2574 1058 2603 hic
1071 2573 1131 2603 loci
1147 2573 1266 2604 retineo
1281 2573 1542 2614 significationem
1557 2585 1641 2607 com-

921 2634 1062 2655 munem.
1108 2625 1273 2655 Horatius:

1015 2698 1122 2722 scandit
1132 2702 1228 2722 aeratas
1239 2697 1332 2722 vitiosa
1343 2705 1429 2722 naves

1015 2738 1096 2767 Cura,
1112 2743 1161 2762 nec
1173 2741 1270 2761 turmas
1281 2737 1391 2770 equitum
1403 2739 1539 2770 relinquit.

1420 2780 1642 2811 Bex‘rnzxus.

925 2852 1094 2889 Caeterum,
1120 2851 1171 2881 hic
1196 2862 1301 2883 versus
1326 2852 1364 2883 de
1388 2854 1485 2884 Nonii
1507 2855 1641 2885 testimo-

924 2903 988 2937 nio,
1011 2913 1084 2933 voce
1089 2903 1200 2944 servit,
1223 2904 1276 2944 qui
1298 2905 1342 2935 ibi
1365 2906 1494 2944 protulit
1519 2917 1556 2936 ex
1578 2907 1643 2935 Lu-

924 2955 1007 2984 cretii
1024 2954 1161 2987 secundo
1176 2955 1266 2994 libro,
1290 2957 1322 2987 in
1338 2963 1519 2988 contextum
1546 2956 1642 2987 edito-
