1894 3253
641 253 874 302 LIBER
922 249 1230 302 PRIMUS.

1592 253 1680 294 115

337 390 505 430 Summa
528 388 579 429 sit
599 386 777 437 infinita,
800 395 954 436 tamen,
975 384 1216 440 parvissima
1235 395 1329 440 quae
1349 388 1459 430 sunt,

335 463 404 504 Ex
424 462 594 503 infinitis
615 461 863 503 constabunt
881 460 1065 516 partibus
1085 473 1216 515 aeque.

335 537 478 587 Quod,
501 537 696 593 quoniam
718 535 822 576 ratio
843 534 1038 575 reclamat
1058 548 1175 583 vera,
1199 540 1404 589 negatque

221 616 302 652 625
338 612 518 653 Credere
537 626 656 665 posse
676 611 878 660 animum,
900 609 1029 649 victus
1048 607 1200 648 fateare
1220 621 1382 647 necesse
1400 613 1475 656 est,

338 686 437 727 Esse
459 700 521 735 ca,
544 699 637 740 quae
658 684 778 726 nullis
791 684 879 739 jam
900 683 1076 739 praedita
1094 681 1280 737 partibus
1300 688 1478 729 exstent,

337 759 393 801 Et
412 757 596 799 minuma
618 766 808 800 constent
827 757 991 798 natura:
1024 771 1118 812 quae
1138 757 1334 811 quoniam
1355 763 1465 804 sunt,

336 833 411 874 Illa
430 847 594 889 quoque
613 847 698 873 esse
719 831 794 872 tibi
816 830 959 880 solida,
982 839 1105 886 atque
1124 837 1294 879 aeterna,
1316 828 1541 870 fatendum.

396 908 606 963 Denique,
629 907 673 947 ni
693 906 898 947 minumas
918 906 962 945 in
982 905 1133 961 parteis
1153 912 1302 945 cuncta
1320 903 1464 945 resolvi

226 987 309 1023 630
342 982 504 1039 Cogere
525 988 757 1022 consuesset
776 994 914 1021 rerum
935 987 1083 1021 natura
1103 979 1295 1028 creatriX,

338 1056 433 1098 Jam
454 1055 557 1096 nihil
577 1070 630 1095 ex
650 1055 726 1096 illis
748 1054 892 1096 cadem
913 1069 1104 1109 reparare
1123 1053 1289 1094 valeret:

339 1130 582 1186 Propterea,
605 1130 716 1185 quia,
739 1144 832 1185 quae
853 1128 973 1170 nullis
994 1137 1090 1170 sunt
1109 1128 1294 1183 partibus
1314 1136 1449 1177 aucta,

193 1304 366 1340 silentium,
391 1302 465 1332 licet
483 1302 535 1332 vix
550 1301 709 1342 ambigem
725 1310 778 1331 eos
793 1300 922 1341 reliquis

193 1367 257 1388 non
279 1355 438 1396 refragari,
463 1364 481 1384 a
505 1353 668 1384 contextus
691 1353 922 1385 mutationibus

192 1423 231 1444 ex
246 1412 375 1453 ingenio
395 1422 448 1441 me
474 1411 647 1441 consultius
674 1421 741 1441 esse
764 1415 919 1450 tempera-

193 1469 301 1495 turum
316 1463 500 1495 existimavi.

236 1517 311 1547 Ver.
329 1521 400 1548 650.
426 1522 541 1548 natura
559 1516 700 1546 creatrix.
729 1513 924 1555 Anthologia

195 1571 267 1602 Lat.
299 1570 409 1599 Burm.
433 1568 472 1598 iv.
499 1570 551 1598 47.
576 1570 605 1597 1.
628 1567 708 1597 hanc
732 1565 924 1596 locutionem

196 1626 342 1652 mutuata
356 1625 410 1650 est.

228 1707 354 1730 Humano
366 1703 458 1736 generi
467 1703 556 1735 legem
567 1705 662 1726 natura
673 1701 786 1725 creatrix

258 1746 333 1769 Hanc
340 1742 424 1773 dedit,
431 1746 462 1767 ut
469 1741 569 1766 tumuli
578 1742 700 1766 membra
709 1741 813 1772 sepulta
821 1743 924 1773 tegant.

240 1815 315 1845 Ver.
331 1818 402 1845 652.
425 1815 537 1844 nullis:
563 1813 606 1842 ita
629 1812 666 1842 P.
690 1811 789 1841 Vind.
820 1812 861 1841 G.
887 1812 928 1842 V.

199 1866 247 1896 ed.
264 1866 301 1895 Β.
319 1870 356 1895 Δ.
375 1871 416 1894 Π.
432 1869 466 1895 Σ.
486 1870 530 1893 Ω.
553 1863 590 1892 L.
607 1862 661 1892 sed
679 1863 725 1892 M.
741 1864 838 1892 nulli:
864 1862 931 1892 edi-

199 1924 282 1947 tores
298 1922 414 1951 autem‚
432 1913 660 1953 exemplaribus
685 1913 816 1952 scriptis,
839 1920 929 1953 quot-

201 1974 278 2010 quot
301 1973 433 2003 exstant,
460 1965 714 2002 reclamantibus,
740 1975 778 1994 ex
804 1964 932 2005 ingenio

200 2019 355 2050 dederunt
365 2020 487 2052 multz's;
507 2022 647 2046 mentem
663 2016 762 2054 po'e‘tae
778 2025 843 2045 non
858 2015 932 2045 satis

200 2076 392 2111 perspectam
415 2070 571 2098 habentes
626 2067 794 2097 Lucretius
823 2067 932 2108 utique

201 2131 359 2162 opponere
373 2120 440 2150 vult
451 2119 574 2156 atomis,
588 2118 636 2148 vel
647 2121 782 2149 minimis
795 2119 930 2158 corpori-

202 2175 272 2212 bus,
289 2184 336 2212 ea,
354 2183 425 2213 quae
436 2173 660 2212 grandiuscula
686 2177 759 2200 sunt
779 2176 810 2200 et
825 2177 932 2201 tamen

202 2224 367 2264 simplicia,
394 2225 489 2254 nullis
515 2233 630 2261 nempe
656 2229 748 2253 aucta
769 2224 928 2262 partilium

203 2276 308 2317 qualia
324 2275 459 2305 affirmat
469 2285 536 2304 esse
549 2275 641 2304 rebus
652 2273 819 2314 gignendis
828 2274 935 2303 minus

203 2333 288 2366 apta:
315 2337 420 2356 rerum
437 2326 524 2356 enim
539 2325 654 2356 creatio
669 2335 734 2355 non
750 2325 857 2364 confit,
874 2325 934 2355 nisi

204 2388 244 2408 ex
267 2378 458 2417 corporibus,
483 2377 702 2417 grandioribus
718 2377 780 2407 illis
795 2377 934 2418 quidem,

205 2428 260 2459 sed
275 2439 345 2469 quae
361 2439 399 2458 ex
414 2429 554 2458 minimis
569 2428 747 2467 primordiis
769 2439 935 2469 coagmen-

205 2487 324 2518 tantur‚
352 2486 445 2520 atque
469 2480 502 2509 in
526 2480 634 2510 eadem
660 2480 770 2510 resolvi
793 2487 933 2519 possunt.

207 2534 258 2564 Ex
274 2534 412 2563 minimis
426 2532 523 2572 igitur
537 2531 698 2571 particulis
719 2541 783 2561 non
805 2532 937 2563 ulterius

207 2583 395 2621 dividendis,
407 2582 543 2612 invicem
559 2582 795 2621 cohaerentibus,
809 2589 839 2613 et
851 2594 936 2614 com-

207 2635 421 2672 miscentibus,
444 2634 551 2664 omnia
565 2634 796 2673 producuntur3
820 2645 884 2664 non
899 2645 937 2664 ex

208 2688 390 2727 corporibus
405 2686 556 2726 augmine
571 2685 693 2725 majori,
709 2695 778 2725 quae
792 2685 828 2716 in
842 2686 936 2716 mini-

209 2752 262 2771 ma
278 2740 447 2781 primordia
459 2750 490 2770 se
507 2739 632 2770 dissolvi
648 2745 773 2779 negant.

210 2792 321 2830 Porro,
338 2802 376 2822 ex
391 2791 530 2822 Lucretii
546 2790 712 2828 sententia,
729 2789 816 2820 aliud
828 2791 937 2825 obstat,

210 2853 273 2883 quo
290 2843 396 2874 minus
411 2853 550 2883 corpora,
574 2853 622 2872 res
637 2852 747 2872 omnes
761 2840 937 2878 efficientia,

211 2893 274 2923 sint
287 2894 464 2934 grandiora,
481 2900 512 2924 et
526 2893 640 2933 pariter
654 2892 830 2923 individua:
857 2892 938 2932 figu-

212 2955 262 2976 ras
289 2946 399 2987 utique
427 2946 615 2987 omnigenas
641 2956 695 2986 per
717 2956 749 2976 se
778 2946 939 2982 haberent,

966 1299 1109 1331 nondum
1125 1298 1232 1330 collisa
1247 1304 1339 1340 atque
1355 1298 1536 1330 intermixta
1542 1311 1552 1338 ;
1575 1301 1622 1332 uti
1638 1302 1693 1333 do-

965 1361 1014 1386 cet
1028 1360 1132 1385 noster
1146 1354 1178 1383 in
1190 1353 1221 1384 ii.
1234 1356 1307 1385 494.

1028 1448 1098 1479 Ergo
1108 1446 1207 1471 forma'i
1217 1446 1368 1470 novitatem
1380 1445 1497 1477 corporis
1506 1452 1624 1478 augmen

1029 1486 1211 1517 subsequitur.

970 1558 1016 1588 Iis
1031 1563 1150 1595 tamen,
1166 1557 1221 1598 qui
1237 1557 1408 1587 censebunt
1422 1557 1554 1588 minime
1569 1559 1618 1589 his
1632 1570 1699 1591 esse

969 1609 1244 1651 acquiescendum,
1274 1619 1340 1638 non
1363 1608 1601 1647 improbabilem
1623 1621 1698 1641 con-

967 1664 1123 1704 jecturam
1138 1662 1388 1703 propinabimus;
1411 1662 1508 1700 unde,
1524 1663 1620 1694 literis
1634 1665 1699 1695 col-

969 1715 1156 1755 liquefactis,
1171 1713 1264 1744 lectio
1278 1719 1400 1753 recepta
1414 1713 1505 1744 facile
1516 1715 1628 1746 exoriri
1643 1726 1699 1756 po-

971 1771 1062 1796 terat:

1260 1840 1337 1865 nullis
1349 1844 1411 1865 sunt
1422 1841 1538 1873 partibu’
1548 1845 1627 1868 secta.-

977 1907 1059 1937 Vide
1074 1916 1150 1938 verr.
1167 1910 1239 1938 554.
1256 1909 1328 1939 747.

1020 1958 1103 1989 Ibid.
1122 1960 1266 1999 partibus
1296 1965 1398 1989 aucta.
1448 1959 1619 1996 Arnobius‚
1649 1959 1703 1991 lib.

976 2009 1019 2039 iii.
1035 2020 1063 2048 p.
1084 2013 1153 2040 105.
1197 2013 1222 2027 “
1240 2009 1352 2050 Neque
1368 2009 1454 2039 enim
1469 2009 1532 2040 veri
1547 2017 1593 2040 est
1603 2011 1706 2042 simile

976 2064 997 2078 ‘⁵
1015 2060 1122 2090 haberi
1136 2061 1202 2090 haec
1218 2060 1344 2098 frustra,
1367 2066 1423 2090 aut
1451 2060 1657 2099 improvidam
1672 2062 1707 2092 in

976 2116 998 2131 “
1013 2112 1075 2142 illis
1094 2123 1187 2142 suave
1202 2112 1311 2143 ludere
1326 2112 1459 2142 voluisse
1475 2114 1646 2152 Naturam,
1669 2120 1707 2144 ut

978 2169 998 2183 “
1013 2175 1066 2195 eos
1080 2164 1129 2194 his
1137 2166 1281 2204 partibus
1296 2171 1469 2204 aggeraret,
1486 2165 1598 2205 quibus
1612 2172 1705 2196 uten-

977 2220 999 2235 “
1013 2216 1090 2246 dum
1105 2226 1170 2246 non
1185 2216 1264 2246 est.”
1298 2216 1394 2256 Lege,
1402 2218 1545 2256 partibus
1559 2224 1701 2256 augeret;

977 2278 1052 2298 nam
1082 2278 1147 2298 non
1172 2267 1394 2298 tantummodo
1423 2266 1463 2296 ad
1485 2267 1707 2298 Lucretianam

977 2319 1151 2349 orationem
1166 2318 1378 2359 effingendam
1400 2328 1433 2348 se
1455 2317 1571 2356 passim
1601 2319 1706 2348 Aruo-

977 2371 1049 2401 bius
1063 2370 1250 2410 composuit,
1273 2369 1327 2399 sed
1341 2370 1427 2399 hunc
1442 2368 1634 2408 ipsissimum
1659 2369 1705 2400 lo-

980 2432 1055 2451 cum
1069 2421 1191 2451 videtur
1206 2422 1246 2451 ob
1261 2420 1366 2450 oculos
1381 2414 1533 2449 habuisse.

1023 2474 1097 2504 Ver.
1113 2477 1184 2504 654.
1203 2475 1358 2513 pondera:
1386 2472 1425 2502 V.
1441 2471 1488 2501 ed.
1506 2472 1542 2500 Β.
1559 2473 1706 2510 pondere.

1021 2526 1097 2556 Ver.
1124 2527 1195 2556 655.
1228 2536 1316 2565 quos:
1342 2525 1385 2553 ita
1410 2530 1450 2553 Π.
1473 2522 1643 2561 verissime,
1670 2529 1708 2554 ut.

980 2577 1104 2617 opinor:
1132 2577 1169 2606 P.
1195 2575 1292 2605 Vind.
1310 2575 1349 2605 V.
1365 2574 1414 2604 ed.
1440 2575 1477 2604 B.
1494 2573 1541 2603 M.
1559 2578 1593 2603 Δ.
1609 2584 1703 2613 quas,-

981 2630 1020 2660 L.
1039 2635 1072 2660 Σ.
1091 2635 1136 2659 Ω.
1152 2633 1443 2668 qima—geruntur:
1476 2625 1513 2656 L.
1533 2632 1706 2665 genuinum

980 2680 1070 2720 cujus
1080 2687 1187 2710 tamen
1199 2679 1274 2709 fides
1285 2689 1380 2717 penes
1391 2678 1646 2717 Havercampum
1656 2679 1708 2718 sit,

981 2741 1075 2772 quem
1091 2730 1263 2760 necessario
1278 2729 1311 2759 in
1327 2729 1375 2759 his
1389 2730 1481 2759 rebus
1495 2729 1664 2770 sequimur.

1024 2787 1099 2817 Ver.
1116 2790 1186 2819 636.
1208 2797 1329 2817 rerum:
1356 2791 1391 2817 Δ.
1405 2798 1563 2817 summam.

1024 2839 1099 2869 Ver.
1127 2842 1198 2870 657.
1227 2840 1303 2870 solo:
1330 2839 1367 2869 B.
1397 2841 1478 2870 caelo.
1526 2839 1581 2868 An
1611 2835 1709 2867 voluit

982 2892 1083 2922 caeco?
1108 2891 1129 2921 i.
1147 2901 1172 2921 e.
1189 2900 1227 2921 ex
1239 2893 1422 2931 primordiis
1437 2893 1525 2924 ccecis
1550 2890 1644 2932 igni5‚
1672 2893 1708 2919 ut

983 2943 1075 2980 infra,
1091 2953 1151 2973 ver.
1168 2946 1258 2974 1103.
