1894 3253
537 215 772 264 LIBER
819 212 1232 263 SECUNDUS.

1548 223 1571 260 »ὓ

1579 222 1604 261 §a

1610 221 1637 262 Ὦ

172 355 254 392 860
286 351 439 393 Omnia
461 351 540 392 sint
561 366 585 391 a
605 348 816 405 principiis
837 347 1036 402 sejuncta,
1059 360 1221 388 necesse
1241 355 1318 398 est3

287 425 528 467 Inmortalia
548 426 580 466 si
600 424 786 466 volumus
808 421 1054 477 subjungere
1074 422 1195 462 rebus

287 500 588 550 Fundamenta,
615 498 762 555 quibus
783 497 938 537 nitatur
959 509 1120 536 summa
1140 495 1292 536 salutis:

286 574 352 616 Ne
372 575 445 615 tibi
466 589 529 615 res
550 572 720 614 redeant
740 570 792 612 ad
819 567 997 610 nihilum
1018 568 1204 610 funditus
1225 585 1380 612 omnes.

343 648 468 689 Nunc
489 663 551 697 ea,
574 661 668 703 quae
689 645 840 687 sentire
859 643 1047 684 videmus
1068 658 1290 700 quomque,
1313 659 1475 686 necesse
1494 653 1570 696 est,

169 728 249 763 865
283 722 350 763 Ex
369 722 627 763 insensilibus
647 728 789 762 tamen
812 718 954 760 omnia
975 717 1198 759 confiteare

286 796 505 851 Principiis
526 802 729 836 constare:
761 807 895 849 neque
915 792 959 833 id
980 791 1196 834 manifesta
1215 792 1409 844 refutant,

284 871 374 912 Nec
394 877 538 912 contra
557 876 762 926 pugnant,
784 868 828 908 in
847 874 1047 922 promptu
1067 867 1234 924 cognita
1253 882 1346 923 quae
1367 875 1480 918 sunt;

657 1028 731 1058 Hoc
746 1026 870 1066 plenius

139 1080 285 1119 exprimit
314 1089 423 1110 vocem
451 1079 566 1116 eddam,
597 1079 630 1109 in
657 1078 731 1109 nota
754 1088 869 1118 praece-

139 1131 232 1161 dente
247 1131 444 1161 declaratam.

182 1191 256 1221 Ver.
274 1194 345 1221 858.
367 1202 435 1231 qua?
450 1202 557 1231 quom:
584 1190 682 1221 vind.
699 1190 740 1220 V.
764 1189 810 1219 ed.
834 1194 868 1219 Δ.

138 1252 345 1282 quencumque.
391 1242 456 1272 Pro
470 1249 583 1278 tamen,
607 1241 759 1271 editiones
780 1241 867 1270 exhi-

136 1294 220 1328 bent,
248 1300 355 1323 contra
386 1293 491 1331 libros,
517 1295 657 1329 tandem;
681 1292 735 1322 sed
760 1291 806 1321 vis
831 1304 869 1322 ere

137 1351 251 1383 tamen,
279 1355 348 1385 quae
364 1350 550 1375 correctores
568 1344 669 1380 latuit,
697 1344 741 1374 ita
768 1348 869 1384 potest

139 1396 289 1427 enarrari:
319 1400 341 1415 “
361 1399 436 1431 Quae
457 1403 575 1427 tamen.-
612 1396 631 1426 i.
655 1407 680 1426 e.
707 1402 869 1437 utcunque

181 1028 256 1058 Ver.
273 1032 345 1059 856.
367 1031 463 1059 simili
484 1031 611 1059 ratione.

136 1454 158 1469 “
178 1461 210 1480 se
240 1461 288 1481 res
324 1451 413 1481 aliter
442 1452 554 1480 habeat
583 1460 658 1480 cum
688 1449 785 1487 illis;”
819 1449 870 1479 vel

139 1506 161 1521 “
177 1512 240 1542 quo
254 1502 349 1532 modo
371 1512 495 1542 cunque
511 1502 642 1531 demum
660 1501 693 1530 in
717 1500 786 1531 aliis
800 1501 867 1530 affi-

138 1557 161 1572 “
177 1554 459 1593 ciantur3--quum
478 1553 541 1583 sint
563 1552 780 1583 mortalia—.'’
827 1553 870 1583 Et

139 1604 194 1634 fini
209 1604 314 1634 versus
328 1604 538 1644 praecedentis,
555 1615 612 1643 pro
626 1604 725 1634 cauda
741 1604 867 1642 scilicet,

138 1656 270 1687 editores
284 1664 310 1687 et
329 1656 537 1697 agglutinant,
561 1656 666 1686 invitis
683 1655 868 1696 exemplari-

138 1709 197 1739 bus
215 1709 354 1739 vetustis.

182 1768 256 1798 Ver.
272 1771 345 1799 859.
372 1768 437 1798 Res
459 1773 505 1797 est
527 1767 642 1798 criseos
663 1766 868 1805 difficillimae,

139 1817 178 1848 de
192 1818 364 1848 lectionum
388 1819 422 1848 in
442 1820 501 1849 hoc
522 1829 612 1849 versu
636 1818 869 1849 constituenda-

140 1878 213 1898 rum
227 1869 348 1899 ratione
363 1869 494 1899 fidenter
508 1870 723 1909 pronunciare.
761 1870 870 1906 Viam,

141 1931 195 1959 per
225 1932 320 1962 quam
349 1922 509 1952 lenissime
545 1922 716 1953 decurrunt
751 1923 869 1960 omnia,

141 1983 214 2003 cum
241 1974 397 2004 editorum
423 1985 556 2005 numero
582 1975 670 2005 nobis
692 1975 787 2005 etiam
809 1975 869 2005 ini-

140 2026 219 2056 visse
234 2026 361 2065 placuit,
382 2037 486 2057 coram
501 2027 667 2058 lectoribus
689 2028 869 2058 exhibitam.

142 2077 206 2107 Hae
243 2085 316 2108 sunt
352 2085 458 2109 autem
502 2080 661 2119 scripturae
698 2079 869 2110 varietates,

141 2131 248 2160 Molli:
275 2140 384 2161 omnes
399 2130 480 2167 libri,
504 2133 756 2171 M'olliffi—putri
774 2143 868 2162 cava:

144 2184 384 2220 1'1.]›utricana;
409 2182 506 2213 Vind.
525 2183 566 2213 V.
584 2183 630 2213 ed.
647 2188 682 2215 Σ.
698 2190 745 2214 Ω.
764 2185 869 2224 putri-

143 2244 235 2270 cava;
273 2235 326 2265 sed
361 2246 401 2265 an
430 2236 506 2266 ferri
534 2237 630 2276 possit
660 2247 777 2267 nomen
811 2237 871 2268 hoc

145 2285 240 2314 modo
253 2287 470 2325 compositum,
493 2299 604 2326 necne,
629 2288 807 2319 dubitanter
822 2289 870 2319 af-

146 2335 350 2373 firmaverim,
372 2343 403 2366 et
417 2338 567 2376 suspicor,
589 2340 759 2370 secundam
777 2340 869 2380 sylla-

145 2387 219 2417 bam
248 2394 317 2417 tum
346 2389 470 2418 brevem
498 2389 639 2420 futuram
665 2401 742 2429 esse,
771 2398 807 2422 ut
835 2393 871 2422 in

147 2440 342 2475 multicavus5
377 2439 507 2480 ideoque
537 2441 702 2471 stationem
726 2452 816 2473 suam
839 2443 873 2474 in

146 2499 237 2519 versu
261 2499 326 2519 non
351 2490 441 2521 facile
465 2491 805 2525 defensuram—raro.-
832 2495 870 2526 P.

146 2552 220 2571 rara
227 2556 238 2577 ;
268 2542 358 2582 cujus
382 2541 550 2581 dispositio,
582 2543 653 2574 licet
678 2544 872 2585 aliquantulo
917 2557 937 2569 “

148 2593 281 2623 coactior
301 2594 340 2623 sit
362 2599 455 2634 atque
476 2595 629 2626 horridior
649 2597 783 2636 recepta,
807 2608 872 2628 non
917 2608 937 2620 ‘⁶

148 2644 288 2675 multum
303 2644 455 2685 displicet:

165 2727 266 2758 Mollia,
275 2728 358 2759 lenta,
368 2729 484 2761 fragosa,
495 2730 568 2762 putri
579 2737 645 2755 cava
656 2738 778 2763 corpore,
789 2740 860 2757 rara.

153 2802 201 2832 Re
215 2803 271 2835 diu
285 2805 443 2846 solideque
469 2817 595 2837 mecum
618 2807 779 2846 pensitat&
805 2808 873 2837 vul-

153 2853 233 2892 gatis
246 2856 390 2896 equidem
405 2858 535 2888 omnino
547 2858 803 2899 acquiescendum
815 2869 874 2898 pu-

153 2909 230 2935 tem:
255 2906 310 2938 sed
323 2907 457 2941 aliorum
472 2910 566 2942 etiam
581 2910 677 2943 libera
697 2912 737 2944 sit
751 2918 874 2944 senten-

913 1024 966 1055 tia.
1014 1023 1106 1054 Certe
1136 1024 1179 1054 sic
1208 1034 1297 1054 voces
1326 1024 1459 1064 singulae
1484 1025 1641 1056 cohaerent

913 1075 1042 1114 optime,
1067 1081 1160 1115 atque
1182 1075 1316 1105 invicem
1332 1076 1527 1115 respondent.
1573 1077 1640 1108 No-

913 1127 1002 1156 mina
1025 1129 1125 1158 lentus
1151 1133 1182 1157 et
1207 1129 1304 1158 mollis
1326 1128 1439 1166 passim
1455 1129 1642 1168 promiscue,

912 1185 948 1209 ut
963 1179 1096 1209 minime
1110 1179 1326 1218 discrepantia,
1340 1182 1482 1220 usurpari
1498 1184 1640 1223 pro-flea:-

913 1231 976 1267 ills,
992 1230 1011 1259 i.
1028 1240 1053 1259 e.
1069 1230 1191 1260 curvari
1206 1230 1317 1268 facilis,
1334 1241 1391 1261 nec
1406 1238 1513 1262 tamen
1527 1233 1648 1274 frangi;

911 1280 945 1310 id
960 1281 993 1310 in
1009 1280 1104 1320 plano
1127 1287 1181 1317 est,
1205 1291 1308 1321 neque
1331 1283 1479 1322 exemplis
1493 1295 1524 1314 se
1539 1285 1642 1315 decla-

911 1333 972 1363 rari
989 1333 1132 1373 postulat.
1179 1333 1231 1363 De
1252 1347 1289 1365 ‘re
1316 1346 1389 1366 cava
1418 1336 1544 1376 insuper
1569 1349 1643 1369 cum

911 1396 984 1415 raro
1001 1384 1218 1415 convenientia
1233 1385 1322 1416 nulla
1343 1386 1382 1417 lis
1398 1388 1584 1420 movebitur:
1612 1396 1643 1421 at

901 1436 1035 1476 fragosa
1051 1446 1107 1475 pro
1123 1436 1262 1477 fragilia
1278 1438 1357 1467 bene
1372 1443 1461 1476 stare,
1485 1442 1646 1479 probabile

912 1486 999 1524 facit,
1027 1487 1170 1527 quamvis
1196 1486 1269 1517 alibi
1284 1497 1343 1517 vox
1366 1499 1430 1519 non
1456 1499 1644 1531 compareat,

912 1538 1042 1567 verbum
1054 1537 1234 1579 frugescere
1249 1538 1333 1578 apud
1351 1539 1506 1577 Nonium,
1524 1543 1555 1572 ii.
1570 1547 1644 1576 529.

912 1599 968 1628 pro
977 1588 1095 1629 frangi
1109 1589 1157 1619 bis
1173 1589 1271 1619 Accio
1286 1589 1471 1627 adhibitum,
1488 1598 1518 1622 et
1534 1593 1644 1625 efidem

912 1641 942 1670 vi
951 1641 1126 1681 fragiscere
1143 1641 1376 1672 Pacuvianum:
1404 1653 1443 1673 ne
1459 1644 1560 1675 dicam
1565 1646 1642 1686 fra-

910 1704 1015 1732 gosam
1038 1695 1206 1724 orationem
1234 1694 1335 1731 Fabii,
1363 1701 1439 1726 orat.
1457 1696 1540 1727 instt.
1556 1698 1597 1728 ix.
1614 1702 1643 1729 4.

913 1745 994 1774 nihil
1008 1745 1094 1776 aliud
1111 1745 1298 1786 significare,
1315 1757 1408 1787 quam
1415 1748 1558 1787 fractam
1574 1761 1643 1781 ora-

913 1797 1043 1832 tionem,
1058 1796 1276 1836 interruptam,
1290 1799 1526 1831 subsultantem.
1551 1802 1647 1834 Tales

914 1854 987 1878 sunt
1001 1848 1230 1890 etiamfragosi
1240 1860 1341 1880 versus
1352 1851 1437 1889 apud
1452 1853 1645 1886 Diomedem

914 1900 1168 1941 grammaticum,
1192 1901 1243 1931 lib.
1260 1901 1303 1932 iii.
1318 1913 1347 1941 p.
1364 1907 1436 1935 449.
1460 1905 1514 1936 sed
1534 1917 1582 1937 res
1597 1908 1645 1947 ip.

913 1963 946 1982 sa
960 1953 1112 1993 longioris
1127 1952 1350 1993 disquisitionis
1372 1965 1436 1986 non
1451 1957 1573 1989 videtur
1594 1960 1643 1991 in-

914 2004 1029 2045 digere.
1073 2005 1197 2035 Verum
1227 2005 1307 2035 adsit
1335 2012 1454 2046 tamen,
1489 2012 1647 2043 coronidis

914 2056 1078 2096 cujusdam
1092 2055 1174 2094 loco,
1197 2056 1361 2097 Virgilius,
1378 2059 1453 2090 AEn.
1468 2060 1519 2092 vii.
1535 2066 1610 2094 567.

1234 2137 1379 2169 medioque
1386 2139 1512 2170 fragosus

945 2175 997 2199 Dat
1009 2175 1128 2200 sonitum
1139 2176 1222 2206 saxis,
1233 2180 1261 2201 et
1272 2180 1346 2202 torto
1356 2178 1469 2209 vertice,
1479 2182 1600 2206 torrens:

913 2240 933 2270 i.
949 2251 977 2271 e.
999 2244 1022 2259 “
1038 2246 1171 2280 torrens,
1194 2242 1285 2282 cujus
1299 2242 1394 2273 undae
1410 2244 1490 2274 saxis
1505 2250 1535 2275 et
1550 2248 1641 2277 verti-

915 2296 938 2311 “
953 2292 1051 2331 cibus,
1081 2293 1156 2324 inde
1185 2295 1308 2330 exortis,
1346 2295 1576 2328 interciduntur
1608 2309 1644 2330 ac

915 2348 937 2363 “
953 2345 1174 2384 rumpuntur.''
1219 2346 1270 2376 Ea
1295 2353 1341 2377 est
1365 2350 1554 2380 constructio
1577 2361 1643 2382 ver-

916 2399 1039 2428 borum.

917 2448 1078 2489 Denique,
1100 2449 1145 2479 ita
1166 2450 1350 2491 singillatim
1366 2454 1556 2492 exponendae
1572 2461 1645 2486 sunt

915 2501 1098 2531 Lucretiani
1113 2502 1219 2532 versus
1240 2509 1351 2542 partes,
1378 2511 1408 2534 et
1434 2505 1640 2545 accipiendaez

953 2552 1035 2588 Quae
1048 2554 1130 2583 lenta
1147 2560 1231 2592 sunt,
1247 2556 1287 2584 ob
1302 2556 1456 2586 mollitiem
1468 2556 1498 2586 vi
1513 2557 1645 2597 impres-

951 2613 993 2632 sae
1008 2603 1135 2642 cedunt,
1148 2610 1179 2635 et
1191 2605 1294 2635 subire
1305 2607 1493 2637 mutationes
1502 2616 1646 2647 possunt:

917 2661 937 2674 “
951 2667 1023 2697 quae
1026 2657 1159 2698 fragosa
1176 2665 1260 2697 sunt,
1277 2665 1307 2689 et
1321 2660 1454 2700 fragilia,
1466 2669 1644 2701 putrescen-

917 2713 937 2725 “
952 2710 989 2738 do
1005 2718 1043 2738 ex
1058 2709 1087 2738 vi
1101 2709 1251 2748 adhibita,
1267 2710 1315 2740 vel
1326 2721 1469 2749 processu
1484 2716 1644 2753 temporis,

918 2763 938 2776 ‘⁵
953 2767 1210 2799 corrumpuntur:
1240 2772 1309 2802 quae
1338 2774 1411 2794 cava
1442 2770 1526 2803 sunt,
1557 2776 1644 2796 com-

919 2816 938 2829 “
955 2812 1047 2850 primi
1062 2820 1191 2852 possunt
1206 2821 1235 2844 et
1250 2816 1406 2854 pertundi,
1423 2818 1462 2847 ob
1477 2819 1645 2849 raritatem.

920 2867 939 2880 “
956 2863 1032 2893 Jam
1057 2874 1130 2895 vero
1162 2865 1408 2905 impenetrabilia
1434 2869 1496 2898 sint
1522 2880 1644 2899 necesse

921 2919 940 2933 “
957 2920 1012 2951 est,
1039 2915 1229 2957 incorrupta,
1254 2926 1285 2949 et
1307 2919 1515 2950 immutabilia
1537 2920 1643 2957 etiam,
