1894 3253
706 263 766 310 T.
821 262 1202 312 LUCRETII

346 395 496 438 Inritat
515 394 642 437 animi
665 394 872 443 virtutem,
896 393 1123 452 ecfringere
1143 405 1190 438 ut
1210 405 1300 439 arta

346 471 519 513 Naturae
539 469 696 524 primus
716 476 931 523 portarum
954 469 1129 512 claustra
1149 473 1320 527 cupiret.

346 545 460 601 Ergo
480 543 615 584 vivida
635 543 693 583 vis
713 543 841 584 animi
860 544 1045 598 pervicit,
1068 553 1108 586 et
1128 553 1245 588 extra
1306 571 1319 586 ι

343 619 546 660 Processit
564 618 687 675 longe
701 617 955 660 flammantia
974 621 1129 662 moenia
1148 622 1315 672 mundi;

199 761 343 799 dixerim,
359 762 398 791 ob
411 760 654 791 similitudinem
669 761 841 798 sententiae,
858 762 924 792 Lu-

197 814 331 844 cretium
352 813 386 843 in
410 813 517 843 animo
538 814 692 850 habuisse,
716 815 773 844 sub
796 824 926 844 suorum

200 865 379 905 ingressum
395 865 601 896 Arateorum:

233 925 310 947 Nunc
322 926 401 947 vacat
411 923 521 948 audaces
531 923 557 947 in
569 924 658 948 coelum
670 924 752 948 tollere
764 924 868 948 vultus.

198 974 252 1004 Ad
266 973 507 1003 illustrationem
528 983 602 1003 vero
617 972 758 1003 Lucretii
780 973 926 1002 Alcimus

197 1026 311 1056 Avitus
327 1036 453 1065 operam
469 1025 630 1066 egregiam
645 1024 780 1061 navabit,
797 1024 835 1055 iv,
854 1027 926 1054 220.

224 1087 294 1110 Cum
306 1085 404 1115 subito,
414 1084 507 1109 clausis
517 1084 629 1114 foribus,
640 1088 724 1109 tamen
734 1084 816 1116 aliger
828 1084 921 1114 intrat,

223 1125 399 1156 conspicuuS,
409 1125 480 1149 claro
491 1124 660 1156 resplendens
671 1125 783 1148 nuncius
795 1131 850 1149 ore.

224 1165 369 1194 Horrescit,
379 1164 437 1188 visu
449 1167 526 1188 tanto
537 1164 704 1195 perterritus,
716 1164 793 1188 heros
803 1172 810 1193 ;

223 1204 394 1234 Mortalisque
405 1203 491 1228 oculus
501 1210 642 1235 personam
654 1203 725 1227 ferre
735 1210 879 1234 supernam

222 1244 277 1268 Vix
288 1244 376 1274 valet;
393 1247 420 1268 et
432 1243 523 1275 pavidi
534 1243 680 1275 detorquent
691 1242 794 1267 lumina
805 1243 904 1267 vultus.

193 1293 235 1324 In
249 1293 352 1332 primo
368 1302 457 1322 versu
472 1292 568 1333 vulgo
579 1292 694 1333 legitur
708 1299 794 1330 tunc,
811 1303 921 1333 quam-

191 1345 237 1375 vis
252 1352 316 1376 tum
340 1345 373 1374 in
390 1343 500 1375 ezidem
515 1344 642 1384 periodo
665 1345 770 1374 statim
792 1355 920 1384 praeces-

191 1403 284 1428 serat:
319 1396 479 1428 mendose.
535 1397 632 1427 Error
662 1402 728 1426 erat
752 1396 854 1427 facilis
884 1408 921 1427 ex

191 1447 343 1487 scriptura
363 1448 511 1478 breviore.
556 1448 600 1478 Et
621 1447 735 1478 ultimo
751 1459 853 1486 versu,
869 1451 920 1480 de-

189 1506 341 1540 torquent,
366 1510 424 1539 pro
445 1502 612 1540 detorquet,
637 1499 832 1538 scripsimus3
856 1506 921 1530 tam

191 1550 347 1592 elegantia
356 1551 520 1590 sermonis,
531 1562 626 1592 quam
638 1552 838 1591 proprietate,
855 1564 920 1583 cas—

189 1603 375 1644 tigationem
390 1610 530 1634 nostram
552 1603 834 1643 deposcente.—In
857 1615 918 1635 ver.

190 1659 240 1686 68.
257 1656 298 1686 V.
314 1655 361 1686 ed.
377 1658 529 1687 absistere.

232 1707 306 1738 Ver.
325 1712 375 1739 69.
386 1719 490 1748 neque.
548 1708 598 1738 Sic
610 1708 649 1739 V.
666 1708 714 1738 ed.
733 1708 770 1738 B.
782 1708 817 1739 P.
830 1715 860 1740 et
872 1717 917 1741 Ω·

183 1759 237 1789 alii
251 1770 324 1790 nec:
351 1764 382 1789 et
397 1759 524 1789 tertium
549 1771 604 1790 nec
619 1760 735 1790 omittit
764 1767 804 1791 Π.
852 1762 916 1793 Ne-

188 1821 250 1850 que
265 1811 352 1850 potui
368 1821 432 1841 non
448 1811 612 1842 admittere
634 1813 796 1853 egregiam
818 1815 917 1844 Bent-

188 1860 241 1890 leii
264 1862 517 1893 emendationem
529 1862 615 1903 fana
640 1874 697 1903 pro
708 1864 816 1905 fama,
833 1865 918 1896 nude

189 1913 366 1952 ascriptam,
389 1920 419 1943 et
434 1914 640 1951 indefensam,
665 1916 714 1945 sui
731 1917 920 1956 exemplaris

189 1964 342 2004 margini,
365 1965 436 2004 quis
451 1965 536 1994 enim
558 1971 674 1996 temere
689 1966 803 1997 dixerit
817 1967 919 2008 legiti-

190 2026 282 2046 mum
293 2027 402 2046 sonare
412 2017 657 2057 phrasemfitma
671 2017 759 2048 (leiim
772 2019 789 2048 ,Ρ
816 2020 921 2055 Quam

190 2077 263 2098 vero
292 2077 409 2106 pronus
437 2078 523 2097 error
552 2067 647 2098 fuerit
672 2070 921 2110 exscriptoribus,

190 2119 292 2160 quivis
317 2119 474 2159 extemplo
498 2120 608 2151 videat.

190 2171 426 2212 appositissime,
443 2172 482 2203 ad
494 2183 521 2203 v,
537 2176 586 2204 75.

662 2121 827 2153 Lucretius
852 2123 917 2163 ipse

221 2231 255 2255 Et
267 2231 361 2262 quibus
372 2231 416 2256 ille
426 2232 512 2256 modis
523 2232 616 2257 divom
628 2236 717 2258 metus
729 2233 867 2259 insinuarit

221 2273 346 2301 Pectora;
363 2274 495 2296 terrarum
508 2273 554 2303 qui
565 2273 591 2296 in
603 2274 660 2297 orbi
671 2279 762 2299 sancta
774 2278 867 2299 tuetur

222 2313 302 2340 Fanu,
313 2311 394 2341 lacus,
406 2311 490 2342 lucos,
501 2319 567 2342 aras,
578 2313 773 2345 simulacraque
783 2314 887 2338 divum.

194 2360 258 2390 Ubi
281 2367 386 2392 tamen
409 2361 505 2392 editio
527 2362 682 2402 princeps,
705 2374 761 2403 per
787 2364 920 2394 eandem

192 2413 412 2452 corruptelam,
418 2413 512 2453 sama
529 2415 662 2446 exhibet.

234 2464 315 2496 Ibid.
331 2467 492 2496 minitanti
514 2477 677 2497 murmure.
724 2466 843 2497 Iisdem
865 2478 919 2497 vo-

192 2515 278 2546 cibus
301 2528 395 2547 usum
421 2517 510 2548 video
537 2519 686 2549 Marcum
712 2519 858 2549 Tullium
886 2519 919 2549 in

194 2567 335 2607 Arateis;
359 2576 390 2600 et
411 2569 571 2610 eleganter
592 2570 731 2611 quidem,
755 2577 791 2601 ut
813 2573 920 2602 omnia

193 2620 321 2660 ubique,
337 2621 391 2652 ille
406 2623 587 2654 mortalium
598 2623 884 2665 eloquentissimus:

224 2687 277 2711 Nec
289 2691 415 2713 metuunt
424 2696 504 2715 canos
514 2690 644 2715 minitanti
654 2697 785 2715 murmure
796 2691 902 2716 fluctus.

193 2734 338 2765 Gemello
359 2747 501 2768 sermone
517 2739 658 2778 Flaccus,
674 2740 722 2770 od.
735 2740 766 2770 ii.
782 2744 807 2770 l.
828 2743 875 2771 17.

252 2795 311 2825 Jam
323 2801 395 2819 nunc
407 2795 499 2820 minaci
510 2804 639 2822 murmure
650 2805 782 2822 cornuum

253 2834 405 2866 perstringis
416 2841 500 2859 aures·

238 2882 314 2913 Ver.
331 2887 381 2915 71.
405 2884 502 2914 Hanc
525 2886 779 2917 constitutionem
804 2887 923 2925 versus,

192 2944 288 2975 quam
317 2945 354 2964 ex
381 2935 564 2965 auctoritate
590 2936 741 2967 librorum
767 2938 921 2975 dederim,

190 2985 352 3025 proprium
367 2996 498 3017 acumen
515 2987 633 3028 ingenii
657 2988 743 3027 prius
758 2989 920 3028 expedive-

969 768 1027 793 rat.
1074 764 1254 795 Verborum
1277 764 1419 795 ordinem
1442 767 1580 805 praebent
1605 766 1644 797 G.
1661 767 1700 798 B.

969 817 1007 847 L.
1024 817 1071 846 M.
1090 822 1126 847 A.
1143 823 1184 847 Π.
1205 822 1238 849 Σ.
1255 817 1338 847 solus
1361 823 1395 848 Σ.
1412 817 1624 858 conjecturam
1647 818 1699 848 fir-

970 877 1045 906 mat,
1068 869 1229 910 effringere
1246 869 1383 899 scribens
1405 880 1461 909 pro
1483 870 1695 911 corifm'ngerm

971 932 1067 961 quam
1075 926 1180 950 tamen
1190 921 1394 951 necessariam
1404 921 1538 951 reddidit
1554 922 1700 952 codicum

972 973 1067 1003 modo
1078 979 1323 1003 memoratorum
1337 973 1423 1003 ratio.
1450 974 1490 1003 In
1502 973 1538 1003 P.
1550 973 1589 1004 V.
1603 974 1650 1004 ed.
1664 979 1701 1004 A.

974 1031 1014 1055 Π.
1032 1029 1068 1056 Σ.
1086 1024 1163 1054 ordo
1175 1030 1221 1053 est
1236 1026 1413 1061 verborum,
1430 1023 1543 1055 Irritcit
1558 1027 1699 1055 vz'rtutem

966 1077 1082 1106 animi:
1111 1082 1156 1105 Ω.
1172 1077 1309 1106 irritant.
1354 1075 1535 1113 Terentius,
1561 1075 1697 1115 Adelph.

967 1126 987 1156 i.
1004 1131 1032 1156 2¹.
1052 1130 1080 1156 8.
1104 1127 1248 1165 phrasem
1263 1126 1424 1168 qffrz'ngere
1440 1129 1575 1158 claustra
1588 1133 1699 1167 porta-

965 1188 1033 1207 rum
1050 1177 1182 1207 stabilit:

1030 1246 1099 1267 Fores
1110 1244 1216 1276 effregit,
1228 1247 1310 1275 atque
1321 1244 1347 1268 in
1360 1244 1432 1269 aedes
1443 1241 1519 1269 irruit

1028 1283 1141 1308 A'ienas.

969 1332 1060 1363 Idem
1075 1333 1149 1363 facit
1168 1333 1295 1369 Seneca,
1314 1333 1412 1363 Herc.
1431 1333 1492 1363 fur.
1507 1335 1559 1364 47.

1034 1391 1148 1423 Effregit,
1160 1399 1222 1416 ecce
1233 1393 1239 1416 !
1258 1392 1333 1416 limen
1346 1391 1442 1416 inferni
1454 1392 1534 1423 Jovis.

1151 1441 1238 1458 .....

967 1497 989 1512 “
1001 1504 1095 1533 quam
1108 1493 1193 1529 foris,
1201 1501 1300 1533 porta·
1313 1493 1582 1534 ffrz‘izgebantzto·.''
1600 1493 1697 1524 Plau-

966 1551 1025 1582 tus,
1045 1546 1190 1585 Amphit.
1208 1546 1248 1575 iv.
1264 1550 1291 1576 2.
1309 1550 1339 1576 6.

1100 1598 1167 1620 Penc
1179 1596 1306 1627 effregisti,
1317 1596 1403 1626 fatue,
1409 1596 1512 1627 sot-ibus
1523 1596 1649 1621 cardines.

964 1636 1104 1674 Tacitus,
1120 1647 1193 1666 aun.
1210 1636 1230 1666 i.
1250 1640 1298 1666 21.
1316 1640 1338 1654 “
1357 1637 1547 1666 Adcurritur
1569 1638 1608 1667 ab
1624 1635 1697 1666 uni-

965 1691 985 1705 “
1001 1688 1112 1722 versiS;
1135 1693 1175 1723 et,
1192 1698 1312 1718 carcere
1327 1686 1461 1727 effracto,
1487 1687 1613 1717 solvunt
1627 1687 1698 1716 vin-

965 1739 1102 1769 “cula.’‘
1152 1738 1332 1776 Petronius,
1369 1749 1435 1777 cap.
1461 1742 1511 1769 78.
1536 1741 1557 1756 “
1584 1738 1698 1777 Itaque

963 1794 984 1809 ‘⁴
1002 1791 1122 1831 vigiles,
1146 1791 1199 1831 qui
1213 1790 1428 1820 custodiebant
1443 1790 1579 1820 vicinam
1594 1789 1696 1830 regio-

963 1845 985 1860 “
998 1852 1083 1880 nem,
1100 1842 1158 1871 rati
1170 1842 1276 1872 ardere
1289 1841 1534 1871 Trimalchionis
1549 1841 1702 1878 domum,.

964 1897 985 1912 “
1001 1894 1184 1936 effregerunt
1197 1895 1336 1934 januam
1351 1893 1485 1923 subit0.''
1533 1894 1571 1929 Q.
1591 1891 1699 1923 Curti-

963 1957 1011 1982 us,
1027 1946 1065 1977 iv,
1082 1950 1110 1977 5.
1130 1950 1177 1977 17.
1200 1950 1224 1965 “
1242 1947 1423 1986 Quumque,
1443 1944 1534 1985 portc‘i
1556 1945 1697 1986 effractd,

967 2001 989 2015 “
1006 1999 1115 2027 cohors
1129 1997 1345 2027 Macedonum
1359 1995 1534 2026 intrassetss’
1581 1996 1698 2028 Videas

965 2048 1083 2078 Lucan.
1099 2049 1137 2078 vi.
1154 2051 1225 2079 574.
1636 2080 1639 2083 ,
1670 2053 1672 2055 “

968 2100 1055 2130 Mihi
1082 2100 1187 2130 videor
1211 2100 1385 2130 discernere
1412 2109 1553 2129 caussam
1578 2099 1697 2130 ordinis

961 2154 1138 2190 verborum,
1155 2153 1207 2192 qui
1225 2152 1258 2182 in
1274 2152 1362 2182 libris
1377 2151 1505 2181 obtinet.
1550 2150 1694 2182 Librario

962 2204 1101 2242 cuidam,
1135 2214 1197 2234 non
1225 2203 1351 2233 indocto
1377 2212 1512 2241 prorsus,
1543 2200 1695 2232 inciderat

964 2255 1123 2296 cogitatio,
1148 2255 1274 2285 finalem
1300 2253 1409 2284 tvocis
1432 2249 1545 2283 inritat
1577 2253 1693 2283 melius

963 2307 1107 2337 sustineri
1123 2307 1160 2337 ea
1174 2307 1291 2337 caesura
1305 2306 1454 2346 potuisse,
1471 2316 1541 2346 quae
1556 2306 1590 2335 in
1606 2305 1695 2337 tertii

963 2359 1050 2399 pedis
1065 2359 1165 2399 prima
1181 2359 1297 2399 syllaba
1312 2358 1405 2398 longe
1428 2357 1624 2389 usitatiorem
1645 2357 1695 2388 lo-

963 2421 1037 2441 cum
1059 2412 1162 2447 habet,
1190 2417 1220 2441 et
1242 2411 1307 2451 agit
1336 2409 1536 2439 validissime.
1580 2409 1692 2445 Porro,

962 2474 1019 2503 pro
1033 2470 1079 2502 ut,
1097 2469 1133 2494 Δ.
1151 2470 1195 2498 et,·
1222 2469 1253 2493 et
1268 2463 1300 2492 in
1317 2472 1409 2492 versu
1431 2466 1581 2501 sequente
1602 2472 1694 2500 cupe-

963 2522 1008 2547 ret
1027 2516 1065 2546 G.
1083 2516 1120 2546 B.
1134 2516 1170 2546 L.
1186 2522 1306 2555 caperet
1321 2522 1360 2545 Π.
1372 2513 1524 2544 Priscian.
1542 2523 1571 2543 x.
1583 2514 1693 2552 vulga·-

964 2568 1004 2598 tis
1026 2567 1193 2598 consentit:
1221 2573 1252 2597 et
1267 2566 1286 2596 l.
1302 2566 1354 2596 vii.
1370 2566 1463 2595 habet
1477 2565 1551 2606 fidi
1571 2563 1611 2593 ad
1626 2573 1689 2593 ver.

966 2624 1014 2650 86.
1031 2619 1116 2660 quod
1131 2630 1216 2650 serus
1230 2629 1354 2648 moneo.

1009 2666 1090 2702 Ibid.
1113 2670 1230 2702 Inritcit
1252 2671 1353 2700 animi
1375 2671 1523 2699 virtutem.
1569 2666 1609 2695 In
1632 2667 1689 2696 hac

964 2723 1090 2752 sublimi
1120 2722 1326 2761 descriptione
1356 2716 1554 2753 elaboranda,
1580 2716 1690 2747 nullus

962 2774 1108 2814 equidem
1124 2774 1242 2809 dubito,
1259 2777 1404 2804 nostrum
1427 2769 1460 2798 in
1475 2767 1575 2798 oculis
1590 2769 1690 2797 habu*-

967 2826 1026 2856 isse
1041 2826 1143 2856 leonis
1159 2822 1323 2856 Homerici
1339 2820 1522 2860 imaginem,
1538 2819 1579 2849 ad
1594 2818 1632 2848 11.
1651 2825 1690 2849 τ.

971 2879 1040 2907 168.

1011 2946 1334 2971 ———·er÷gi
1347 2935 1369 2961 ·.-“
1379 2943 1452 2969 ωςξος
1466 2934 1566 2961 oaorem:

1001 2989 1124 3018 Γιγγετοει,
1139 2994 1158 3010 εν
1170 2985 1195 3011 δε
1205 2992 1233 3011 «2⁴5
1243 2984 1264 3009 ol
1274 2984 1364 3019 21325‘126
1376 2991 1448 3009 στεγει
1461 2986 1570 3013 αλκιμον
1582 2990 1645 3014 πτας.
