1894 3253
217 467 434 515 Feralem
460 467 558 515 Oh!
596 467 801 524 utinam,
827 467 1020 515 deamas
1044 469 1127 530 qui
1152 468 1323 516 militis
1345 482 1492 527 arma,

280 565 340 612 In
363 575 449 613 tua
473 566 681 615 nutrires
703 565 821 623 fata,
846 565 1095 630 Tyranne,
1118 583 1403 631 gregem.—

215 663 311 721 Tu,
338 664 480 711 Fon!
515 672 723 728 perstes:
761 664 999 728 vigilaces
1018 681 1186 711 exsere
1207 682 1362 712 curas.

279 762 556 809 Prodimur:
594 763 786 827 imperii
807 763 1032 810 machina
1054 762 1180 810 fessa
1201 763 1348 811 labat.

213 860 383 918 Queis,
403 861 620 919 adverte,
644 862 772 909 notis
798 861 993 909 Aurora
1012 861 1303 925 crepuscula
1325 861 1519 926 tinguat
1528 882 1542 920 3

278 959 445 1022 thue
471 976 596 1007 novo
621 962 794 1008 rubeat
828 977 943 1008 mox
968 961 1152 1008 oritura
1176 961 1270 1008 die.

213 1056 272 1102 In
297 1064 347 1103 te
365 1056 493 1104 forte
519 1057 664 1105 situm
690 1066 781 1116 est,
806 1075 867 1105 an
887 1058 956 1106 sol
982 1057 1251 1122 fulgentior
1275 1058 1387 1115 ibit,

277 1153 473 1202 Obruet
498 1172 558 1202 an
583 1156 742 1203 noctis
763 1156 958 1203 densior
981 1157 1152 1203 umbra
1174 1155 1358 1219 polum.

213 1253 392 1299 Fausta
416 1253 501 1300 sed
526 1254 773 1302 eveniant!
817 1254 903 1301 lux
929 1271 1080 1318 ocyus
1104 1254 1275 1316 irriget
1293 1253 1417 1300 alma

278 1351 564 1414 Squalentes
591 1368 804 1415 campos,
831 1360 881 1399 et
902 1352 1012 1399 loca
1035 1352 1174 1415 pigra
1198 1352 1320 1399 situ!

211 1449 319 1497 Jam
347 1458 555 1508 certent,
580 1450 704 1498 male
728 1451 825 1498 fida
850 1450 1040 1508 cohors,
1075 1450 1355 1513 Poenaeque,
1393 1448 1677 1512 Metusque,

278 1547 504 1612 Totaque
527 1550 790 1608 barbaries,
815 1550 1089 1598 occuluisse
1108 1549 1281 1612 caput!

212 1647 511 1695 Nascentem
536 1649 667 1696 haud
691 1649 828 1696 nullo
853 1656 902 1697 te
926 1648 1049 1696 vidit
1077 1648 1262 1694 lumine
1290 1646 1457 1694 Musa:

279 1744 503 1803 Sustulit,
527 1763 583 1794 ac
609 1749 778 1810 tepido
801 1748 925 1795 fovit
949 1747 1105 1794 amica
1129 1746 1253 1793 sinu.

214 1843 373 1889 Prima
396 1850 512 1890 aetas
537 1844 723 1891 medios
746 1845 875 1892 inter
899 1844 1084 1891 nutrita
1105 1843 1320 1907 lepores:

278 1940 551 2004 Jam'pueri
577 1941 768 1988 Aonius
791 1942 975 2006 proluit
999 1958 1081 1988 ora
1099 1941 1249 1988 latex.

217 2037 297 2085 Tu
321 2055 419 2085 non
444 2039 670 2102 injiceres
694 2039 918 2088 volitanti
937 2038 1134 2087 vincula
1158 2038 1331 2094 menti,

282 2136 378 2183 Sed
403 2137 583 2185 sineres
608 2139 764 2202 spatio
787 2138 1013 2187 liberiore
1038 2137 1151 2184 frui.

216 2234 470 2282 Dilectum
497 2235 682 2284 Phoebo
707 2237 1076 2285 Phoebichorus
1101 2236 1257 2284 omnis
1282 2242 1522 2283 amarent:

283 2333 653 2397 Reptarentque
679 2351 888 2393 sacrum,
912 2343 961 2382 te
985 2342 1257 2398 praeeunte,
1281 2350 1468 2381 nemus.

217 2430 402 2478 Omnes
429 2432 731 2480 Castalidum
749 2447 908 2497 neque
934 2433 1094 2481 cultor
1118 2432 1416 2480 humillimus
1440 2440 1590 2479 annos

279 2529 494 2578 Vomere
520 2531 587 2579 sic
613 2532 765 2580 sterili
790 2532 1057 2580 solicitaret
1074 2532 1294 2579 humum.

220 2626 439 2675 Horrent
462 2630 784 2694 magnanimae
808 2648 1015 2695 regnum
1040 2630 1212 2679 servile
1237 2645 1444 2677 sorores:

282 2724 424 2773 Heu!
461 2726 566 2791 lyra
589 2736 797 2778 terrores
821 2730 968 2788 inter,
993 2737 1043 2778 et
1067 2746 1215 2787 arma,
1241 2728 1364 2775 silet.

220 2822 434 2886 Anglica
458 2840 556 2872 non
580 2826 745 2876 Latias
769 2845 949 2877 novere
973 2828 1152 2892 palatia
1177 2826 1367 2873 Musas:

283 2920 382 2968 Ista
407 2921 578 2971 domus
601 2923 768 2989 friget,
806 2926 956 2975 Graia
974 2926 1239 2975 ,Camoenal
1275 2923 1380 2971 tibi.
