1894 3253
571 249 807 298 LIBER
856 248 1273 299 SECUNDUS.

1582 255 1610 293 10

1615 256 1642 294 10

1648 256 1674 295 G>

330 382 383 423 Et
403 383 526 424 variae
546 384 744 434 volucres,
767 398 936 424 nemora
956 382 1046 424 avia
1065 380 1354 438 pervolitantes

216 462 291 498 145
324 458 436 498 Affira
455 473 529 512 per
550 466 753 509 tenerum,
775 458 937 514 liquidis
958 458 1046 498 loca
1067 457 1233 498 vocibus
1253 455 1440 510 obplent;

324 531 463 580 Quam
485 532 619 574 subito
640 533 764 574 soleat
784 533 844 573 sol
864 539 978 573 ortus
1004 539 1190 585 tempore
1210 529 1280 570 tali

179 701 364 740 penultimo,
388 701 503 741 legitur
517 701 624 741 vulgo,
642 703 766 732 limine:
791 701 831 731 de
847 699 908 742 quai

179 753 300 783 solenni
315 752 488 782 scribarum
502 753 744 792 permutatione,
762 753 907 784 Draken-

179 805 324 835 borchius
350 804 390 834 ad
419 803 472 834 Sil.
496 804 535 834 It.
552 804 590 834 iv,
609 807 679 835 105.
703 810 734 834 et
756 804 809 834 alii
835 805 908 835 alibi

178 855 292 895 plures.

223 906 304 938 Ibid.
328 910 455 949 liquidis
472 909 599 939 vocibus.

178 959 198 990 ἰ.
215 963 286 991 410.

645 908 809 949 Virgilius,
841 918 909 949 geo,

209 1035 285 1058 Tum
297 1033 406 1065 liquidas
417 1033 493 1058 corvi
503 1040 591 1065 presso
602 1037 643 1058 ter
654 1037 765 1066 gutture
776 1041 862 1064 voces,

211 1074 266 1098 Aut
277 1078 383 1103 quater,
395 1074 579 1105 ingeminant:

182 1137 234 1167 ubi
250 1137 326 1167 levis
352 1148 436 1167 error
459 1137 572 1167 insedit
592 1137 690 1168 Serin
715 1144 906 1168 commenta.

181 1190 248 1220 riis:
276 1193 297 1208 “
314 1189 377 1220 laeti
396 1200 433 1219 ex
458 1196 592 1220 venturae
607 1190 837 1231 propinquitate
860 1201 907 1221 se-

181 1246 202 1261 “
218 1242 388 1272 renitatis.''
435 1241 553 1282 Vulgo,
569 1241 705 1272 venturu.

224 1292 305 1323 Ibid.
327 1295 392 1323 loca
410 1294 527 1323 vocibus
541 1294 667 1332 obplent.
694 1292 787 1322 Idem
803 1293 907 1328 Maro,

180 1354 248 1385 geo.
263 1344 301 1374 iv.
318 1348 390 1375 515.

405 1411 572 1436 moestislate
583 1411 636 1436 loca
647 1411 772 1443 questibus
782 1411 869 1444 inplet.

221 1475 296 1504 Ver.
316 1478 384 1505 146.
408 1481 537 1514 tempore
556 1477 622 1505 tali.
668 1475 751 1506 Redi
766 1475 804 1505 ad
820 1475 839 1505 i.
857 1479 908 1506 94.

180 1531 213 1556 et
227 1525 270 1556 ibi
286 1525 377 1555 nobis
391 1525 484 1556 dicta.

224 1577 300 1606 Ver.
330 1579 399 1606 147.
434 1578 619 1607 Couvest'ire:
663 1584 703 1608 Π.
737 1580 905 1616 comitere,-

182 1628 677 1670 mendosissime.-pe⁷fuuclens.·
719 1630 758 1659 V.
787 1630 834 1661 ed.
870 1631 906 1661 P.

178 1680 378 1720 profundens.

226 1732 309 1763 Ibid.
347 1735 514 1764 convestire
539 1736 615 1764 luce.
661 1734 780 1773 Habes,
805 1734 912 1774 lector,

184 1784 447 1823 speciosissimum
463 1786 591 1823 poeticae
606 1785 773 1816 locutionis
790 1786 910 1817 florem.

188 1836 238 1866 Sic
265 1836 542 1876 PsalmographuS,
569 1837 625 1867 civ.
650 1842 678 1867 2.
709 1848 746 1867 ex
772 1838 912 1868 versione

184 1888 279 1918 LXX
311 1888 397 1918 virali
427 1888 466 1918 de
495 1889 912 1929 ,ἶεὴονὶιῑ-αναέαλλομενος

187 1946 294 1977 ΦΩΣ,
311 1942 346 1974 ὣς
361 1943 543 1972 ἹΜΑΤΙΟΝ.
574 1943 759 1973 Lucretium
775 1945 912 1975 Arnobi-

184 2002 235 2030 us,
256 1992 340 2032 quod
355 1992 482 2029 adsolet,
499 1993 640 2023 aemul'ari
655 1994 764 2033 voluit,
779 1995 831 2026 lib.
848 1996 867 2026 i.
883 2004 911 2035 p.

185 2047 214 2073 2.
239 2047 261 2061 ‘⁴
278 2044 350 2082 Ipse
366 2044 504 2074 siderum
519 2048 562 2075 sol
576 2046 727 2085 princeps,
744 2047 834 2086 cujus
848 2059 910 2077 om-

186 2098 208 2112 “
222 2097 277 2125 m'a
303 2097 370 2126 luce
399 2099 580 2134 vestiuntur,
610 2104 703 2138 atque
732 2099 912 2129 animantur

187 2149 209 2164 “
225 2146 356 2176 calore.”
401 2148 522 2178 Locum
540 2148 666 2188 Virgilii
688 2151 913 2189 perplexiorem

187 2198 246 2227 hac
271 2198 432 2229 occasione
454 2209 581 2238 operam
596 2200 740 2230 dabimus
753 2209 911 2232 construc-

186 2248 280 2278 tionis
294 2250 475 2289 expeditum
489 2251 641 2292 linquere,
666 2254 738 2284 [ΕΠ.
754 2255 792 2283 vi.
809 2258 880 2285 640.

217 2325 327 2356 Largior
338 2326 397 2352 heic
408 2328 502 2360 campis
513 2329 610 2360 aether,
624 2333 652 2355 et
664 2330 758 2355 lumine
768 2331 851 2356 vestis

218 2366 368 2396 Purpureo:

189 2438 259 2467 quae
270 2435 354 2466 sunt,
370 2428 404 2458 ni
414 2430 563 2467 fallimur,
575 2432 669 2472 longe
681 2433 836 2474 longeque
850 2435 912 2465 ele-

189 2479 340 2519 gantiora.
364 2479 482 2521 Vulg0‚
498 2493 626 2522 campos,
643 2490 674 2513 et
687 2487 781 2515 vestit.
813 2486 913 2516 Haud

189 2529 283 2559 dubie
298 2540 422 2561 versum
439 2533 609 2572 exprimere
623 2535 722 2565 voluit
738 2536 910 2575 Ausonius,

190 2581 229 2611 M
231 2581 316 2611 osell.
337 2586 386 2613 12.

189 2656 282 2680 Pur-ior
292 2657 344 2682 heic
353 2658 448 2690 campis
458 2662 506 2683 αεὶ·
513 2667 524 2687 ,·
544 2659 712 2692 Phoebusque
727 2669 819 2688 sereno

190 2696 296 2721 Lumine
304 2701 461 2730 purpureum
473 2701 634 2731 reseratjam
645 2702 725 2726 sudus
737 2703 896 2735 Olympum.-

191 2759 300 2791 Addas
322 2761 517 2801 Ciceronem,
545 2763 584 2794 de
613 2771 681 2795 nat.-
702 2765 783 2796 deor.
809 2765 841 2797 ii.
861 2771 910 2797 44.

191 2811 281 2851 cujus
296 2813 443 2853 Heynius
457 2816 602 2846 meminit
615 2817 656 2847 ad
668 2817 794 2858 Virgilii
809 2818 828 2849 l.
843 2829 868 2849 c.

221 2884 320 2915 Quem,
331 2893 413 2917 quom
424 2893 555 2920 perpetuo
564 2890 679 2914 vesuvit
689 2891 784 2916 lumine
796 2891 881 2923 Titan,

221 2922 338 2950 Brumali
349 2926 459 2953 flectens
469 2932 631 2961 contorquet
641 2934 765 2962 tempore
775 2937 894 2957 currum.

953 699 1004 729 Sic
1018 699 1134 729 iterum
1149 698 1183 729 in
1201 698 1334 735 Arateis,
1358 708 1418 729 ver.
1434 702 1502 730 1526.
1525 699 1568 729 ita
1582 700 1676 730 corri-

951 750 1086 791 gcndus:

984 831 1050 853 Haec
1063 828 1104 853 Sol
1113 831 1219 853 aeterno
1229 827 1356 853 convestit
1369 827 1463 852 lumine
1474 828 1597 858 lustrans,

983 870 1080 894 Annua
1091 868 1235 894 conficiens
1246 869 1382 893 vertentia
1393 872 1515 899 tempora
1529 875 1616 893 curru.

955 931 1074 973 Vulgo,
1090 944 1192 963 cursu.
1231 932 1381 963 Conferas
1395 937 1549 970 nostrum,
1564 942 1591 963 v.
1608 936 1678 964 692.

956 987 1087 1016 Cursum
1102 994 1175 1015 vero
1191 990 1222 1014 et
1244 995 1368 1015 currum
1386 984 1501 1022 passim
1516 983 1679 1021 confundi,

952 1036 1097 1075 quisnam
1126 1034 1270 1075 ignorat?
1312 1034 1374 1065 Sed
1404 1035 1523 1065 nemini
1559 1035 1593 1065 in
1622 1036 1679 1066 hac

952 1089 1054 1129 figura
1067 1088 1247 1119 exornanda
1265 1088 1479 1119 Tertullianus
1493 1088 1626 1125 cesserit,
1642 1088 1682 1119 de

953 1140 1072 1178 anima,
1099 1146 1171 1170 sect.
1190 1144 1238 1171 17.
1267 1143 1288 1158 “
1307 1139 1484 1180 IEqualitas
1511 1140 1597 1170 enim
1622 1140 1680 1170 cir-

954 1195 975 1209 “
991 1191 1127 1221 cumfusi
1138 1191 1226 1226 a'eris,
1243 1191 1309 1229 pari
1323 1192 1390 1220 luce
1400 1193 1527 1221 vestiens
1537 1191 1681 1231 angulos,

953 1245 975 1260 “
991 1242 1090 1271 lineas
1104 1241 1281 1271 obliterat.''
1329 1240 1469 1270 Accedat
1486 1241 1628 1271 Avienus
1649 1242 1682 1272 in

953 1293 1090 1331 Arateis,
1106 1303 1166 1322 ver.
1182 1294 1234 1323 55.
1251 1292 1295 1322 sic
1311 1291 1506 1322 emendatior
1519 1302 1682 1331 evasurus;

952 1344 1118 1375 infeliciter
1131 1349 1270 1374 tentatus
1281 1344 1480 1381 Burmanno,
1498 1344 1596 1374 Anth.
1612 1344 1681 1375 Lat.

953 1406 979 1426 v.
995 1399 1024 1426 8.

1429 1454 1507 1487 ignea
1518 1455 1593 1486 cujus

985 1495 1102 1519 Lumina
1113 1497 1175 1519 sunt
1186 1494 1254 1518 latus
1265 1494 1302 1518 sol
1314 1497 1342 1519 et
1353 1501 1441 1518 soror:
1459 1494 1503 1519 ille
1513 1494 1565 1519 diei

985 1534 1095 1558 Tendat
1107 1537 1138 1557 ut
1148 1533 1230 1557 infusi
1240 1533 1351 1558 rutilum
1360 1534 1449 1564 jubar,
1460 1534 1543 1559 altera
1554 1535 1640 1560 noctis

986 1575 1024 1598 Ut
1035 1574 1096 1599 face
1107 1574 1260 1598 flammanti
1269 1574 1405 1598 tenebrosos
1413 1578 1523 1606 rumpat
1533 1574 1650 1599 amictus.

952 1637 1072 1678 Vulgo,
1088 1640 1159 1668 late.
1196 1637 1248 1667 De
1263 1638 1331 1667 Deo
1346 1636 1494 1677 loquitur.
1531 1638 1606 1668 Non
1621 1637 1682 1668 alia

951 1689 1098 1719 facienda
1127 1694 1173 1719 est
1201 1688 1300 1718 obiter
1335 1688 1491 1719 medicina
1518 1688 1680 1729 Leonidae,

956 1742 1036 1782 epig.
1053 1745 1103 1773 49.
1119 1741 1174 1771 ubi
1189 1740 1260 1771 libri
1275 1740 1351 1771 dant
1365 1741 1438 1783 ispa:

956 1833 1050 1867 Aca-poe
1062 1842 1107 1866 μεν
1121 1842 1260 1868 max-speum,
1281 1843 1329 1858 και
1343 1834 1455 1859 ΕΥΡΕΑ
1469 1839 1559 1861 κυκλα
1572 1840 1680 1868 namne,

996 1882 1080 1912 Αξονοι
1093 1881 1201 1911 Bima-ox,
1217 1890 1320 1916 εμκτυρος
1334 1886 1422 1910 πελωςι

955 1957 974 1987 i.
1000 1968 1027 1987 e.
1059 1968 1123 1988 non
1147 1964 1230 1988 astra
1254 1958 1486 1996 tantummodo,
1511 1959 1565 1990 sed
1585 1963 1681 1992 latum

956 2011 1064 2039 orbem
1087 2010 1203 2040 Lunae:
1230 2015 1265 2039 ut
1288 2009 1418 2049 pulchre
1432 2010 1574 2052 Flaccus,
1595 2013 1645 2044 od.
1660 2014 1682 2044 i.

959 2064 1006 2090 12.
1023 2064 1073 2091 47.

1304 2120 1379 2144 velut
1390 2121 1460 2145 inter
1469 2121 1535 2153 ignis

1201 2162 1278 2184 Luna
1289 2160 1414 2186 minores.

958 2225 1108 2256 Similiter
1124 2226 1279 2266 Virgilius
1302 2226 1445 2267 castigari
1467 2226 1569 2266 debet,
1601 2228 1678 2260 AEn.

955 2278 994 2308 ix.
1011 2282 1082 2309 405.

1078 2349 1226 2381 suspiciens
1237 2349 1317 2373 latam
1328 2350 1433 2373 Lunam
1444 2357 1450 2372 :

955 2414 1038 2451 libri,
1053 2417 1147 2445 altam
1154 2429 1165 2450 ;
1192 2415 1245 2445 sed
1257 2415 1306 2445 vix
1318 2415 1422 2451 aliam,
1437 2426 1532 2456 quam
1542 2417 1680 2456 plenam,

955 2465 1065 2495 lunam
1091 2466 1251 2496 contextui
1274 2467 1438 2496 convenire
1467 2467 1571 2497 statim
1601 2467 1678 2499 fate-

956 2517 1047 2555 beris,
1069 2517 1093 2546 si
1117 2528 1275 2556 compares
1305 2517 1379 2548 ibid.
1405 2528 1480 2548 verr.
1507 2521 1579 2549 555.
1606 2523 1678 2551 574.

957 2568 1072 2598 Malim
1087 2576 1194 2599 tamen
1209 2570 1324 2610 legere,
1344 2577 1377 2600 ut
1393 2580 1502 2600 verum
1517 2570 1632 2602 dicam:

1108 2648 1254 2679 Suspiciens
1262 2647 1346 2671 albam
1357 2649 1462 2671 Lunam
1471 2654 1478 2671 :

956 2715 986 2738 et
1000 2710 1081 2740 hanc
1096 2710 1348 2740 emendationem
1363 2721 1418 2750 pro
1437 2711 1605 2742 certissima
1621 2713 1676 2743 ha-

955 2761 1084 2791 buerim.
1132 2762 1276 2800 Ovidius,
1294 2773 1387 2803 quem
1402 2763 1512 2794 laudat
1524 2764 1678 2794 Heinsius

955 2812 995 2841 ad
1011 2813 1163 2843 lEne'idos
1178 2813 1294 2854 locum,
1319 2815 1358 2845 de
1378 2814 1467 2855 lumi,
1489 2816 1575 2855 epist.
1591 2816 1677 2846 xviii.

957 2866 1006 2893 61.

972 2935 1046 2960 Hanc
1057 2942 1107 2968 ego
1119 2936 1264 2969 suspiciens,
1276 2938 1384 2968 Faveas,
1396 2939 1452 2964 Dea
1461 2937 1582 2967 candida,
1591 2935 1658 2962 dixi.
