1894 3253
181 274 244 313 34

669 267 731 314 T.
781 265 1161 314 LUCRETII

327 399 525 454 Coepisse‚
548 406 589 438 et
608 411 746 438 rerum
767 404 959 439 naturam
979 397 1213 454 expandere
1229 397 1360 439 dictis.

387 473 671 526 Quapropter,
694 472 800 513 bene
821 487 948 528 quom
969 474 1124 529 superis
1145 473 1197 514 de
1217 473 1338 514 rebus
1357 471 1550 515 habenda

328 546 460 587 Nobis
482 554 541 586 est
561 547 685 596 rati03
719 546 811 588 solis
832 546 1023 603 lunaeque
1043 555 1201 589 meatus

217 625 296 661 130
329 620 423 668 Qua
445 619 548 661 fiant
567 621 742 671 ratione,
765 629 806 662 et
826 621 906 677 qua
927 623 966 662 vi
987 637 1162 678 quaeque
1181 629 1378 679 gerantur

323 694 373 734 In
394 694 531 744 terris;
562 703 677 746 tunc,
700 711 794 737 cum
814 697 972 751 primis,
994 697 1154 738 ratione
1175 697 1326 754 sagaci,

177 835 257 865 riam
272 843 396 872 prorsus
418 839 510 874 atque
526 835 691 866 evanidam
715 836 813 867 fuisse
828 838 910 867 hanc

177 885 318 916 defuncti
341 885 486 924 speciem.
534 887 695 922 Quorsum
721 898 794 917 vero
815 888 905 918 lacri-

176 947 244 967 mas
259 936 434 967 effunderet
450 937 633 968 Homerus?
653 939 706 967 An
717 939 856 968 miserias
866 939 906 968 is-

176 989 239 1019 tius
254 989 418 1019 illaetabilis
432 989 569 1029 regionis
584 989 719 1021 deflens?
745 996 780 1020 ut
796 990 905 1020 Achil-

176 1039 222 1070 les
235 1040 332 1079 prior,
351 1040 410 1070 Od.
430 1046 464 1070 A.
482 1044 554 1071 488.

213 1107 338 1135 Βελοιμκν
350 1103 384 1134 κ’,
397 1113 511 1139 επιξυρυς
524 1114 571 1134 εει-ν,
586 1105 719 1138 &zvarans
731 1110 803 1139 αιλλῳ

213 1151 288 1185 Ανδςι
300 1151 357 1185 πῶς’
370 1156 480 1185 οικλίξῳ,
495 1152 513 1184 ᾧ
523 1161 562 1185 μῆ
572 1153 652 1182 finon-03
663 1157 736 1180 πσλνς
749 1161 790 1182 ειη,

214 1199 239 1222 Η
253 1207 316 1223 mem
329 1207 434 1223 νεκυεατι
448 1198 654 1231 καταφθιμένοισι
667 1208 789 1224 κνοω-σω.

218 1250 295 1280 Ver.
321 1254 390 1279 128.
421 1252 539 1289 superis
562 1253 599 1280 (le
622 1253 726 1282 rebus:
762 1262 838 1291 quas
868 1251 907 1281 ad

175 1302 261 1332 hunc
283 1300 416 1331 modum
436 1301 618 1341 explicatius
634 1302 801 1333 declaravit
825 1302 864 1333 ad
879 1314 907 1333 v.

178 1355 228 1384 85-

616 1412 693 1436 rebus
705 1411 731 1435 in
743 1411 801 1441 illis,

236 1453 305 1483 Quae
317 1458 395 1482 supra
406 1455 487 1482 caput
499 1451 615 1476 aetheriis
626 1455 774 1476 cernuntur
785 1452 811 1475 in
826 1452 888 1486 oris.

221 1500 297 1530 Ver.
323 1504 392 1531 129.
419 1502 489 1531 solis
503 1503 644 1541 lanceque
659 1507 785 1532 meatus.
829 1501 904 1531 Vir-

175 1550 282 1592 gilius,
300 1552 374 1581 Ain.
390 1551 428 1581 vi.
442 1554 512 1582 850.

586 1617 694 1649 coelique
704 1621 801 1642 meatus

235 1657 391 1681 Describent
404 1657 491 1681 radio:

174 1717 205 1742 et
219 1712 368 1742 Lucanus
383 1713 488 1748 etiam,
508 1713 550 1743 ix.
567 1718 596 1744 6.

428 1775 511 1795 terras
522 1771 602 1801 inter,
613 1771 730 1804 lunaeque
741 1775 847 1796 meatus.

177 1811 311 1842 Ovidius
329 1813 468 1850 insuper,
485 1818 558 1843 met.
576 1823 622 1841 xv.
642 1816 690 1843 71.

496 1871 547 1902 qua
559 1871 641 1895 sidera
653 1871 710 1903 lege
722 1874 842 1895 mearent.

174 1919 334 1959 Denique,
357 1930 431 1949 cum
453 1920 561 1950 multis
576 1920 656 1956 aliis,
676 1921 797 1958 Cicero,
815 1921 904 1951 Arat.

174 1981 282 2010 progn.
298 1971 366 2001 init.

236 2030 274 2052 Ut
284 2035 346 2053 cum
359 2031 433 2053 Luna
444 2036 529 2053 means
541 2029 698 2061 Hyperionis
710 2029 802 2053 obficit
812 2030 878 2053 orbi.

216 2078 291 2107 Ver.
311 2081 379 2108 150.
399 2086 559 2118 gerantur.
606 2079 656 2108 Sic
671 2089 779 2108 omnes
794 2079 903 2114 nostri,

174 2136 206 2161 et
221 2130 365 2166 aliorum,
383 2130 515 2168 codices,
531 2141 605 2161 cum
614 2131 744 2161 vetustis
759 2130 902 2160 editioni-

175 2183 246 2212 bus:
274 2181 327 2211 sed
358 2181 504 2212 audacter
537 2182 674 2220 intrusit,
701 2188 732 2211 et
761 2182 905 2221 exemplo

175 2233 320 2273 pessimo,
338 2233 522 2271 Lambinus,
539 2234 616 2263 citra
628 2233 853 2268 necessitatem,
872 2247 904 2264 τα

172 2291 328 2324 genantur
359 2284 539 2325 vulgarium
562 2284 747 2314 editionum.
793 2285 904 2325 Neque

175 2345 195 2365 a
209 2335 279 2365 mea
293 2336 447 2365 sententia
463 2335 599 2366 Bentleii
611 2335 769 2376 judicium
791 2335 905 2366 disces-

174 2387 222 2417 sit.
271 2388 404 2417 Summo
426 2398 518 2426 opere
542 2388 747 2427 nugatorium
766 2398 902 2428 agerem,

173 2440 199 2469 si
214 2439 248 2468 in
259 2439 314 2469 tali
329 2450 362 2470 re
373 2440 577 2480 disquirerem
586 2450 641 2478 per
654 2439 816 2479 scriptores
828 2451 900 2471 auc-

173 2491 335 2521 toritatum
351 2492 535 2522 cumulum:
558 2492 692 2522 sufficiat
713 2493 809 2533 igitur
833 2493 898 2523 Na-

173 2543 341 2572 sonianum
355 2543 524 2584 singulare,
540 2550 613 2573 met.
630 2544 681 2574 xii.
698 2548 750 2574 62-

205 2610 274 2639 Ipsa,
287 2610 350 2640 quid
361 2610 386 2634 in
399 2611 456 2635 coelo
467 2619 562 2641 rerum,
573 2611 730 2643 pelagoque,
740 2615 854 2643 geratur,

205 2649 238 2672 Et
248 2649 353 2679 tellure,
364 2650 453 2681 videt3
472 2654 616 2682 totumque
626 2651 736 2682 inquirit
748 2651 774 2674 'm
786 2652 888 2675 orbem.

180 2705 248 2746 Qud
265 2709 295 2737 vi
310 2716 381 2736 vero
399 2708 595 2740 Mantuanus
610 2709 716 2748 etiam,
728 2709 763 2739 in
774 2709 905 2739 materia

176 2756 271 2787 simili
286 2763 433 2796 versatus,
451 2770 518 2799 geo.
538 2761 568 2790 ii.
586 2763 657 2792 479.

192 2816 272 2841 Unde
282 2819 383 2841 tremor
391 2818 476 2848 terris,
485 2819 535 2850 qud
546 2819 578 2843 vi
587 2820 670 2844 maria
679 2820 733 2845 alta
740 2824 901 2846 tumescant.

177 2864 221 2896 In
235 2866 295 2896 hoc
311 2872 416 2897 autem
439 2868 538 2906 operis
560 2870 712 2908 propositi
737 2870 900 2909 breviario,

177 2926 243 2948 non
256 2917 384 2959 attingit
404 2918 570 2950 Lucretius
591 2919 662 2951 libri
676 2921 771 2961 primi
788 2932 898 2952 secun-

954 837 1049 878 dique
1079 836 1318 876 disputationes:
1361 846 1432 876 quae
1460 836 1590 875 proinde
1626 847 1683 876 pro

953 889 1116 927 postulatis
1138 887 1328 929 quibusdam
1350 894 1423 917 sunt
1452 888 1614 927 habendae,
1642 889 1683 919 ad

951 939 1107 970 doctrinas
1123 939 1328 978 capitaliores,
1351 939 1403 969 hic
1425 941 1604 978 recensitas,
1628 941 1680 970 iti-

952 992 1019 1022 neri
1034 991 1200 1021 sternendo
1216 991 1415 1030 potissimum
1430 993 1681 1023 inservientibus.

997 1043 1069 1072 Ver.
1090 1045 1159 1073 131.
1182 1048 1273 1072 tunc:
1300 1042 1344 1072 sic
1366 1042 1439 1072 libri
1462 1042 1680 1081 praestantissi-

951 1094 1010 1123 mi:
1037 1094 1102 1132 sed,
1130 1103 1232 1134 quum
1254 1093 1288 1122 in
1310 1100 1374 1123 tum
1397 1099 1428 1123 et
1442 1100 1516 1124 tunc
1531 1099 1683 1133 perpetuo

952 1146 1073 1176 codices
1088 1146 1288 1175 inveniantur
1299 1145 1429 1183 variare,
1445 1155 1524 1183 rem,
1539 1145 1683 1176 titivilitii

951 1198 1036 1228 haud
1066 1197 1292 1233 aestimandam,
1324 1203 1355 1227 et
1377 1197 1435 1236 ipsi
1461 1197 1629 1227 consulens
1651 1203 1683 1228 et

951 1249 1128 1285 lectoribus,
1155 1248 1278 1278 silentio
1308 1249 1484 1287 praeteribo,
1515 1254 1682 1279 contentus

951 1301 1141 1340 optimorum
1157 1300 1383 1339 exemplarium
1398 1300 1616 1330 auctoritatem
1631 1311 1682 1331 se-

951 1352 1013 1392 qui.
1061 1352 1145 1382 Mihi
1162 1362 1236 1381 sane
1253 1362 1358 1381 versus
1372 1351 1416 1381 sle
1431 1350 1600 1391 castigatus
1613 1351 1680 1390 pla·

947 1410 1032 1434 ceret
1046 1404 1160 1444 magis:

1011 1464 1041 1487 In
1052 1463 1142 1492 terris;
1161 1466 1231 1492 lunc,
1243 1463 1269 1486 in
1281 1463 1382 1494 primis,
1394 1463 1497 1488 ratione
1507 1463 1635 1496 sagaci—.

948 1512 1004 1550 Et,
1028 1512 1053 1541 si
1069 1512 1146 1541 fides
1170 1512 1400 1550 Havercampo,
1424 1512 1553 1552 quidam
1581 1512 1680 1542 MSS.

947 1564 1023 1594 dant
1038 1566 1071 1594 in
1082 1566 1196 1604 primis
1201 1579 1212 1599 ;
1229 1563 1293 1594 *sed
1308 1574 1386 1604 quos
1400 1563 1485 1603 velit,
1501 1564 1593 1603 plane
1608 1574 1679 1595 nes-

950 1615 1008 1646 cio.

994 1668 1068 1698 Ver.
1089 1671 1158 1698 152.
1177 1673 1287 1698 constet
1296 1681 1306 1697 .·
1335 1673 1375 1697 Π.
1393 1671 1430 1697 Σ
1445 1673 1561 1698 constat
1567 1682 1579 1702 ;
1605 1677 1680 1697 con-

949 1727 998 1750 tra
1013 1726 1154 1750 tenorem
1169 1726 1358 1758 temporum,
1382 1718 1436 1759 qui
1450 1718 1620 1749 servandus
1634 1725 1681 1749 est

949 1772 1157 1811 incorruptus.

992 1823 1067 1853 Ver.
1098 1826 1166 1852 154.
1211 1823 1387 1863 Terrfflcet:
1427 1821 1579 1852 editiones
1607 1821 1680 1852 duae

950 1884 1023 1905 cum
1039 1873 1212 1904 Bodleiano
1228 1872 1333 1902 codice
1351 1873 1551 1914 Terrzsficent:
1570 1878 1602 1902 et
1612 1883 1678 1903 me-

949 1925 1075 1956 hercule
1090 1925 1137 1954 illi
1153 1934 1285 1954 numero
1311 1924 1452 1962 unitatis,
1476 1924 1501 1954 si
1528 1924 1677 1956 attentius

948 1978 1130 2016 inspexeris,
1167 1976 1286 2016 aliquid
1322 1977 1403 2006 inest
1432 1976 1553 2014 duriuS,
1583 1987 1680 2017 quam

948 2029 1033 2069 quod
1047 2028 1139 2058 facile
1155 2027 1292 2057 castioris
1307 2028 1353 2055 sir
1363 2027 1475 2066 judicii
1491 2028 1680 2059 concoxerit.

949 2080 1061 2111 Versui
1077 2080 1120 2110 sic
1134 2079 1302 2109 reformato
1313 2088 1377 2108 non
1394 2079 1599 2109 offenderem:

980 2150 1012 2173 Et
1024 2148 1075 2180 qm?
1088 2155 1124 2177 re,
1136 2147 1210 2172 nobis
1222 2146 1391 2178 vigilantibus
1402 2146 1491 2177 obvia,
1502 2147 1616 2172 menteis

980 2187 1166 2219 Terrifirent—.·

948 2247 968 2277 i.
983 2257 1009 2277 e.
1034 2249 1056 2264 “
1073 2251 1104 2275 et
1117 2255 1212 2285 quam
1221 2246 1260 2275 ob
1270 2254 1411 2274 caussam
1423 2244 1677 2277 terriculamenta

950 2302 972 2317 ‘⁶
988 2298 1042 2328 illa
1077 2297 1317 2328 simulacrorum
1354 2297 1469 2327 visibus
1497 2303 1676 2329 nostrarum

950 2355 972 2370 “
988 2350 1143 2380 mentium
1169 2349 1401 2380 obversentur.''
1446 2350 1559 2380 Lector
1580 2361 1675 2382 nasu-

951 2406 970 2420 “
987 2408 1037 2432 tus
1048 2402 1179 2442 judicet·

989 2453 1072 2484 Ibid.
1084 2455 1181 2484 morbo
1193 2453 1321 2493 adfectis
1330 2466 1339 2483 :
1354 2458 1390 2482 ut
1402 2452 1580 2492 Terentius,
1591 2454 1673 2485 Hec.

945 2515 987 2535 iu.
1003 2509 1034 2535 5.
1053 2507 1081 2536 5.

1385 2564 1438 2589 alio
1448 2565 1579 2596 suspicans

1007 2605 1093 2629 Morbo
1104 2612 1150 2630 me
1161 2605 1279 2629 visurum
1290 2604 1425 2635 adfectam.

949 2653 1010 2684 Sed
1023 2654 1179 2683 rarissime
1194 2653 1320 2693 plenam
1346 2653 1482 2692 phrasim
1497 2652 1597 2692 po'etae
1611 2651 1670 2682 sal-

947 2711 1011 2735 tem
1027 2705 1182 2735 exhibent.
1227 2705 1418 2744 Propertius,
1433 2703 1464 2733 ii.
1482 2707 1532 2732 21.
1552 2706 1578 2733 l.

1008 2765 1120 2796 Jupiter,
1131 2764 1237 2796 adfeclae
1247 2763 1356 2788 tandem
1367 2762 1491 2786 miserere
1498 2761 1601 2793 puellae,

991 2813 1073 2844 Ibid.
1090 2824 1250 2854 somnoque
1265 2813 1397 2851 sepultis.
1442 2811 1508 2841 Hic
1522 2811 1566 2841 ita
1574 2811 1670 2842 Lam-

945 2865 1049 2895 binus:
1077 2869 1099 2884 “
1116 2867 1167 2896 Ex
1180 2863 1300 2894 Ennio:

975 2927 994 2940 “
1005 2927 1081 2951 Nunc
1093 2925 1191 2955 hostes,
1201 2923 1265 2949 vino
1276 2922 1398 2954 domitei,
1408 2929 1538 2956 somnoque
1546 2922 1665 2956 sepultei:
