1894 3253
651 248 887 298 LIBER
935 247 1244 300 PRIMUS.

1633 257 1698 297 43

340 382 427 432 Qui
447 391 583 439 posset
603 392 735 425 mater
754 383 877 425 rebus
897 383 1118 425 consistere
1138 381 1273 424 certa?

231 458 308 498 170
341 458 399 499 At
420 473 545 509 nunc,
569 459 790 500 seminibus
810 459 907 515 quia
926 459 1046 500 certis
1067 472 1242 514 quaeque
1261 463 1467 507 creantur,

340 532 445 573 Inde
464 533 684 583 enascitur,
707 540 831 588 atque
852 546 945 573 oras
967 533 1011 572 in
1031 531 1198 572 luminis
1220 532 1321 582 exit,

341 606 538 648 Materies
560 607 630 648 ubi
650 607 756 648 inest
775 606 1019 662 quoiusque,
1042 615 1083 647 et
1103 621 1281 662 corpora
1298 607 1448 661 prima:

342 681 482 736 Atque
502 680 580 721 hac
601 695 645 721 re
665 688 876 737 nequeunt
896 695 950 721 ex
969 679 1163 721 omnibus
1184 680 1326 721 omnia
1345 681 1478 738 gigni,

341 754 469 804 Quod
491 755 610 796 certis
630 755 674 796 in
695 754 817 796 rebus
837 755 943 796 inest
964 763 1119 796 secreta
1139 753 1322 796 facultas.

229 831 306 870 175

400 829 623 880 Praeterea,
647 844 754 886 quur
774 844 869 870 vere
890 844 1042 880 rosam,
1063 829 1272 871 frumenta
1292 829 1441 879 calore,

339 903 470 945 Viteis
490 913 716 946 auctumno
735 903 853 945 fundi
875 904 1072 946 suadente
1093 904 1297 954 videmus;

195 1060 310 1090 Totam
337 1060 509 1091 clausulam
535 1062 593 1091 sibi
619 1062 753 1102 sumpsit
778 1068 925 1093 mutuam

194 1112 362 1153 Virgilius,
379 1124 447 1153 geo.
464 1113 494 1143 ii.
516 1116 587 1145 109.

257 1173 311 1196 Nec
323 1179 386 1197 vero
398 1172 555 1203 terraefer-re
565 1179 648 1196 omnes
658 1172 741 1196 omnia
749 1175 861 1204 possunt.

237 1222 312 1252 Ver.
332 1225 403 1253 168.
414 1224 565 1261 genitalia
579 1233 722 1262 corpora:
743 1222 764 1252 i.
778 1233 803 1253 e.
816 1232 924 1261 corpo-

193 1284 228 1304 ra
242 1273 470 1313 primordialia;
495 1274 617 1304 semina
637 1284 752 1310 rerum,
776 1284 811 1304 ac
827 1280 925 1304 mate-

193 1326 266 1355 ries:
294 1325 345 1355 adi
362 1336 467 1364 supra,
491 1336 551 1356 ver.
568 1329 707 1357 51—-57,
730 1326 762 1357 ii.
779 1330 830 1357 61.
847 1326 926 1356 adeo

193 1383 230 1407 ut
245 1377 513 1416 importunissima
534 1377 574 1407 sit
588 1378 726 1408 vanitate
745 1377 927 1408 Gassendus

192 1439 366 1468 supponere
404 1429 510 1459 volens
538 1432 666 1466 semina,
705 1439 760 1469 pro
790 1441 926 1468 corpora.

195 1480 341 1519 Ovidius,
357 1486 430 1511 met.
446 1491 494 1511 xv.
511 1484 582 1512 239.

256 1549 381 1579 Quatuor
390 1551 508 1572 aeternus
515 1547 637 1580 genitalia
649 1550 750 1579 corpora
762 1547 879 1571 mundus

257 1597 396 1622 Continet.

196 1654 279 1685 Haec
308 1666 434 1695 corpora
459 1656 623 1695 genitalia,
656 1663 712 1683 seu
748 1652 928 1692 primordia,

195 1712 285 1736 vocat
300 1707 458 1746 Epicurus
481 1705 566 1743 apud
588 1705 685 1746 Diog.
705 1706 809 1736 La'ert.
834 1716 862 1736 x.
879 1709 930 1736 41.

194 1771 307 1797 ατομες
334 1771 477 1797 casam-rm
495 1765 587 1798 φυσεις
597 1771 607 1787 .·
635 1757 655 1787 i.
672 1767 698 1786 e.
715 1757 836 1786 semina
864 1766 930 1785 cor-

195 1818 311 1848 porum
336 1808 527 1845 insecabilia,
551 1808 601 1836 his
616 1807 717 1837 verbis
739 1817 832 1836 usus:
859 1806 930 1840 ὦςτε

198 1873 253 1892 φας
271 1873 381 1901 αρχας,
399 1871 511 1898 ατθμθὶ
528 1872 689 1898 ανιγκαΙῦν
705 1871 770 1888 imm!
789 1870 932 1896 σωμωτων

199 1917 304 1949 φυσεις.

241 1961 316 1992 Ver.
337 1965 406 1993 169.
421 1967 518 1992 mater
534 1967 626 1991 certa.
673 1960 780 1998 Maro,
798 1959 873 1990 AEn.
891 1959 931 1990 vi.

198 2016 272 2044 322.

261 2072 376 2098 Anchisa
387 2076 525 2105 generate,
537 2072 627 2098 Deum
639 2071 774 2096 certissima
782 2070 872 2104 proles.

241 2128 316 2160 Ver.
336 2133 407 2160 170.
425 2141 553 2170 quaeque
568 2136 723 2161 creantur.
770 2130 821 2160 Sic
837 2130 874 2161 P.
890 2130 932 2161 V.

198 2180 247 2211 ed.
267 2181 303 2211 B.
320 2181 361 2211 L.
374 2182 424 2212 M.
441 2181 480 2212 O.
498 2187 532 2212 Δ.
550 2187 585 2214 Σ.
604 2189 648 2213 Ω..
696 2181 775 2221 Alfi,
798 2184 933 2223 quidque

198 2238 330 2263 creatur.
391 2239 431 2263 Π.
461 2234 567 2271 habet,
605 2235 741 2274 quidque
778 2236 931 2265 oriantur.

200 2282 272 2312 Has
286 2289 393 2313 autem
411 2285 585 2322 varietates,
610 2295 673 2325 quo
687 2285 802 2315 melius
824 2295 931 2315 occur-

201 2340 272 2363 rant
287 2334 381 2364 taedio
395 2335 562 2374 lectorum,
585 2336 752 2367 cultissimi
769 2336 933 2376 scriptores

202 2385 363 2416 adamant·
410 2387 601 2427 Xenophon,
625 2390 714 2419 anab.
730 2389 750 2419 i.
765 2399 795 2428 p.
811 2393 862 2421 49.
885 2388 933 2420 ed.

203 2437 325 2467 IIutch.
371 2441 504 2469 Ενταυθα
521 2445 698 2470 ΕΜΕΙΝΑΝ
721 2441 825 2482 ἦμερας
851 2453 933 2482 τρεις,

206 2504 257 2520 και
275 2494 540 2522 ΕΠΙΣΙΤΙΣΑΤΟ
556 2506 590 2522 το
607 2505 788 2534 στρατευμα.

246 2541 322 2571 Ver.
341 2543 410 2571 171.
429 2541 476 2571 M.
491 2545 644 2580 nascitur,
668 2542 822 2582 absorpta,
838 2548 875 2573 ut
888 2543 933 2579 fit,

202 2592 294 2623 litera
315 2604 343 2631 e,
367 2594 407 2622 ob
422 2592 559 2623 similem
582 2594 709 2625 finalem
731 2595 934 2634 praecedentis

205 2645 461 2681 dictionis—Et,
475 2646 514 2676 de
524 2648 753 2677 constructione
764 2646 836 2686 loci,
848 2647 933 2678 vide-

204 2709 239 2729 as
254 2698 337 2728 dicta
353 2697 394 2727 ad
409 2708 470 2728 ver.
488 2702 535 2730 16.

247 2751 323 2781 Ver.
352 2753 420 2781 174.
445 2757 557 2782 secreta
567 2765 578 2782 .·
609 2751 628 2782 i.
657 2762 684 2782 e.
710 2758 860 2791 separata,
887 2751 937 2783 vel

205 2803 315 2835 divisa:
342 2805 426 2836 unde
441 2805 521 2836 ratio
537 2803 671 2844 petenda
693 2807 740 2834 est*
761 2804 852 2834 variae
873 2804 936 2835 lec-

206 2855 302 2886 tionis
335 2857 557 2896 Havercampo
588 2861 781 2893 memoratae,
818 2857 936 2887 diversa

210 2907 339 2948 utique;
366 2909 451 2951 quod
471 2908 662 2941 mendosum
687 2914 732 2939 est
749 2917 806 2948 pro
827 2909 937 2945 divisa,

970 1061 1086 1092 librarii
1109 1060 1284 1102 cujusdam,
1304 1059 1353 1091 vel
1369 1060 1501 1097 lectoris,
1519 1060 1702 1101 interpreta.

969 1122 1087 1151 mento,
1112 1116 1261 1155 genuinae
1292 1114 1424 1145 dictioni
1453 1121 1568 1146 secreta
1599 1114 1702 1145 affixo.

971 1166 1086 1196 Noster
1100 1167 1145 1197 iii.
1163 1171 1234 1197 264.

1291 1233 1357 1257 nihil
1369 1237 1400 1257 ut
1410 1233 1532 1257 secernier
1541 1240 1628 1258 unum

1034 1281 1126 1311 Possit,
1137 1288 1187 1306 nec
1199 1281 1284 1313 spatio
1296 1281 1355 1306 fieri
1366 1281 1456 1305 divisa
1464 1284 1591 1313 potestas.

1012 1342 1088 1374 Ver.
1118 1346 1189 1375 175.
1246 1346 1400 1374 Praeterea
1413 1358 1421 1374 .·
1455 1344 1496 1374 G.
1529 1346 1707 1385 Propterea.

972 1396 1074 1427 Male:
1093 1407 1168 1428 nam
1184 1403 1374 1437 argumento
1390 1407 1475 1427 novo
1491 1397 1597 1428 munit
1612 1397 1706 1428 ratio-

971 1460 1026 1480 nes
1051 1461 1122 1481 suas
1152 1458 1267 1489 noster,
1294 1461 1313 1481 a
1337 1453 1569 1490 tempestivitate
1600 1461 1709 1481 rerum

969 1502 1076 1541 ducto,
1099 1513 1194 1543 super
1215 1503 1317 1543 priore
1341 1498 1528 1544 argumento
1547 1505 1710 1544 generibus

972 1566 1080 1586 rerum
1096 1557 1179 1587 nixo.

1017 1607 1102 1638 Ibid.
1129 1619 1218 1647 quur.
1244 1608 1438 1646 Priscianus,
1465 1607 1520 1637 lib.
1546 1607 1566 1638 i.
1582 1618 1610 1647 p.
1636 1610 1709 1638 560.

974 1661 995 1677 “
1015 1659 1113 1698 Apud
1136 1660 1282 1700 antiquos
1308 1659 1561 1699 frequentissime
1588 1658 1656 1687 loco
1671 1668 1710 1688 cu

976 1713 998 1728 ‘⁴
1015 1709 1153 1750 syllabae,
1185 1721 1250 1750 quu
1280 1711 1455 1748 ponebatur
1465 1715 1579 1747 3——ut
1615 1719 1711 1748 quum

977 1764 998 1779 “
1013 1771 1070 1799 pro
1085 1772 1164 1796 cum,
1180 1771 1261 1800 quur
1276 1770 1333 1799 pro
1348 1760 1438 1791 cur.’'
1478 1760 1522 1790 Et
1532 1766 1578 1790 est
1593 1759 1710 1790 scilicet

976 1813 1148 1843 contractio
1165 1825 1203 1843 τε
1217 1824 1322 1853 quare.

1018 1864 1101 1895 Ibid.
1131 1876 1198 1896 vere
1229 1876 1338 1895 rosam.
1385 1863 1548 1904 Virgilius,
1575 1873 1642 1904 geo.
1669 1863 1710 1894 iv.

979 1918 1049 1946 154.

978 1974 1080 1999 Primus
1090 1981 1155 1999 vere
1166 1980 1247 1998 rosam
1260 1977 1342 2005 atque
1352 1976 1489 1999 auctumno
1500 1980 1610 2006 carpere
1619 1980 1711 2006 poma.

1020 2024 1101 2056 Ibid.
1114 2025 1280 2066 frumenta
1298 2027 1408 2056 calore.
1454 2024 1544 2055 Hinc
1567 2034 1605 2055 ex
1620 2024 1710 2064 inge-

976 2076 1031 2107 nio
1042 2087 1113 2107 vere
1126 2076 1365 2107 emendaveram
1380 2075 1469 2115 prius
1484 2075 1711 2115 Claudianum,

977 2140 1073 2170 quam
1095 2129 1218 2160 codices
1232 2128 1385 2169 quosdam
1408 2127 1638 2158 consentientes
1652 2137 1712 2158 no-

976 2183 1103 2220 vissem,
1119 2181 1160 2212 ad
1177 2181 1287 2212 Rufin.
1304 2181 1326 2211 i.
1346 2184 1373 2211 8.
1390 2180 1423 2210 in
1439 2180 1657 2220 pulcherrimis
1672 2179 1711 2210 de

977 2231 1174 2276 providentia
1192 2234 1255 2263 Dei
1271 2233 1425 2263 versibus:

1325 2292 1372 2323 qui
1382 2292 1440 2324 lege
1451 2291 1557 2316 moveri

1040 2334 1140 2363 Sidera,
1151 2333 1197 2365 qui
1208 2332 1298 2364 fruges
1309 2331 1396 2356 diviso
1409 2335 1533 2362 tempore
1543 2329 1627 2359 nasci,

1040 2374 1093 2404 Qui
1103 2373 1208 2397 variam
1218 2372 1338 2396 Phceben
1350 2370 1436 2395 alieno
1445 2369 1551 2401 jusserit
1562 2368 1618 2399 igni

1042 2413 1190 2445 compleri,
1201 2411 1340 2442 solemque
1352 2417 1416 2435 suo:

977 2473 1072 2502 diviso
1083 2485 1091 2500 .·
1126 2470 1146 2500 i.
1174 2480 1200 2500 e.
1227 2468 1286 2499 sibi
1313 2467 1485 2507 disparfflo,
1515 2463 1713 2506 proprioque.

978 2523 1080 2560 Editi,
1108 2523 1237 2559 diverso,
1263 2530 1327 2561 quo
1353 2518 1433 2548 nihil
1459 2515 1594 2547 auctoris
1618 2526 1714 2556 scopo

980 2576 1081 2616 magis
1096 2574 1291 2605 contrarium
1317 2570 1486 2612 excogitari
1513 2574 1646 2609 poterat,
1670 2578 1712 2598 ne

978 2627 1059 2658 illud
1073 2626 1202 2667 quidem
1217 2623 1443 2664 Virgilianum,
1459 2631 1527 2662 geo.
1542 2621 1586 2651 iii.
1605 2623 1685 2651 149.

1329 2688 1418 2714 alienis
1429 2688 1563 2713 mensibus
1574 2691 1668 2712 aestas:

980 2744 1034 2785 qui
1059 2743 1132 2773 ibid.
1158 2751 1219 2772 ver.
1252 2743 1321 2770 116.
1352 2735 1566 2768 emendationi
1596 2740 1712 2765 nostrae

981 2795 1183 2826 commodam
1198 2802 1326 2832 operam
1341 2789 1478 2821 navabit:

1047 2854 1154 2880 Divisae
1164 2852 1300 2878 arboribus
1311 2851 1416 2884 patriae.

1025 2905 1100 2935 Ver.
1129 2906 1198 2934 176.
1237 2903 1319 2933 Vices
1348 2910 1501 2932 aucumno
1526 2897 1581 2928 dat
1607 2896 1644 2926 B.
1673 2902 1711 2923 ex

913 2965 981 2996 Ds
