1894 3253
234 260 324 302 168

729 254 788 301 Τ.
842 253 1223 301 LUCRETII

260 391 345 427 990
376 386 446 427 Ex
465 385 629 426 infinito
642 385 730 439 jam
751 392 952 439 tempore,
975 384 1238 426 subsidendo.

378 461 437 501 At
457 474 568 500 nunc
589 459 786 500 nimirum
805 459 966 515 requies
986 459 1082 501 data
1101 460 1399 515 principiorum

377 534 633 588 Corporibus
653 533 765 575 nulia
785 542 844 575 est
855 552 868 583 ;
901 533 997 589 quia
1017 533 1121 574 nihil
1142 542 1202 575 est
1221 533 1404 575 funditus
1423 534 1568 585 imum,

375 608 474 657 Quo
496 609 610 663 quasi
631 608 853 658 confluere,
876 616 916 648 et
937 607 1050 649 sedes
1070 607 1140 648 ubi
1161 622 1330 663 ponere,
1352 609 1525 663 possint:

376 682 547 737 Semper
566 683 610 723 in
632 682 804 724 adsiduo
825 690 944 723 motu
964 697 1027 723 res
1048 697 1222 738 quaeque
1241 690 1442 739 geruntur

260 761 341 798 995
376 756 569 797 Partibus
590 757 633 797 in
656 757 829 807 cunctis,
852 756 1093 813 infernaque
1113 757 1440 813 subpeditantur,

372 830 440 872 Ex
460 831 624 872 infinito
645 832 740 882 cita,
763 846 939 887 corpora
953 832 1150 873 materiai.

271 1004 347 1034 Ver.
371 1008 443 1035 99⁴2.
467 1006 552 1034 nulla
574 1011 634 1035 esi:
662 1009 696 1035 Σ.
722 1007 833 1042 nullis;
859 1005 956 1036 vind.

230 1056 270 1086 G.
286 1056 323 1086 L.
342 1063 382 1086 Π.
399 1063 443 1086 Ω.
466 1058 579 1091 nullas,
596 1055 699 1095 elapsa
713 1067 826 1096 nempe
842 1063 854 1087 t
869 1056 959 1087 litera

227 1118 265 1137 ex
282 1107 433 1146 scriptura
454 1108 549 1143 brevi,
572 1108 698 1147 qualem
713 1108 861 1138 exhibent
877 1109 912 1138 P.
929 1114 958 1138 et

227 1160 269 1190 V.
287 1159 333 1189 ed.
351 1162 570 1190 71¹11llast.——nilz
577 1162 599 1189 il
606 1174 616 1189 .·
635 1160 678 1190 sic
693 1167 776 1190 caste
790 1161 956 1190 Veronen-

229 1212 282 1250 sis,
299 1212 389 1252 cujus
404 1212 504 1242 editor
519 1212 679 1242 modestus
696 1213 763 1253 ὑπερ
780 1213 792 1242 o‘
808 1226 956 1254 εγεγραπ-

231 1278 266 1295 ⁴ro
296 1272 393 1305 φρονειν
423 1264 694 1294 nomin—imum:
722 1264 760 1294 P.
782 1264 821 1294 O.
844 1276 956 1300 umam

230 1316 269 1346 de
284 1315 346 1356 qua
360 1315 603 1354 permutatione,
626 1314 697 1344 vide
714 1315 896 1345 Bentleium
920 1316 959 1345 ad

229 1369 312 1398 Hor.
329 1373 383 1397 art.
400 1368 481 1406 po'et.
496 1370 548 1397 52.
565 1373 595 1397 et
611 1367 908 1397 Drakenborchium
920 1367 960 1398 ad

231 1419 285 1450 Sil.
305 1420 344 1449 It.
361 1429 387 1449 v.
408 1422 476 1449 112.

272 1471 349 1501 Ver.
369 1474 440 1502 995.
459 1472 593 1509 possint:
618 1469 717 1500 Vind.
736 1476 776 1500 Π.
793 1475 828 1501 Σ.
838 1477 956 1510 possen

230 1524 270 1554 G.
281 1525 381 1563 poscit
387 1538 397 1558 ;
427 1529 470 1553 Ω..
482 1525 578 1562 possit
585 1537 595 1557 ;
623 1523 665 1552 V.
681 1522 729 1552 ed.
748 1523 785 1552 B.
796 1529 926 1562 possent.

272 1574 354 1604 Ibid.
377 1576 460 1604 sedes
475 1575 528 1603 ubi
539 1584 659 1613 ponere.
697 1572 865 1613 Virgilius,
883 1573 959 1603 AEn.

227 1625 271 1656 lii.
287 1629 338 1655 88.

260 1709 348 1740 Quem
360 1708 513 1737 sequimur?
533 1714 622 1738 quove
640 1707 678 1732 ire
692 1708 787 1739 jubes?
807 1707 849 1731 ubi
866 1711 958 1740 ponere

352 1747 437 1771 sedes?

272 1821 348 1850 Ver.
366 1824 436 1852 994.
460 1822 494 1849 in.
518 1825 617 1849 motu:
645 1818 663 1848 i.
681 1828 708 1848 e.
733 1829 801 1848 cum
825 1824 960 1848 motu—

231 1885 255 1903 εν
271 1884 391 1904 nuncsi:
410 1870 518 1900 redeas
534 1880 580 1913 ea,
593 1880 664 1910 quae
679 1879 789 1899 sumus
799 1879 960 1899 commen-

228 1925 285 1954 tati
301 1933 411 1962 nuper,
428 1922 468 1952 ad
480 1932 540 1952 ver.
554 1925 625 1951 881.
657 1920 766 1951 Nimia
779 1932 852 1951 cum
863 1928 960 1951 teme-

229 1976 321 2004 ritate
337 1985 375 2004 ex
391 1974 518 2004 arbitrio
533 1973 688 2003 dederunt
704 1973 838 2003 editores
860 1980 887 2004 et
905 1984 960 2012 pro

230 2029 276 2064 in,
294 2036 389 2056 usum
404 2026 634 2064 praepositionis
643 2026 876 2065 exquisitiorem
885 2025 958 2055 doc·

229 2079 404 2118 tioremque
420 2078 526 2107 minus
541 2077 700 2106 callentes.

275 2130 348 2160 Ver.
367 2132 438 2161 995.
461 2130 511 2159 z'n:
538 2128 575 2158 L.
594 2129 641 2158 M.
657 2139 740 2167 quem
768 2134 807 2157 Π.
824 2127 961 2157 deest.—

230 2181 372 2223 z'nfi’rna:
399 2181 436 2210 P.
458 2186 582 2210 (eterna.
607 2179 736 2219 Inferna
754 2184 872 2216 autem,
891 2182 963 2208 “ex

231 2238 252 2253 ‘⁸
269 2233 335 2263 imo
365 2232 522 2269 suscitata,
554 2241 654 2271 neque
687 2230 731 2260 ibi
760 2229 961 2267 subsidentia,

231 2289 254 2305 “
273 2286 348 2327 (ver.
363 2283 443 2323 986)
467 2282 551 2323 quod
567 2283 716 2320 facerent,
733 2282 759 2312 si
773 2292 880 2312 rerum
896 2282 961 2311 ulla

230 2342 252 2357 “
269 2337 342 2368 finis
372 2336 511 2366 daretur:
548 2346 585 2365 ex
616 2335 695 2372 imo,
725 2335 865 2374 inquam,
895 2345 961 2364 non

232 2394 254 2410 “
272 2390 378 2420 minus
407 2398 504 2429 quam
533 2398 570 2418 ex
593 2387 654 2418 alia
675 2393 762 2426 parte
790 2386 958 2428 qualibet.'’

232 2442 328 2473 Unde
344 2441 426 2471 clare
437 2440 546 2480 liquet,
559 2449 668 2470 vocem
680 2439 805 2481 inferna
816 2438 886 2469 loco
895 2449 961 2469 esse

231 2505 358 2534 prorsus
388 2492 608 2531 necessariam,
639 2498 732 2533 atque
761 2491 840 2522 adeo
865 2491 961 2522 totius

234 2545 413 2586 argumenti
428 2550 529 2583 caput.

274 2599 349 2628 Ver.
366 2601 438 2629 996.
461 2599 540 2628 cita:
568 2597 608 2626 V.
625 2596 672 2626 ed.
689 2596 726 2626 Β.
743 2597 813 2626 cito.

276 2649 357 2679 Ibid.
380 2651 430 2680 Er
446 2650 568 2692 infinito
585 2650 664 2679 citu:
691 2647 710 2677 i.
727 2657 752 2677 e.
776 2657 813 2676 ex
837 2646 961 2676 infinito

232 2705 372 2740 tempore
384 2702 501 2741 agitata
510 2707 602 2741 atque
614 2700 761 2737 excitata5
775 2704 811 2729 ut
820 2699 860 2728 sit
870 2699 961 2738 plane

232 2752 350 2791 putidae
365 2754 557 2792 repetitionis
572 2754 697 2783 crambe
714 2766 746 2782 ‘ro
762 2757 877 2782 aeterna
896 2752 959 2781 Bo-

233 2803 404 2841 noniensis,
421 2811 513 2844 atque
529 2804 749 2835 communium
772 2803 959 2838 editionum,

231 2855 266 2885 in
280 2865 372 2884 versu
386 2856 587 2893 praecedente.

1003 1016 1126 1045 semper
1155 1017 1230 1042 esse,
1265 1006 1348 1046 quod
1378 1012 1491 1037 vocant
1519 1006 1728 1045 participium,

1002 1057 1190 1098 adjectivum
1209 1068 1382 1098 nunquam.
1428 1058 1517 1087 Hinc
1539 1058 1599 1087 loci
1621 1058 1730 1098 Virgi-

1002 1110 1078 1140 liani
1094 1110 1173 1139 ratio
1188 1109 1360 1150 elegantior
1371 1109 1556 1147 ostenditur,
1570 1115 1605 1139 ut
1614 1109 1729 1140 multo-

1002 1174 1074 1194 rum
1089 1164 1183 1194 etiam
1200 1163 1283 1203 apud
1299 1174 1407 1194 omnes
1426 1169 1568 1194 auctores
1583 1163 1730 1204 aliorum,

1001 1217 1041 1246 ad
1058 1218 1133 1247 AEn.
1150 1217 1190 1246 xi.
1208 1220 1277 1247 714.

1034 1283 1309 1314 Quadrupedemque,
1321 1283 1398 1308 citum
1410 1284 1510 1309 ferrati
1521 1285 1597 1316 calce,
1608 1285 1716 1317 fatigat:

1004 1351 1078 1371 nam
1095 1341 1269 1381 Virgilium
1285 1341 1400 1380 ipsum,
1425 1349 1517 1382 atque
1540 1342 1731 1373 imitatorem

1005 1393 1072 1433 ejus
1100 1393 1353 1422 amantissimum
1386 1393 1510 1431 Silium,
1549 1394 1733 1433 interpretes

1003 1444 1280 1484 grammaticorum
1304 1450 1432 1474 centum
1447 1445 1625 1475 auctoritati
1640 1445 1733 1477 facile

1003 1495 1203 1534 praetulerim.
1251 1495 1301 1525 Sic
1315 1495 1380 1533 ille,
1399 1496 1474 1526 AEn.
1486 1496 1505 1526 i.
1521 1500 1593 1528 516.

1227 1577 1311 1608 qualis
1320 1584 1392 1609 equos
1403 1577 1530 1603 Threissa
1538 1578 1640 1610 fatigat

1065 1616 1213 1648 Harpalyce
1224 1624 1230 1640 :

1003 1687 1055 1717 hic
1070 1695 1188 1727 autem,
1205 1690 1288 1720 Pun.
1304 1689 1354 1719 vii.
1371 1693 1443 1721 696.

1066 1775 1168 1800 Ferratci
1181 1782 1208 1798 ca
1214 1774 1257 1802 Ὦ,
1269 1776 1351 1803 atque
1361 1771 1443 1796 effusa
1454 1771 1542 1803 largus
1553 1771 1669 1802 habena,

1066 1816 1250 1838 Cunctantem
1262 1811 1400 1844 impellebat
1411 1818 1513 1842 equum
1523 1819 1563 1835 :—

1005 1893 1036 1917 et
1050 1896 1157 1917 rursus
1172 1885 1245 1915 ibid.
1261 1884 1325 1914 xiii.
1343 1888 1415 1916 169.

1067 1970 1099 1993 Et
1107 1968 1274 2000 jamferrafc'c
1286 1966 1405 1999 rapiebat
1415 1967 1481 1991 calce
1492 1966 1625 1991 volantem

1065 2011 1172 2034 Taurea
1181 2009 1368 2040 cornipedem:

1004 2081 1059 2110 ubi
1076 2081 1232 2110 Heinsius
1248 2079 1398 2110 eximiam
1420 2079 1610 2109 locutionem
1626 2081 1732 2119 rapie-

1003 2134 1053 2162 lmt
1070 2131 1282 2162 infelicissime
1298 2130 1362 2160 suis
1376 2129 1564 2170 conjecturis
1582 2129 1732 2168 supplan-

1006 2189 1108 2213 tatum
1123 2183 1199 2220 ibat,
1216 2188 1298 2212 recte
1308 2183 1447 2212 obstante
1458 2181 1731 2212 Drakenborchio:

1006 2245 1081 2264 nam
1097 2234 1130 2263 in
1146 2235 1203 2263 hac
1219 2233 1315 2263 etiam
1330 2230 1487 2273 elegantia
1502 2232 1560 2262 sibi
1576 2233 1735 2272 exemplar

1006 2286 1115 2316 habuit
1147 2285 1300 2315 AEne'idos
1323 2284 1517 2315 conditorem
1540 2285 1735 2315 Punicorum

1004 2348 1116 2378 praec0,
1134 2339 1208 2368 z'En.
1221 2337 1272 2367 vii.
1290 2340 1307 2367 7
1312 2339 1360 2367 25.

1385 2411 1536 2440 Turnoque
1546 2409 1642 2434 ferocis

1066 2452 1138 2477 Mille
1150 2451 1217 2483 rapit
1226 2450 1328 2483 populos
1339 2459 1347 2475 :

1005 2522 1036 2547 et
1051 2516 1125 2546 alibi
1140 2525 1264 2556 quoque
1281 2514 1424 2544 similiter
1438 2514 1562 2544 locutus
1576 2520 1630 2544 est.

1047 2569 1121 2598 Ver.
1139 2571 1210 2599 997.
1233 2573 1321 2597 ante:
1350 2566 1445 2596 Vind.
1468 2578 1508 2596 an
1515 2582 1526 2602 ,·
1551 2565 1635 2595 unde
1649 2564 1734 2594 haud

1006 2620 1170 2650 invenuste
1185 2626 1306 2649 tentare
1318 2619 1432 2658 possim
1446 2618 1485 2647 ad
1496 2619 1580 2646 hunc
1591 2615 1732 2651 modum,

1006 2679 1037 2703 et
1052 2673 1200 2708 vivacius,
1217 2672 1305 2712 quasi
1331 2671 1371 2701 ad
1386 2671 1468 2709 ipsos
1481 2667 1645 2699 adversarii
1661 2678 1731 2698 sen-

1006 2736 1059 2755 sus
1077 2725 1168 2764 po'cta
1185 2722 1449 2754 confidentissime
1463 2725 1655 2760 provocaret:

1067 2796 1214 2823 Postremo,
1226 2799 1255 2816 en
1268 2790 1343 2816 oculis
1354 2797 1394 2814 res
1402 2796 1459 2813 rem
1471 2787 1546 2812 finire
1556 2787 1672 2812 videtur.

1005 2865 1053 2884 res
1070 2864 1151 2884 rem:
1178 2853 1222 2883 V.
1250 2850 1298 2881 ed.
1329 2850 1366 2879 B.
1391 2859 1438 2878 res
1453 2847 1525 2888 jam
1533 2862 1543 2883 ;
1571 2852 1600 2876 et
1627 2846 1731 2886 plures

234 2906 343 2943 Porro,
373 2906 520 2937 lectorem
543 2908 691 2939 edoctum
707 2907 812 2944 velim,
837 2921 869 2938 -το
883 2908 963 2938 citus
1006 2904 1082 2935 editi
1096 2914 1187 2934 voces
1209 2900 1399 2941 ineptissime
1420 2904 1639 2939 transponunt,
1666 2909 1729 2929 rem

981 2967 1002 2994 3
