1894 3253
626 241 861 290 LIBER
910 240 1219 291 PRIMUS.
1610 249 1670 294 73

312 375 371 416 At
391 390 538 431 neque,
562 386 645 431 quo
665 383 787 430 pacto
807 374 1032 430 persederit
1046 374 1204 415 ‘humor
1224 376 1361 430 aquai,

310 449 456 491 Visum
477 458 551 500 est,
574 465 650 491 nec
672 464 835 490 rursum
856 464 938 504 quo
959 457 1080 504 pacto
1100 448 1251 505 fugerit
1271 457 1385 490 aestu.

196 528 278 564 310
312 524 363 566 In
384 514 529 580 parvas
550 525 676 581 igitur
696 524 847 579 parteis
867 524 1137 579 disspargitur
1158 523 1323 574 humor,

311 599 427 648 Quas
448 599 578 640 oculei
599 598 709 639 nulla
731 606 903 653 possunt
921 598 1083 638 ratione
1103 597 1254 638 videre.

367 672 483 721 Quin
505 673 644 723 etiam,
668 672 805 713 multis
826 671 919 713 solis
940 671 1206 713 redeuntibus
1228 672 1361 722 annis,

194 831 257 855 Una
266 829 329 853 ratis
340 833 478 854 certarnen
490 832 546 854 erat
558 828 694 861 coeloque,
705 829 845 860 fretoqne3

193 869 333 894 'funditur
350 869 424 900 hinc,
443 869 532 900 illinc;
552 870 645 895 tremit
664 870 750 894 omnis
761 869 835 900 sylva
847 869 894 893 sub

286 909 342 933 ictu

194 948 354 981 Fluctifrago.

163 997 268 1028 Aliter
282 1003 389 1028 tamen
406 998 547 1029 Nonius:
577 1003 597 1016 “
614 1002 740 1030 Set-escit
756 999 894 1038 positum

161 1052 184 1067 “
200 1059 256 1089 pro
283 1050 424 1086 siccatur,
454 1049 715 1091 quod‘screnitas
739 1051 820 1081 sicca
845 1051 892 1081 sit.

162 1105 186 1119 ‘⁶
202 1101 327 1132 Lucret.
344 1101 395 1131 lib.
409 1101 429 1131 i.

159 1162 182 1175 “
195 1162 327 1192 Denique,
338 1161 487 1193 fluctivago
498 1168 632 1194 suspensae
645 1162 672 1186 in
684 1162 772 1192 litore,
783 1166 869 1187 vestes

163 1202 183 1214 “
196 1202 345 1232 Uvescunt,
363 1202 469 1227 eaedem
482 1203 611 1234 dispensae
623 1203 650 1226 in
662 1203 716 1227 sole
727 1203 895 1227 serescunt.''

162 1248 239 1279 Non
255 1250 349 1288 male,
366 1261 423 1280 nec
438 1251 611 1287 invenuste,
628 1253 668 1281 ob
684 1257 842 1281 mutantes
857 1251 893 1280 li-

161 1301 238 1331 toris
263 1302 413 1332 terminos
436 1313 474 1332 ex
497 1303 594 1332 variis
617 1303 718 1333 indies
740 1303 896 1333 fluctuum

161 1353 469 1392 reciprocationibus:
503 1355 557 1385 sed
587 1366 660 1385 vero
683 1361 729 1385 est
750 1356 896 1394 similius,

161 1404 311 1436 rariorem
329 1416 452 1443 rocem,
475 1413 512 1437 ut
536 1407 578 1443 fit,
603 1408 764 1438 usitatiore
791 1415 896 1438 extru-

161 1467 230 1487 sam
250 1468 328 1496 esse,
351 1459 391 1489 ad
413 1466 545 1499 gustum
568 1460 754 1490 inscitorum
775 1461 896 1491 librari-

160 1519 262 1546 orum,
280 1509 387 1539 omnia
402 1510 443 1540 ad
457 1510 608 1541 doctrinae
624 1512 756 1552 propriae
767 1524 894 1544 mensu·

161 1571 238 1591 tam.
246 1562 561 1594 accommodantium.

160 1612 237 1644 Hoc
268 1620 374 1644 autem
405 1615 543 1654 epitheto
569 1616 709 1646 Lucretii
742 1617 892 1654 monitus,

150 1665 350 1706 fluctg'frag0,
378 1665 548 1697 dictionem
571 1659 830 1699 invalidissilnam
857 1681 895 1700 ex

159 1716 312 1755 Euripide
324 1718 470 1757 jusserim
480 1718 641 1757 facessere,
658 1726 688 1749 et
700 1720 760 1750 loci
770 1730 896 1750 veneres

149 1767 233 1809 *vera
246 1767 378 1798 lectione
394 1769 536 1799 revocata
551 1769 672 1799 elucere
691 1771 830 1809 fecerim,
855 1772 896 1802 ad

160 1818 292 1858 Hippol.
313 1823 403 1850 1173.

160 1887 258 1924 Ἦμεις
270 1899 330 1925 μεν,
342 1900 438 1920 ους-της
454 1893 777 1921 ΚΎΜΟΔΗΓΜΟΝΟΣ
791 1897 898 1926 πελας,

162 1943 348 1979 Ψῆκτξκλσίῖ
364 1938 461 1968 ἔπ’*ἴων
478 1940 652 1978 Εκτὲνλζθμὶν
669 1954 776 1983 τρίχας
784 1955 794 1971 .”

160 2005 179 2034 i.
196 2015 222 2035 e.
249 2007 348 2036 litoris
364 2006 454 2036 fracti
481 2012 510 2036 et
526 2010 659 2038 demorsz‘
685 2008 830 2038 fluctibus
844 2019 893 2039 ro-

160 2057 318 2095 dentibus,
345 2061 441 2089 exesz':
467 2059 538 2089 vide
554 2066 697 2089 nostrum
723 2071 807 2097 mox,
833 2071 893 2092 ver.

157 2112 231 2140 527.
254 2110 292 2140 iv.
309 2115 379 2141 221.
403 2111 442 2141 vi.
470 2116 540 2142 926.
569 2118 600 2142 et
615 2122 673 2142 nos
698 2113 738 2143 ad
764 2123 790 2144 v.
820 2117 890 2145 257.

157 2162 326 2201 Horatius,
351 2163 399 2194 od.
416 2163 434 2193 i.
451 2167 502 2194 51.
519 2168 547 2194 8.

253 2225 312 2248 Non
329 2231 389 2248 rura
401 2231 462 2255 quae
476 2225 542 2249 Liris
554 2225 644 2256 quieta

282 2266 392 2296 Momm,
404 2267 473 2298 aqua
485 2268 644 2298 taciturnus,
655 2268 751 2292 amnis.

162 2324 215 2353 Ita
223 2323 310 2353 locus
326 2325 382 2354 iste
392 2325 584 2363 scribendus,
600 2331 631 2355 et
642 2325 892 2366 distinguendus,

206 2375 279 2405 Ver.
295 2378 367 2406 507.
398 2378 566 2407 Uvescunt:
601 2383 635 2407 Δ.
653 2383 686 2408 Σ.
718 2380 891 2417 Udescunt;

162 2426 217 2457 sed
232 2428 382 2466 posterior
399 2428 560 2468 vulgatam
575 2429 742 2459 lectionem
757 2431 893 2471 margini

158 2479 276 2509 illitam
300 2479 446 2510 ostendit.
492 2481 535 2510 Et
561 2481 702 2511 Gellium
729 2493 795 2512 esse
820 2493 892 2513 aus-

160 2532 347 2562 cultandum
376 2533 494 2572 putavi,
535 2534 701 2565 docentem
730 2535 763 2564 in
800 2541 897 2566 noctt.

162 2583 230 2614 Att.
246 2594 298 2614 xx.
321 2587 367 2615 15.
384 2590 500 2614 veteres
516 2585 631 2616 dixisse
642 2598 766 2627 passum
783 2598 802 2617 a
811 2599 893 2627 pan-

159 2636 210 2673 do,
235 2646 299 2665 non
319 2647 471 2675 pansum:
497 2647 572 2666 nam
595 2637 646 2666 vix
670 2637 736 2667 fieri
764 2645 892 2677 poterat,

158 2686 239 2727 quin
254 2694 337 2717 casta
356 2688 507 2727 scriptura
531 2699 585 2727 per
600 2689 799 2720 librariorum
825 2702 891 2720 ma-

159 2748 220 2768 nus
246 2750 283 2769 ex
298 2742 447 2779 clispensae
471 2741 599 2771 tandem
619 2745 773 2781 ‹lispansce
788 2743 891 2782 prodi-

160 2796 218 2821 ret.
262 2791 313 2821 Pii
337 2792 433 2829 editio
457 2795 551 2823 habet
572 2796 720 2824 candenti
726 2809 735 2830 ;
762 2795 893 2825 omnino

161 2848 269 2872 contra
291 2844 551 2882 probabilitatem,
576 2852 606 2875 et
637 2846 737 2875 Nonii
766 2845 893 2885 insuper

154 2892 355 2933 suffragium.

207 2943 288 2975 Ibid.
339 2948 497 2980 Uvesczmt.
542 2949 615 2980 Vox
630 2948 746 2990 legitur
762 2949 796 2980 in
819 2959 890 2980 sua-

938 830 1084 860 vissimus
1109 830 1248 861 versibus
1278 830 1405 867 Avieni,
1446 831 1533 860 Arat.
1571 828 1672 869 phaen.

942 886 1034 914 1578.

1198 941 1218 965 si
1228 944 1300 966 tetro
1311 941 1421 966 crassior
1433 940 1497 965 orbe
1507 945 1558 971 est,

970 983 1079 1005 Uvescet
1090 979 1187 1012 pluviis
1198 980 1287 1011 tellus,
1299 981 1445 1012 inflataque
1457 980 1548 1010 celsaS‚

968 1021 1074 1052 Aggere
1085 1020 1204 1050 devicto,
1215 1021 1379 1052 superabunt
1391 1020 1504 1044 flumina
1515 1020 1592 1051 ripas.

940 1077 1054 1118 Neque
1069 1078 1230 1117 ambigam
1247 1077 1407 1118 equidem,
1424 1077 1513 1118 quin,
1534 1078 1592 1107 hac
1614 1076 1672 1107 eti-

939 1138 991 1157 am
1007 1128 1143 1158 dictione
1158 1134 1261 1166 tenus,
1281 1129 1471 1169 magistmm
1484 1139 1581 1159 suum
1597 1128 1673 1158 Vir-

939 1179 1034 1220 gilius
1049 1180 1182 1210 voluerit
1196 1180 1356 1220 effingere,
1373 1181 1421 1210 ad.
1437 1191 1505 1221 geo.
1521 1181 1553 1210 ii.
1576 1184 1645 1210 111.

1167 1250 1194 1271 at
1206 1247 1290 1272 fulvae
1303 1248 1410 1272 nimbus
1421 1254 1511 1273 arenae

939 1285 1074 1310 Tollitur:
1093 1289 1224 1311 uvescune
1234 1287 1345 1318 spumis,
1358 1287 1478 1318 flatuque
1489 1291 1662 1319 sequentum.

941 1343 1062 1385 VulgO,
1092 1347 1292 1376 humescunt:
1320 1356 1395 1376 num
1427 1346 1674 1384 distinctionem,

941 1406 1036 1436 quam
1063 1398 1235 1428 commenti
1259 1404 1333 1428 sunt
1349 1399 1495 1429 nonnulli
1522 1399 1604 1429 inter
1618 1400 1676 1430 has

941 1458 1041 1487 voces,
1082 1460 1167 1480 mera
1208 1461 1273 1481 esse
1305 1452 1585 1492 grammaticorum
1615 1463 1676 1482 nu-

939 1500 1132 1540 gatoriorum
1150 1502 1273 1532 somnia
1289 1502 1349 1533 loci
1372 1503 1465 1533 multi
1489 1505 1677 1543 scriptorum

938 1552 1197 1589 probissimorum
1213 1549 1360 1594 arguunt.
1396 1555 1496 1585 Aliud
1517 1555 1622 1594 edicit,
1647 1562 1679 1586 et

940 1603 1071 1633 omnino
1095 1605 1184 1645 gregi
1207 1605 1329 1646 reliquo
1345 1607 1550 1645 contrarium,
1567 1608 1675 1637 'incer-

938 1659 989 1684 tus
1004 1662 1112 1685 auctor
1128 1656 1166 1687 de
1182 1656 1367 1687 differentiis
1380 1668 1506 1696 vocum,
1528 1669 1557 1697 p.
1581 1662 1675 1688 9206.

939 1706 986 1736 ed.
1015 1707 1177 1745 Putschii;
1201 1710 1268 1749 qui,
1296 1710 1321 1738 si
1338 1710 1417 1739 tanti
1433 1710 1480 1746 sit,
1509 1709 1674 1740 consulen-

939 1759 998 1789 dus
1025 1766 1078 1789 est„
1124 1760 1179 1789 Ad
1211 1761 1398 1799 Horatium,
1430 1767 1484 1792 sat.
1510 1761 1540 1791 ii.
1568 1767 1596 1793 6.
1625 1764 1674 1793 70.

938 1809 1056 1839 librarii
1072 1811 1138 1840 haec
1154 1811 1305 1842 vocabula
1320 1819 1544 1851 permutavere.

987 1861 1067 1891 Ibid.
1089 1864 1249 1902 dispessae:
1285 1864 1466 1903 Suetonius,
1493 1865 1553 1896 viii.
1584 1869 1677 1897 19.—

943 1917 964 1932 “
980 1916 1157 1954 dispansam
1189 1915 1323 1945 dexterae
1358 1917 1471 1946 manus
1500 1917 1675 1956 palmam.'’

943 1966 1008 1996 Ubi
1023 1966 1223 2006 quorundam
1239 1967 1467 2006 exemplarium
1482 1968 1675 2008 varietatem,

938 2019 1122 2057 (Ie'spensccm,
1142 2018 1353 2057 corruptelam
1368 2029 1432 2048 esse
1448 2019 1596 2059 genuinae
1612 2019 1674 2051 lec-

939 2068 1034 2098 tionis
1059 2071 1225 2108 dispessam
1248 2079 1319 2100 vere
1341 2069 1465 2110 judicat
1480 2071 1674 2102 Oudendor-

938 2121 1017 2159 pius.
1062 2121 1198 2160 Plinius,
1225 2128 1288 2152 nat.
1314 2123 1385 2153 hist.
1408 2123 1449 2153 ix.
1469 2127 1567 2153 5.—“
1583 2126 1675 2155 arbor

937 2175 959 2189 “
975 2172 1068 2201 vastis
1097 2175 1244 2213 dispansa
1266 2173 1400 2204 rarnis:”
1425 2185 1495 2215 quae
1513 2175 1675 2206 Ciceronis

936 2230 982 2253 est
998 2227 1019 2242 “
1033 2224 1148 2263 patulis
1170 2224 1284 2265 dzffusa
1300 2225 1429 2263 ramis,''
1453 2225 1492 2256 de
1507 2232 1582 2257 orat.
1607 2227 1631 2257 i:
1642 2229 1671 2257 7.

982 2276 1063 2306 Ibid.
1086 2284 1248 2308 seresczmt.
1280 2278 1450 2308 Philoxeni
1466 2278 1667 2319 glossarium:

937 2331 960 2346 “
979 2335 1164 2370 Ξηραινομαι·
1197 2338 1314 2367 aresco,
1352 2341 1478 2368 seresco,
1508 2330 1671 2361 siccesco.’'

939 2379 1027 2409 Alibi
1041 2390 1150 2409 vocem
1166 2380 1200 2409 in
1215 2381 1275 2410 hoc
1289 2391 1382 2411 sensu
1398 2391 1463 2411 non
1478 2382 1606 2420 reperio.

981 2432 1056 2462 Ver.
1065 2435 1145 2462 ⁷508.
1178 2434 1220 2463 Ab
1232 2447 1242 2463 .-
1262 2432 1302 2463 V.
1318 2433 1365 2463 ed.
1384 2440 1424 2463 Π.
1442 2435 1668 2465 Aca—leuman-

938 2484 975 2514 L.
1005 2484 1052 2514 M.
1078 2496 1183 2515 umor:
1212 2485 1298 2516 unde
1323 2491 1444 2515 tentare
1471 2486 1540 2526 quis
1569 2492 1672 2525 posset

938 2548 1028 2572 avom
1055 2537 1119 2574 sed,
1145 2537 1270 2577 opinor,
1290 2538 1448 2569 auditores
1463 2538 1567 2568 tardos
1582 2539 1670 2569 habi-

938 2594 1035 2619 turus.
1082 2588 1194 2627 Varro,
1221 2589 1260 2619 de
1285 2589 1360 2630 ling.
1388 2589 1457 2619 Lat.
1484 2589 1524 2619 iV.
1544 2592 1594 2620 21.
1617 2590 1670 2622 fin.

938 2644 961 2659 “
980 2641 1067 2676 Uvae,
1094 2642 1132 2671 ab
1148 2641 1268 2671 ωπον-εἶ’
1314 2640 1467 2678 Isidorus,
1483 2641 1582 2682 origg.
1598 2642 1670 2673 xvii.

938 2694 966 2722 5.
1014 2696 1036 2710 ‘⁶
1054 2692 1133 2722 Uvae
1148 2692 1251 2729 dictae,
1275 2691 1359 2731 quod
1379 2692 1565 2723 intn'nsecus
1580 2705 1670 2725 uvore

938 2748 960 2762 ‘⁶
977 2749 1051 2773 sunt
1077 2743 1188 2782 plenae,
1216 2744 1355 2784 sucique,
1381 2750 1412 2774 et
1435 2744 1668 2786 pinguedinis.”

937 2796 988 2825 Ita
1000 2795 1233 2835 castigandum:
1260 2796 1375 2835 editur,
1389 2799 1669 2838 humore—perse-

935 2850 1032 2878 derit:
1061 2847 1099 2877 V.
1117 2847 1165 2877 ed.
1177 2859 1284 2887 pesens
1297 2851 1366 2880 erit.

981 2898 1062 2928 Ibid.
1090 2902 1261 2938 persederit
1290 2902 1398 2932 humor
1425 2903 1533 2942 aqzm'z'.

936 2949 1100 2991 Virgilius,
1115 2961 1184 2992 geo.
1199 2951 1241 2982 iii.
1258 2954 1332 2984 442.

1578 2901 1667 2932 Hinc

870 3009 934 3039 F2
