1894 3253
577 277 811 326 LIBER
860 277 1276 326 SECUNDUS.

207 413 289 450 295
321 409 471 466 Copia,
494 425 570 452 nec
588 426 716 466 vporro
736 410 958 466 majoribus
978 410 1211 451 intervallist

323 487 433 528 Nam
454 501 588 541 nequo
607 486 841 543 adaugescit
861 486 1102 541 quidquam,
1126 500 1259 541 neque
1279 484 1439 540 deperit
1459 483 1565 525 inde.

326 560 609 615 Quapropter,
632 575 715 615 quo
736 574 846 600 nunc
868 559 910 598 in
931 567 1047 599 motu
1068 559 1365 614 principiorum

327 634 517 688 Corpora
537 642 646 683 sunt,
670 634 712 674 in
734 633 878 674 eodem
901 640 996 674 ante
1017 632 1107 674 actii
1128 641 1250 674 aetate
1270 633 1399 684 fuere,

324 708 381 748 Et
399 707 571 763 posthac
591 723 752 762 semper
773 707 893 748 simili
914 708 1075 749 ratione
1095 707 1294 749 ferentur:

210 788 293 824 300
324 782 395 832 Et,
418 797 511 838 quae
532 783 770 823 consuerint
789 782 921 838 gigni,
943 782 1167 839 gignentur
1188 782 1333 823 eadem

328 856 597 907 Conditione;
631 863 672 897 et
692 863 828 906 erunt,
851 864 891 897 et
911 864 1109 906 crescent,
1132 857 1257 912 inque
1277 857 1486 909 valebunt,

326 931 547 981 Quantum
568 931 746 986 quoique
766 929 911 971 datum
931 938 992 971 est
1011 945 1085 985 per
1104 930 1260 972 foedera
1279 935 1458 973 naturai:

327 1006 417 1047 Nec
438 1020 574 1047 rerum
597 1020 801 1047 summam
823 1013 1066 1047 conmutare
1086 1005 1167 1046 ulla
1186 1014 1320 1061 potest
1341 1007 1412 1047 vis.

327 1080 454 1130 Nam,
477 1095 611 1136 neque
632 1095 715 1136 quo
734 1081 862 1136 possit
881 1095 1012 1137 genus
1032 1079 1160 1121 ullum
1181 1081 1371 1122 materiai

216 1159 297 1196 305
330 1154 534 1212 chugere
555 1169 607 1195 ex
627 1155 756 1205 omni,
781 1155 1006 1210 quidquam
1027 1164 1085 1196 est
1094 1173 1106 1204 3
1140 1170 1289 1210 neque,
1313 1171 1468 1206 rursus,
1495 1157 1539 1197 iu
1560 1171 1683 1198 omne

329 1228 455 1271 Unde
476 1237 619 1270 coorta
637 1237 764 1284 queat
784 1244 893 1270 nova
912 1229 972 1270 vis
992 1230 1245 1284 inrumpere,
1268 1237 1308 1270 et
1329 1244 1497 1270 omnem

183 1385 294 1426 “ipsis
319 1386 405 1416 vobis
428 1385 587 1425 reponitis,
615 1385 742 1427 fierique
768 1396 821 1417 vos
836 1386 910 1417 deos

183 1440 205 1456 “
221 1443 322 1468 vestro
336 1437 431 1467 fiditis
447 1439 652 1478 intestinoque
667 1438 810 1469 conatu.'‘

226 1488 299 1519 Ver.
332 1492 405 1521 291.
437 1489 527 1529 fi’rre
559 1491 699 1529 patique.
746 1489 912 1526 Horatius,

187 1539 272 1579 epist.
288 1540 309 1570 i.
330 1543 379 1570 15.
398 1542 444 1570 17.

216 1609 288 1632 Rure
298 1614 360 1633 meo
372 1614 479 1639 possum
491 1607 555 1639 quid
566 1607 604 1632 vis
618 1608 730 1640 peaeferre
738 1608 850 1640 patique.

230 1670 302 1701 Ver.
320 1675 391 1702 292.
414 1673 576 1702 clinamen.
622 1672 696 1702 Hoc
712 1682 828 1701 nomen
841 1671 916 1702 alibi

184 1733 249 1753 non
265 1723 392 1762 reperio.
438 1723 723 1763 Eloquentissimus
737 1729 917 1764 togatorum

184 1776 278 1805 verbo
293 1775 363 1814 plus
378 1775 475 1805 semel
490 1785 566 1804 usus
581 1781 627 1805 est
641 1774 674 1804 in
687 1774 827 1805 Arateis:

216 1849 341 1878 —Jam
354 1855 418 1873 vero
428 1847 523 1872 climata
535 1851 575 1872 est
586 1848 687 1879 ungula
698 1848 845 1872 vehemens

218 1888 303 1912 Fortis
314 1888 376 1920 equi
387 1893 496 1920 propter
505 1888 616 1919 pennati
627 1888 745 1920 corporis
760 1888 843 1913 alam:

190 1957 222 1981 et
237 1962 311 1982 mox
326 1951 444 1982 ibidem
460 1962 578 1982 rursus:

220 2010 255 2034 Et
266 2007 360 2034 clinum
372 2010 457 2042 magis
468 2010 558 2042 paullo
569 2013 608 2035 est
619 2010 749 2041 aquilonis
760 2011 794 2035 ad
802 2017 887 2036 auras.

193 2060 333 2090 Inferius
347 2060 496 2100 denique:

220 2120 297 2145 Ponit
307 2120 363 2144 avis
376 2124 469 2152 caput,
478 2124 505 2145 et
513 2120 605 2144 clinato
616 2127 728 2152 corpore
737 2123 855 2152 tergum.

193 2169 303 2200 Addas
312 2171 392 2210 epig.
403 2173 455 2201 55.
466 2169 519 2200 lib.
531 2169 573 2199 iii.
586 2169 716 2200 Anthol.
728 2170 798 2200 Lat.
810 2170 919 2200 Burm.

220 2229 295 2255 Talis
306 2230 404 2254 humus
415 2231 548 2254 Venerem
565 2229 660 2254 molles
683 2228 797 2253 clinavit
814 2228 841 2252 in
860 2229 920 2253 her-

315 2271 370 2294 bas.

196 2317 363 2354 Caeterum,
381 2325 422 2349 Π.
436 2320 529 2349 habet
544 2321 685 2350 cinamen
693 2334 703 2355 ;
730 2318 848 2350 vitiose.

233 2369 309 2399 Ver.
332 2373 403 2401 294.
416 2370 487 2410 fuit
512 2382 675 2410 umquam:
703 2371 740 2401 P.
766 2370 864 2400 Vind.
881 2371 921 2400 V.

194 2420 242 2451 ed.
258 2420 295 2450 L.
314 2425 348 2451 Σ.
365 2421 536 2461 52.fzcltum
552 2433 662 2461 qzcam;
681 2421 839 2462 H-fzdtim
851 2432 918 2462 que.

238 2472 315 2501 Ver.
333 2475 404 2502 296.
428 2473 514 2501 ZVam
540 2473 627 2502 abest
643 2479 683 2502 Π.
700 2479 731 2502 et
753 2479 836 2510 sunt,
859 2482 919 2502 ver.

195 2526 407 2562 298.—-neque
422 2522 585 2561 posterior:
613 2523 651 2552 P.
667 2523 711 2553 V.
727 2523 775 2553 ed.
793 2534 856 2554 nec.

239 2573 318 2604 Ibid.
341 2575 530 2613 adaugescit.
578 2573 735 2604 Dictionis
757 2574 922 2604 rarissimae

195 2625 377 2664 exemplum
403 2624 524 2664 egregii
554 2634 660 2654 versus
690 2625 738 2655 M.
768 2625 868 2655 Tullii
889 2625 923 2655 in

196 2678 322 2711 Arateis
337 2677 426 2707 nobis
440 2676 639 2717 suppeditant
653 2678 710 2707 sub
724 2677 836 2707 finem:

211 2747 266 2773 Aut
277 2746 373 2771 densus
384 2745 491 2774 stridor,
500 2751 594 2775 quom,
603 2744 672 2768 celso
682 2751 697 2768 a
708 2744 811 2769 vortice
823 2744 924 2768 montis

211 2787 302 2815 ortus,
312 2784 457 2816 adaugescit
467 2783 640 2816 scopulomm
651 2789 724 2814 saepe
732 2784 850 2815 repulsu.

237 2850 312 2880 Ver.
329 2853 400 2880 299.
418 2850 562 2888 posthac:
584 2854 623 2877 Π.
635 2848 780 2886 postlzaec,
793 2851 829 2876 ut
839 2845 924 2876 alias.

238 2901 313 2931 Ver.
328 2905 401 2932 300.
417 2903 609 2932 consuerint:
630 2906 671 2930 Π.
685 2904 721 2930 Σ.
741 2905 786 2929 Ω.
800 2909 924 2930 consue-

199 2959 288 2989 runt,-
312 2959 343 2983 et
357 2952 500 2993 vulgares
515 2952 611 2983 etiam
626 2950 786 2982 editiones.

997 1387 1071 1418 Ver.
1086 1391 1160 1419 501.
1182 1393 1333 1420 crescent:
1358 1387 1402 1417 V.
1419 1387 1467 1418 ed.
1494 1395 1686 1419 crescunt.—

955 1441 1065 1479 z'nquc:
1091 1439 1135 1469 sic
1154 1439 1203 1469 Pii
1229 1439 1295 1469 sola
1321 1439 1542 1477 Bononiensis,
1569 1440 1687 1479 perele-

958 1497 1081 1530 ganter:
1108 1491 1218 1531 reliqui
1235 1501 1357 1528 omneS,
1383 1493 1483 1530 vique,
1500 1491 1585 1521 facili
1601 1493 1689 1521 aber-

959 1543 1090 1580 ratione,
1113 1553 1215 1583 neque
1231 1543 1306 1573 alias
1322 1543 1553 1574 contemnenda
1567 1544 1684 1582 phrasi:

959 1594 1025 1624 redi
1041 1594 1080 1624 ad
1096 1605 1156 1624 ver.
1177 1598 1245 1625 196.

1004 1645 1077 1675 Ver.
1102 1649 1173 1676 502.
1187 1645 1311 1686 foeclera
1338 1646 1477 1675 natura‘i.
1523 1645 1689 1686 Virgilius,

959 1708 1026 1739 geo.
1042 1698 1062 1727 i.
1078 1701 1129 1728 60.

1126 1784 1172 1807 has
1184 1783 1265 1815 leges,
1277 1782 1554 1814 aeternaquefoedera,
1567 1783 1646 1808 certis

1025 1822 1144 1854 Inposuit
1155 1826 1251 1846 natura
1262 1822 1335 1847 locis.

966 1901 1136 1938 Caeterum,
1162 1907 1205 1930 est
1229 1900 1262 1930 in
1288 1906 1330 1930 Π.
1359 1899 1566 1931 desideratur:
1594 1906 1636 1938 et,
1660 1900 1692 1930 in

964 1962 1053 1983 versu
1069 1958 1228 1993 sequente,
1249 1963 1306 1992 pro
1323 1955 1399 1990 ulla,
1419 1959 1464 1983 Ω..
1479 1953 1572 1982 habet
1582 1954 1679 1983 nulla.

1006 2004 1081 2034 Ver.
1097 2007 1170 2035 505.
1195 2015 1304 2034 rursus
1316 2004 1402 2033 abest
1424 2002 1522 2033 Vind.
1538 2003 1575 2033 L.
1594 2004 1633 2033 O.
1651 2010 1692 2033 Π.

966 2060 1002 2087 Σ.
1021 2057 1141 2095 partis;
1170 2055 1210 2086 V.
1232 2055 1431 2085 ed.—omne:
1458 2053 1557 2084 Vind.
1582 2054 1622 2084 V.
1647 2054 1694 2084 ed.

965 2113 1006 2138 Π.
1023 2112 1058 2139 Σ.
1080 2108 1290 2144 omnes.-Et,
1313 2107 1346 2137 in
1363 2116 1451 2136 versu
1467 2111 1628 2147 sequente,
1655 2106 1694 2136 G.

963 2170 1058 2189 omne.

1007 2211 1081 2240 Ver.
1096 2214 1168 2241 508.
1192 2210 1293 2241 Hicce
1309 2219 1415 2240 versus
1428 2219 1503 2238 cum
1525 2208 1623 2238 tribus
1646 2218 1693 2238 se-

963 2264 1131 2303 quentibus
1146 2264 1232 2293 abest
1245 2261 1344 2292 Vind.
1362 2261 1485 2291 A.—Et
1493 2260 1629 2290 occurrit
1639 2261 1694 2289 ob-

960 2315 1080 2355 jicienti
1095 2315 1271 2350 Lucretius,
1297 2315 1354 2344 hos
1376 2320 1557 2343 atomorum
1576 2317 1693 2349 motus,

967 2381 1045 2411 quos
1060 2367 1209 2407 Epicurei
1226 2366 1448 2407 fingunt,1non
1463 2374 1551 2403 posse
1577 2363 1694 2393 indesi-

962 2427 1072 2452 nenter
1088 2419 1165 2457 fieri,
1181 2428 1281 2459 quum
1297 2426 1421 2448 summa
1435 2425 1551 2450 rerum,
1576 2428 1609 2444 το
1625 2427 1695 2456 παν,

964 2473 1096 2502 immota
1126 2475 1252 2510 perstet,
1286 2474 1382 2509 atque
1416 2467 1694 2505 imperturbata.—

968 2526 1080 2563 Porro,
1106 2524 1140 2553 in
1155 2533 1244 2554 versu
1259 2521 1414 2561 proximo,
1433 2526 1478 2550 Ω.
1502 2525 1573 2549 sunt
1589 2518 1694 2555 habet,

965 2577 1034 2607 loco
1048 2578 1119 2607 sint.

1010 2629 1086 2659 Ver.
1102 2631 1175 2658 511.
1198 2628 1273 2667 quid
1289 2631 1394 2655 motus.
1424 2623 1499 2653 Non
1513 2627 1696 2662 promptum

969 2687 1014 2712 est
1029 2680 1190 2719 dispicere,
1217 2677 1343 2718 qualem
1357 2674 1620 2706 constructionem
1636 2673 1697 2703 loci

967 2738 1071 2762 noster
1084 2729 1229 2760 voluerit:
1256 2734 1363 2758 utrum
1379 2729 1454 2767 quid
1470 2725 1577 2763 monis,
1595 2725 1629 2754 in
1641 2735 1696 2763 pa-

967 2784 1028 2814 trio
1042 2793 1127 2819 casu,
1155 2795 1219 2811 ιτινα
1235 2793 1348 2813 nummu·
1371 2789 1412 2809 an
1427 2781 1502 2819 quid
1517 2784 1614 2808 motus
1629 2779 1696 2813 dat,

969 2835 1002 2864 in
1033 2844 1106 2863 casu
1135 2837 1246 2872 quarto
1271 2830 1396 2870 plurali,
1427 2843 1447 2860 ει
1471 2844 1514 2869 μη
1543 2843 1561 2858 -τ
1572 2843 1581 2858 ι
1594 2830 1697 2868 mvn&-

970 2886 1051 2916 Haec
1065 2885 1115 2914 via
1126 2884 1216 2913 uobis
1226 2883 1347 2914 videtur
1358 2881 1547 2913 doctioribus
1562 2877 1697 2920 ingeniis

969 2936 1239 2969 acconunodatjor.
1292 2941 1296 2944 ”

905 3025 970 3055 RQ
