1894 3253
830 214 922 254 383

429 616 863 684 ADDENDA

920 609 1334 676 QUAEDAM.

798 924 925 969 LIB.
959 923 993 964 Ι.

144 1162 248 1194 VER.
276 1163 305 1191 7.
335 1159 423 1189 tellus
453 1154 601 1186 submittit
621 1151 728 1193 flores.
788 1144 874 1176 Cum

142 1209 374 1255 elegantissima
404 1206 563 1239 locutione
597 1204 679 1234 bene
707 1197 877 1231 contendet

144 1265 251 1297 Ovidii
266 1260 452 1298 consimilis,
474 1258 508 1289 in
523 1261 597 1288 met.
614 1264 663 1284 xv.
679 1256 730 1283 81.

203 1338 316 1370 prodiga
327 1335 440 1362 divitias
451 1333 635 1360 alimentaque
644 1325 722 1351 mitia
733 1323 805 1349 tellus

205 1377 376 1410 suggerit-3

144 1445 166 1474 i.
183 1451 209 1472 e.
234 1441 364 1480 ὖπαφυει,
389 1435 437 1467 vel
454 1435 628 1467 ὑποέαλλει,
650 1437 687 1461 ut
702 1429 812 1471 glossae
827 1436 879 1456 ve-

146 1501 235 1525 teres.

189 1546 266 1576 Ver.
286 1546 334 1574 15.
352 1541 505 1582 perculsae
520 1539 623 1569 corda.
671 1535 752 1571 Quae
763 1531 883 1564 notavi-

148 1608 221 1630 mus
235 1596 275 1627 de
289 1595 348 1625 hac
362 1591 480 1633 phrasi,
498 1588 624 1621 Servius
641 1587 682 1618 ad
697 1586 787 1628 Virg.
806 1586 883 1617 AEn.

150 1650 180 1681 ii.
197 1650 271 1681 559.
285 1645 463 1677 luculenter
477 1640 655 1672 illustrabit.

196 1700 270 1731 Ver.
288 1701 338 1729 14.
353 1697 438 1738 feroe
458 1695 601 1735 pecudes.
645 1692 751 1722 Locus
780 1689 887 1721 Ovidii

153 1763 211 1796 est,
236 1757 271 1787 in
287 1765 351 1797 quo
365 1762 484 1784 nomen
488 1751 564 1792 sera
581 1750 622 1781 de
638 1751 734 1780 brutis
750 1749 888 1778 omnibus

156 1810 344 1843 animalibus
365 1807 432 1848 pari
455 1804 550 1836 modo
566 1802 730 1843 accipitur,
753 1806 828 1831 met.
843 1809 892 1830 xv.

158 1867 209 1895 83.

191 1923 354 1955 Cameferae
365 1922 459 1947 sedant
467 1920 582 1952 jejunia:
601 1925 651 1943 nec
664 1920 758 1942 tamen
769 1922 852 1939 omnes
860 1922 870 1942 ,-

192 1964 300 1996 Quippe
310 1970 398 1995 equus‚
409 1965 436 1987 et
445 1960 561 1994 pecudes,
573 1960 754 1988 armentaque,
767 1954 889 1987 gramine

273 2003 383 2027 vivunt.

207 2070 282 2102 Ver.
296 2073 348 2100 50.
371 2079 505 2099 moenera
521 2067 650 2097 militiai
665 2066 774 2105 sopita.
815 2063 896 2093 Am-

165 2122 291 2154 mianus
303 2119 522 2157 Marcellinus,
538 2118 620 2148 xxxi.
634 2119 733 2147 4.—-“
749 2115 811 2146 illis
819 2121 900 2146 trac-

167 2178 190 2194 “
206 2175 290 2205 tibus
305 2183 371 2204 non
393 2172 454 2202 nisi
476 2176 610 2211 peracta,
638 2175 692 2199 aut
706 2171 817 2209 sopita,
841 2179 899 2199 au-

169 2230 191 2245 “
207 2225 268 2256 diri
290 2225 398 2265 procul
412 2223 577 2265 agentibus
600 2226 825 2252 consueverant
839 2221 899 2251 bel-

171 2281 194 2295 “
209 2275 277 2307 la.''

217 2328 290 2359 Ver.
314 2331 365 2360 55.
391 2328 481 2358 tereti
503 2328 616 2358 cervice
639 2323 766 2365 reposta.
811 2325 905 2355 Forte

177 2393 217 2413 an
242 2380 411 2422 respexerit
433 2385 538 2410 noster
564 2378 760 2417 Maeoniden‚
793 2378 854 2409 Od.
882 2386 904 2410 1.

175 2438 248 2467 572.

218 2505 294 2537 Kur',
315 2505 507 2539 σιτοδοχμωσσις
519 2513 605 2537 σωχυν
617 2512 759 2537 augent-q

222 2575 298 2604 Ver.
324 2577 375 2605 69.
405 2582 501 2612 neque
517 2571 602 2612 sana
629 2569 730 2607 deam,
759 2582 814 2602 nec
839 2582 910 2602 con-

178 2628 288 2667 pressit
313 2627 430 2656 coelum.
463 2622 613 2654 Similiter
637 2623 813 2662 Sophocles,
837 2623 912 2655 OEd.

181 2679 255 2719 Tyr.
272 2681 344 2709 886.

302 2742 387 2770 Δικαις
400 2738 532 2773 οιφοέηνος,
555 2740 597 2766 υδε

301 2789 495 2816 ΔΑΙΜΟΝΩΝ
505 2788 588 2813 ἘΔΗ
603 2787 724 2813 ΣΕΒΩΝ.

231 2867 311 2897 Ibid.
337 2868 424 2908 sana
455 2865 553 2897 dezim.
611 2865 773 2901 Isocrates,
803 2862 912 2895 Nicoc.

185 2919 244 2949 sub
267 2918 337 2950 init.
359 2918 489 2959 pulchre
510 2915 840 2957 comparemu—zbsn
864 2927 915 2950 τες

918 1147 1091 1180 ταλμωντας
1108 1141 1294 1178 βλασφημειν
1318 1151 1377 1180 περι
1393 1152 1449 1169 των
1465 1138 1648 1170 παιόενοντωι

920 1206 970 1223 και
986 1198 1196 1232 φιλοσοφεντωι
1214 1191 1310 1229 ὅμοιως
1334 1192 1408 1229 αξιον
1429 1204 1527 1230 pamm,
1551 1193 1586 1226 ὡς
1604 1206 1654 1234 περ

921 1257 972 1278 τες
991 1257 1025 1277 εις
1043 1256 1083 1273 τα
1103 1248 1225 1273 ΘΕΩΝ
1238 1245 1329 1273 (ΕΔΗ
1346 1245 1604 1286 εξκμαρτανοντας.

961 1295 1038 1324 Ver.
1056 1296 1106 1325 71.
1137 1293 1307 1335 effringere
1325 1301 1486 1334 portarum
1511 1297 1655 1326 claustra.

920 1345 1046 1383 Florus,
1079 1344 1119 1375 ἰν.
1145 1348 1175 1375 9,.
1204 1347 1254 1375 21.
1290 1347 1313 1363 “
1332 1346 1502 1376 AErarz'um
1532 1356 1657 1388 quoque

924 1402 947 1417 “
964 1397 1245 1437 sanctum-jussit
1258 1396 1414 1437 effringil'
1440 1398 1580 1439 Vulgata
1591 1411 1659 1431 ver-

926 1450 972 1480 sio
997 1450 1079 1480 Gen.
1107 1449 1168 1479 xix.
1193 1453 1291 1481 9.—“
1304 1448 1434 1489 jamque
1460 1460 1556 1490 prope
1582 1458 1659 1490 erat,

928 1505 951 1520 “
967 1507 1004 1532 ut
1018 1501 1346 1543 effh‘ngerentforesst'
1371 1502 1414 1532 Et
1424 1501 1526 1532 Exod.
1543 1503 1616 1534 xxii.
1631 1507 1659 1534 2.

929 1558 951 1573 “
973 1554 1005 1584 Si
1019 1554 1186 1595 effringens
1197 1553 1249 1584 fur
1266 1553 1539 1584 domum—fuerit
1553 1555 1663 1586 inven-

929 1610 951 1626 “
967 1607 1093 1638 tus-.’‘

975 1660 1057 1692 Ibid.
1094 1661 1264 1702 effringere
1292 1663 1437 1692 claustra.
1487 1662 1663 1700 Arnobius‚

931 1714 983 1744 lib.
1010 1714 1043 1744 ii.
1069 1724 1099 1752 p.
1127 1716 1175 1744 72.
1214 1714 1337 1743 im.——-“
1364 1715 1465 1745 domos
1494 1721 1530 1744 ut
1560 1714 1666 1756 (ᾗῇ-ἰη-

936 1770 958 1785 “
973 1772 1079 1806 gerent
1095 1765 1315 1796 noctibus—.'’
1355 1766 1406 1796 Ibi
1422 1766 1525 1796 videas
1541 1768 1668 1807 insuper

937 1818 1219 1849 Elmenhorstium.

981 1871 1056 1901 Ver.
1074 1873 1123 1901 91.
1135 1869 1261 1909 fi’rrum
1285 1871 1424 1901 celerare.
1470 1871 1553 1902 Haec
1575 1873 1669 1912 scrip-

940 1928 1011 1953 tura
1035 1921 1147 1952 melius
1172 1921 1318 1952 convenit
1348 1922 1507 1962 Euripidi,
1540 1925 1572 1954 in
1602 1925 1671 1965 Iph.

943 1975 1019 2006 Aul.
1053 1978 1143 2007 1566.
1178 1981 1209 2004 et
1239 1974 1414 2015 Musgravii
1444 1975 1674 2008 dubitationem

943 2027 1032 2058 tollit.

986 2080 1059 2110 Ver.
1077 2083 1126 2111 93.
1151 2080 1280 2120 genibus
1294 2080 1451 2110 submissa.
1495 2081 1673 2122 Vulgatum

943 2139 1081 2171 teneam,
1104 2133 1130 2162 si
1155 2131 1252 2162 modo
1274 2131 1317 2161 sic
1342 2132 1565 2171 interpreteris:
1595 2138 1615 2152 “
1635 2136 1674 2166 Se

944 2188 965 2202 “
981 2184 1022 2214 ad
1038 2195 1143 2225 genua
1160 2185 1263 2223 patris
1278 2183 1472 2214 demittens.”
1518 2185 1569 2215 Ita
1585 2185 1673 2217 lucu-

943 2236 1044 2267 lenter
1069 2236 1185 2267 scilicet
1211 2235 1388 2275 Euripides,
1419 2236 1453 2266 in
1478 2237 1549 2276 Iph.
1579 2238 1675 2270 Taur.

947 2295 1022 2323 563.

976 2370 1059 2397 Ὀσοις
1072 2378 1148 2400 yeme·
1161 2377 1247 2403 χειροις
1259 2370 1414 2400 §guamo-m,

987 2418 1161 2444 PONATnN
1180 2418 1221 2442 ΓΕ
1234 2427 1266 2442 τε
1278 2418 1475 2443 ΤΕΚΟΝἹῸΣ
1491 2419 1653 2454 εξαρτωμενὴ·

991 2468 1102 2498 Λεγεσοι
1112 2464 1239 2492 ‘roizy—m

956 2548 1008 2579 Ita
1022 2547 1268 2583 rescribendum,
1291 2557 1348 2586 pro
1370 2554 1499 2578 Γονατων
1515 2561 1558 2578 τε·
1585 2558 1684 2588 quum

955 2601 1045 2632 aliter
1067 2599 1223 2630 sententia
1247 2598 1479 2629 constructione
1505 2609 1578 2628 cum
1602 2599 1684 2631 inof-

956 2652 1045 2682 fiens&
1060 2662 1124 2682 non
1139 2649 1300 2690 procedat:
1327 2655 1358 2680 et
1379 2649 1443 2679 vim
1467 2650 1626 2689 propriam
1650 2666 1688 2693 »γε

957 2704 1109 2744 particula
1125 2701 1322 2732 nanciscitur.

1001 2758 1077 2788 Ver.
1105 2760 1173 2787 155.
1196 2757 1394 2796 vigilantibus
1420 2757 1504 2787 obvia
1527 2769 1687 2798 somnoque

958 2812 1093 2850 sepultis.
1141 2809 1223 2839 Haec
1237 2808 1325 2838 locus
1344 2808 1436 2845 Celsi,
1453 2809 1487 2839 in
1505 2810 1593 2850 Orig.
1606 2816 1686 2840 cont.

961 2861 1041 2893 Cels.
1059 2861 1111 2891 lib.
1130 2861 1162 2890 ii.
1178 2871 1208 2899 p.
1226 2863 1277 2892 97.
1292 2860 1431 2891 multum
1446 2861 1624 2899 illustrabit,
1641 2867 1687 2892 at-

961 2924 1021 2954 que
1037 2912 1173 2945 vicissim
1190 2912 1408 2952 explicabitur:
1442 2918 1527 2949 Eam,
1552 2913 1586 2947 ὣς
1608 2911 1687 2944 δυνα-
