1894 3253
222 282 314 324 268

732 278 791 326 Τ.
833 278 1213 330 LUCRETII

254 413 336 450 395
368 409 507 464 Atque
527 408 620 449 ideo
641 408 702 459 fit,
725 411 809 451 utei
830 426 915 452 non
937 420 1021 453 tam
1042 413 1210 455 diducta
1230 424 1400 470 repente

368 483 483 523 Inter
505 498 545 523 se
565 484 721 538 possint
741 484 968 539 primordia
989 487 1147 544 singissa
1167 503 1341 544 quaeque

370 556 541 614 Singula
560 572 634 612 per
654 559 881 615 quoiusque
899 559 1103 602 foramina
1121 577 1378 617 permanare.

427 630 528 672 Huc
549 631 726 682 adcedst,
748 634 833 674 utei
852 634 980 675 mellis
999 635 1194 691 lactisque
1213 637 1403 693 liquores,

366 704 559 746 Jocundo
580 721 699 748 sensu
718 707 886 764 linguae,
915 717 1142 752 tractentur
1162 713 1205 751 in
1226 726 1316 761 ore;

252 783 335 818 400
366 779 425 819 At
447 787 590 820 contra
610 788 715 821 tetra
736 781 928 823 absinthii
948 792 1095 825 natura
1114 785 1270 840 ferique

370 853 582 894 Centaurii
602 854 695 896 fedo
715 865 985 913 pertorquent
1005 874 1079 900 ora
1098 875 1261 914 sapore3

368 926 430 969 Ut
449 926 564 968 facile
584 928 810 984 adgnoscas
830 946 853 971 e
872 931 1040 973 laevibus
1060 941 1182 988 atque
1203 931 1390 973 rotundis

221 1066 412 1107 sequendam
441 1067 785 1100 habuimus—olivom:
826 1071 867 1101 V.

220 1120 339 1148 olivam.

221 1168 379 1209 Heringa,
396 1169 443 1199 vir
457 1170 608 1210 exquisite
620 1169 740 1209 doctus,
757 1178 849 1212 atque
864 1171 949 1202 idem

221 1220 393 1251 admodum
408 1221 603 1262 ingeniosus,
619 1222 659 1252 ad
674 1233 702 1261 p.
722 1227 791 1254 169.
808 1225 950 1254 observa-

219 1271 344 1302 tionum
360 1273 438 1312 ejus,
455 1273 626 1312 legendum
641 1275 786 1312 proponit
801 1282 947 1306 cunctan-

220 1329 282 1353 ter:
308 1325 327 1354 i.
339 1335 366 1354 e.
387 1327 409 1342 “
425 1325 521 1354 subito
537 1325 609 1354 vina
625 1324 797 1363 perfluunt3
821 1326 954 1364 olivum,

221 1377 244 1392 ‘⁶
260 1375 470 1405 cunctanter.”
516 1375 629 1405 Facilis
652 1382 696 1405 est
719 1383 749 1406 et
765 1377 827 1407 veri
843 1377 952 1408 similis

220 1427 287 1456 haec
309 1426 497 1462 emendatio,
525 1437 583 1456 nec
606 1432 713 1457 tamen
737 1429 804 1458 sine
818 1429 903 1460 libris
918 1439 949 1459 e-

220 1478 347 1518 quidem
365 1479 529 1518 vulgatum
546 1478 698 1518 ejecerim.

265 1529 339 1558 Ver.
356 1532 427 1559 595.
450 1535 509 1559 est:
546 1535 586 1559 Π.
614 1536 679 1560 aut.
724 1531 767 1560 Et
789 1531 823 1560 in
838 1531 879 1561 V.
903 1532 950 1562 ed.

222 1581 259 1610 B.
277 1580 363 1610 sedes
379 1580 510 1620 hujusce
525 1580 642 1617 νει-δὺς,
666 1591 701 1612 ac
717 1583 886 1623 sequentis,
901 1583 949 1612 in-

221 1632 320 1662 vicem
336 1639 508 1663 mutantur.

264 1685 338 1714 Ver.
354 1689 426 1716 394.
445 1687 588 1725 plicatis:
616 1686 657 1716 V.
680 1685 728 1716 ed.
751 1688 892 1726 plz’cates,
915 1697 949 1717 ο-

222 1736 324 1766 missis
339 1737 456 1767 voculis
466 1748 590 1778 perque.

265 1787 337 1818 Ver.
353 1791 426 1819 595.
442 1795 523 1818 tam:
550 1790 636 1818 abest
649 1789 689 1819 V.
706 1789 927 1821 ced—diducta
937 1804 946 1820 .-

222 1838 259 1868 P.
276 1838 318 1867 V.
347 1838 395 1868 ed.
426 1845 469 1869 Ω.
494 1841 642 1870 deducta:
669 1840 734 1878 sed,
759 1851 811 1870 me
832 1841 950 1881 judice,

221 1888 316 1929 longe
334 1889 447 1919 melius
462 1896 507 1920 est
523 1890 557 1920 in
571 1891 630 1920 hoc
646 1890 715 1920 loco
731 1893 871 1929 diducta,
885 1902 952 1922 me-

222 1941 282 1971 diae
305 1942 386 1971 vocis
408 1941 447 1971 ad
470 1948 663 1981 potestatem,
687 1954 716 1973 se
740 1945 953 1979 distrahenda,

223 1995 271 2024 vel
286 1999 481 2034 separantia,-
507 2007 603 2036 quam
621 1999 749 2028 deducta
773 1998 900 2035 scilicet,
923 2009 952 2028 se

223 2047 429 2082 detrahentia,
445 2047 465 2076 i.
477 2057 503 2076 e.
519 2047 740 2077 descendentia
755 2058 809 2085 per
824 2048 937 2078 colum.

267 2096 342 2126 Ver.
358 2101 430 2128 596.
448 2100 584 2135 possint.-
613 2103 648 2127 Δ.
665 2103 699 2128 Σ.
718 2105 762 2128 Ω.
782 2102 893 2138 possit;
918 2107 953 2130 ut

223 2148 327 2177 haecce
342 2147 381 2177 sit
396 2149 561 2177 verborum
577 2148 780 2178 constructio:
809 2153 831 2166 “
848 2150 954 2190 Atque

226 2201 248 2216 “
265 2198 337 2228 ideo
363 2198 408 2236 fit,
433 2198 478 2227 uti
509 2198 628 2228 olivum
659 2209 722 2229 non
748 2200 843 2238 possit
871 2199 954 2231 {aava

902 1071 948 1102 ed.

228 2254 249 2268 ‘⁵
267 2250 392 2290 singula
417 2250 587 2288 primordia
609 2260 792 2290 permanare
814 2262 868 2291 per
891 2252 953 2282 sin-

228 2305 250 2319 “
267 2302 341 2341 gula
358 2301 541 2331 foramina.”

269 2353 344 2382 Ver.
370 2356 443 2384 597.
462 2364 666 2392 permanare.-
695 2353 742 2384 ῘΜ.
772 2361 811 2384 Π.
830 2365 953 2394 perma-

227 2415 314 2439 nere;
342 2403 381 2433 ad
397 2403 519 2434 obviam
543 2405 729 2445 solitamque
751 2406 954 2445 permutatio-

226 2467 309 2486 nem.

270 2508 345 2537 Ver.
360 2511 433 2538 598.
458 2509 549 2538 Huc:
578 2515 620 2538 Π.
640 2509 752 2544 Άῑυηω
778 2519 847 2548 quae
868 2508 955 2538 facil-

228 2559 304 2588 lima
319 2566 365 2589 est
387 2561 549 2598 aberratio,
573 2561 612 2590 ob
627 2561 752 2590 brevem
773 2561 956 2600 scripturam

227 2617 258 2640 et
273 2611 514 2642 similitudinem
530 2613 687 2652 majorum
702 2612 863 2643 literarum
875 2614 913 2643 H
926 2619 957 2643 et

229 2664 456 2694 ixx—ademit.-
474 2670 516 2693 Π.
531 2665 849 2704 accz'dit.—l2'quores.·
866 2669 901 2694 Δ.
915 2671 955 2695 Π.

226 2715 365 2753 liquoris.

274 2765 352 2795 Ibid.
375 2769 465 2797 lactis
479 2770 626 2807 liquores:
645 2774 681 2799 ut
694 2768 851 2804 Justinus,
867 2767 953 2798 xxiii.

233 2819 259 2845 1.
277 2820 305 2846 9.
330 2820 352 2834 “
371 2817 466 2848 Cibus
491 2820 540 2849 his
565 2820 670 2859 praeda
688 2821 845 2858 venatica;
865 2826 956 2860 potus

231 2871 252 2885 ‘⁶
270 2873 325 2896 aut
339 2869 439 2906 lactis,
460 2876 514 2899 aut
530 2871 677 2908 fontium,
692 2873 794 2912 liquor
808 2872 904 2902 erat.’'

273 2919 347 2949 Ver.
363 2923 435 2951 599.
458 2926 629 2953 tractentur
641 2926 674 2954 in
691 2935 750 2955 ore.
782 2924 803 2956 J
806 2934 955 2963 uvencus‚

231 2980 339 3011 evang.
355 2971 423 3002 hist.
440 2971 478 3001 ἰν.
496 2976 568 3002 661.

1022 1071 1193 1096 permixtum
1205 1070 1261 1095 felli
1271 1070 1376 1100 vinum,
1388 1070 1453 1094 dant
1464 1070 1561 1102 pocula
1573 1070 1679 1096 Christo
1686 1079 1695 1101 ς

1023 1111 1070 1135 Ille
1080 1111 1136 1140 sed,
1148 1111 1175 1134 in
1187 1117 1294 1135 summo
1306 1113 1386 1142 gustu
1398 1112 1519 1139 tractata,
1530 1112 1644 1134 recusat.

1050 1182 1125 1211 Ver.
1150 1185 1221 1212 400.
1255 1182 1419 1212 absinthii:
1448 1181 1492 1210 V.
1517 1181 1564 1211 ed.
1592 1181 1726 1216 almitati,-

995 1238 1034 1262 Π.
1050 1235 1181 1263 absintia
1191 1247 1201 1267 ‚·
1229 1239 1259 1262 et
1270 1232 1358 1273 ferri
1373 1232 1479 1270 etiam,
1495 1242 1551 1271 pro
1562 1232 1641 1273 feri.

1036 1284 1110 1313 Ver.
1133 1287 1205 1313 401.
1224 1290 1423 1322 pertorquent
1445 1295 1508 1313 ora.
1555 1283 1646 1313 Hinc
1667 1291 1724 1312 sua

994 1333 1034 1363 ad
1049 1344 1117 1374 geo.
1130 1333 1160 1363 ii.
1175 1337 1246 1364 247.
1274 1334 1426 1373 Virgilius
1444 1334 1560 1364 hausit:

1024 1409 1060 1433 At
1070 1415 1147 1439 sapor
1158 1408 1286 1432 'indicium
1298 1407 1380 1432 saciet
1391 1407 1559 1437 manifestus,
1581 1412 1609 1432 et
1619 1415 1665 1431 ora

1025 1448 1124 1472 Tristia
1135 1452 1290 1473 tentantum
1302 1454 1379 1471 sensu
1391 1447 1512 1478 torquebit
1522 1453 1642 1471 amaror:

994 1519 1034 1549 de
1060 1529 1122 1560 quo
1145 1520 1212 1549 loco
1235 1519 1391 1549 dictorum
1422 1519 1498 1548 olim
1524 1519 1640 1549 ibidem
1669 1528 1728 1548 nos

994 1581 1059 1601 non
1075 1572 1214 1610 poenitet,
1241 1577 1317 1601 tunc
1332 1571 1482 1610 temporis
1507 1570 1635 1611 ignaros
1653 1580 1727 1600 ean-

994 1622 1067 1652 dem
1090 1621 1335 1662 interpungendi
1364 1621 1447 1651 viam
1480 1620 1613 1651 Reiskio
1641 1620 1728 1660 prius

994 1673 1113 1703 initam.
1159 1672 1248 1702 Hinc
1266 1678 1373 1702 autem
1395 1672 1568 1702 certissima
1585 1671 1726 1702 Artemi-

994 1723 1062 1753 dori
1089 1723 1266 1753 emendatio
1296 1728 1405 1762 sponte
1438 1722 1647 1759 subnascitur,
1686 1721 1727 1752 ad

995 1775 1129 1805 oneiroc.
1145 1775 1163 1804 i.
1191 1784 1256 1813 cap.
1273 1778 1323 1804 68.
1367 1775 1436 1812 Οξος
1462 1772 1489 1804 δε
1515 1786 1598 1804 ‘mum
1628 1772 1728 1810 δοκειν,

996 1839 1153 1858 θ’·ῗασίασαΙ
1169 1839 1294 1865 σῆμαΙνΞΙ
1318 1838 1382 1867 προς
1408 1838 1459 1860 ’Τες
1481 1837 1591 1863 omeliis,
1614 1824 1659 1855 31oe
1675 1838 1726 1858 ΤΠ)

998 1892 1035 1910 ere
1052 1884 1260 1911 ΣΤΟΜΑΤΟΣ
1279 1885 1443 1920 συστροφην.
1474 1877 1517 1907 Et
1531 1877 1591 1906 hoc
1607 1876 1726 1916 utique,

996 1932 1080 1973 quod
1095 1943 1203 1962 amara
1220 1933 1355 1962 convicia
1379 1931 1453 1960 hinc
1468 1929 1662 1969 proveniant,
1678 1940 1726 1960 se-

998 1983 1139 2013 cundum
1163 1982 1351 2021 apostolum,
1378 1982 1417 2012 ad
1444 1982 1537 2012 Rom.
1561 1981 1604 2011 iii.
1622 1985 1670 2011 14.
1695 1982 1729 2012 ὦ,

999 2049 1031 2065 το
1064 2040 1198 2066 ΣΤΟΜΑ
1235 2048 1303 2075 αρας
1343 2048 1393 2064 και
1434 2037 1600 2064 ΠῙΚΡῙΑΣ
1637 2045 1730 2072 »yepes-

997 2085 1085 2115 Editi
1100 2086 1226 2122 habent,
1244 2098 1388 2124 σωματος.

1040 2135 1114 2165 Ver.
1131 2139 1202 2165 402.
1218 2138 1404 2174 adgnoscas:
1420 2135 1460 2164 V.
1471 2133 1518 2164 ed.
1533 2136 1728 2173 agnoscis.—

997 2188 1137 2217 Iaevibus:
1166 2187 1205 2217 Ο.
1223 2192 1257 2216 Δ.
1279 2188 1414 2221 lenibus;
1441 2191 1478 2215 ut
1491 2185 1612 2216 codices
1627 2186 1728 2217 solent

998 2238 1136 2267 turbare:
1171 2237 1241 2267 vide
1274 2237 1458 2267 Bentleium
1489 2237 1529 2267 ad
1560 2237 1642 2268 Hor.
1670 2244 1726 2268 art.

998 2290 1078 2328 po'e't.
1096 2293 1144 2320 26.
1186 2289 1227 2319 In
1245 2300 1333 2319 versu
1349 2296 1508 2330 sequente,
1527 2295 1567 2319 Π.
1578 2292 1705 2329 possint.

1041 2340 1115 2370 Ver.
1141 2343 1213 2371 404.
1237 2352 1306 2381 quoe
1332 2353 1449 2371 amara.
1506 2340 1628 2371 Pariter
1650 2341 1726 2371 Vir-

998 2392 1103 2433 gilius,
1121 2392 1175 2422 ecl.
1191 2392 1253 2423 viii.
1270 2396 1340 2424 108.

1029 2468 1185 2493 Credimus?
1203 2475 1248 2498 an,
1265 2469 1308 2500 qui
1325 2472 1425 2500 amant,
1442 2469 1491 2501 ipsi
1504 2469 1552 2494 sibi
1562 2469 1666 2494 somnia
1677 2468 1727 2493 fin-

1156 2510 1238 2540 gunt?

1001 2571 1047 2602 Ut
1062 2572 1224 2602 videantur
1238 2583 1265 2602 ae
1281 2578 1311 2602 et
1326 2576 1338 2603 z·
1359 2572 1522 2603 elisionem
1538 2572 1613 2612 pati,
1634 2577 1665 2602 et
1678 2577 1727 2603 tra

999 2623 1049 2662 qu'
1066 2635 1096 2659 a,
1112 2635 1153 2654 an
1171 2623 1220 2663 qu‘
1237 2636 1268 2661 a,
1293 2623 1407 2663 dactyli
1422 2629 1546 2654 restare.
1591 2623 1728 2662 Progre-

1001 2673 1072 2704 dere
1087 2674 1127 2704 ad
1142 2684 1202 2704 ver.
1219 2678 1290 2706 617.

1045 2725 1126 2757 Ibid.
1149 2737 1266 2767 aspera.
1311 2725 1414 2762 Idem,
1430 2725 1464 2755 in
1479 2735 1545 2765 geo.
1560 2724 1600 2754 ἰν.
1616 2725 1688 2755 277.

1155 2805 1234 2836 Asper
1245 2803 1271 2827 in
1283 2809 1329 2828 ore
1340 2805 1422 2834 sapor.

1042 2874 1118 2905 Ver.
1145 2877 1219 2905 405.
1242 2875 1392 2904 hamatis:
1428 2876 1462 2901 Δ.
1492 2877 1532 2901 Π.
1558 2873 1726 2902 amatis.—

998 2927 1111 2956 teneri:
1140 2931 1184 2955 Ω.
1199 2925 1288 2954 tueri.

1044 2976 1118 3007 Ver.
1135 2979 1206 3007 406.
1224 2977 1409 3014 Propterea:
1438 2973 1478 3005 V.
1497 2973 1542 3005 ed.
1562 2975 1725 3005 Prcelerea.
