1894 3253
545 233 779 282 LIBER
827 233 1236 284 SECUNDUS.

1547 244 1634 284 241

292 366 332 407 N
335 381 379 407 ec
399 365 504 407 foret
524 366 714 408 obfensus
734 374 868 417 natus,
893 382 967 408 nec
988 366 1110 424 plaga
1129 375 1266 409 creata

291 439 511 496 Principiis
518 459 531 490 3
564 442 621 482 ita
642 440 744 481 nihil
764 455 960 495 umquam
982 450 1130 481 natura
1149 449 1335 483 creasset.

174 518 257 555 225

347 515 490 566 Quod,
514 516 546 556 si
567 514 672 556 forte
693 515 836 570 aliquis
857 514 987 555 credit
1005 515 1197 571 graviora
1216 525 1375 571 potesse

291 589 496 644 Corpora,
518 604 601 644 quo
622 589 741 630 citius
761 596 918 630 rectum
938 603 1012 643 per
1033 588 1157 629 inane
1176 588 1379 641 feruntur,

289 663 478 705 Incidere
498 679 550 704 ex
571 678 719 718 supero
739 663 973 713 levioribus,
997 671 1119 719 atque
1138 663 1196 705 ita
1215 664 1356 721 plagas

287 738 488 795 Gignere,
512 753 606 793 quae
626 739 784 793 possint
803 737 1016 795 genitaleis
1036 738 1209 779 reddere
1230 748 1386 789 motus;

141 901 286 933 codicum
311 902 491 947 testimonio
513 914 567 934 me
582 915 649 935 non
671 905 754 936 leves
768 906 870 944 suspi-

139 955 248 986 ciones
270 962 466 986 commotum
488 958 613 988 habent.
660 959 872 988 Vehementer

139 1017 215 1037 sane
230 1017 319 1037 meus
334 1007 465 1038 inclinat
481 1009 616 1048 animus,
639 1015 676 1040 ut
698 1021 814 1041 momen
829 1009 866 1039 il-

140 1058 199 1089 lud
214 1065 426 1090 correctorum
450 1061 588 1091 acumini
604 1061 708 1100 potius
722 1061 869 1098 tribuam,

142 1120 238 1150 quam
253 1121 411 1151 germanae
426 1113 535 1142 manui
550 1113 662 1152 po'e'tae:
689 1112 744 1142 sed
759 1112 797 1142 de
812 1113 871 1143 hoc

142 1164 195 1194 alii
211 1176 306 1195 suum
324 1165 482 1206 judicium
505 1167 743 1197 intermisceant.
788 1165 871 1196 Vide

143 1227 219 1246 mox
241 1217 418 1247 venientem
444 1227 504 1247 ver.
522 1221 592 1248 244.
616 1217 655 1247 ad
679 1228 775 1258 quam
797 1227 868 1247 nor-

144 1279 230 1299 mam
252 1270 375 1307 Cicero,
398 1269 543 1300 laudatus
561 1270 720 1307 Creechio,
749 1269 871 1299 locutus

140 1326 185 1350 est
209 1320 241 1349 in
276 1320 382 1350 libello
408 1320 450 1350 de
475 1321 563 1356 Fato,
590 1325 661 1350 sect.
680 1323 800 1350 2o.—“
816 1330 871 1350 cur

144 1375 166 1389 “
184 1372 280 1401 atomi
295 1374 422 1402 minimo
439 1371 597 1402 declinent
611 1372 783 1408 intervallo,
802 1382 870 1402 ma-

142 1426 164 1440 “
178 1422 247 1462 jore
267 1421 352 1453 non?
376 1428 431 1452 aut
445 1432 501 1452 cur
515 1422 673 1453 declinent
686 1433 752 1452 uno
775 1425 869 1452 mini-

143 1477 166 1492 “
182 1486 241 1513 mo,
258 1485 323 1504 non
338 1473 497 1505 declinent
511 1474 646 1511 duobus,
661 1481 717 1505 aut
730 1473 870 1505 tribus?”

141 1525 233 1555 Idem
248 1536 313 1555 non
332 1525 438 1555 minus
459 1525 597 1564 apposite
612 1525 735 1556 locutus
749 1532 797 1555 est
818 1535 869 1555 eo·-

139 1577 213 1606 dem
228 1577 319 1614 libro,
349 1582 418 1606 sect.
440 1580 488 1607 lo.
513 1580 535 1594 “
556 1576 616 1606 Sed
638 1577 796 1615 Epicurus
817 1576 870 1606 de—

140 1630 162 1645 “
179 1627 346 1658 clinatione
361 1627 457 1657 atomi
472 1627 561 1657 vitari
585 1627 641 1658 sati
657 1628 872 1658 necessitatem

139 1682 162 1697 “
177 1685 273 1718 putat.
320 1679 444 1720 Itaque,
472 1679 582 1708 tertius
608 1679 737 1719 quidam
762 1684 869 1708 motus

140 1733 162 1748 “
179 1730 278 1760 oritur
293 1736 380 1760 extra
393 1729 516 1770 pondus
532 1736 562 1760 et
577 1730 713 1770 plagam,
726 1740 800 1760 cum
814 1729 868 1760 de-

140 1785 162 1801 “
182 1782 277 1813 clinat
291 1789 414 1813 atomus
428 1782 591 1812 intervallo
605 1784 748 1814 minimo:
768 1783 800 1813 id
815 1783 869 1813 ad-

141 1838 163 1852 “
179 1835 275 1874 pellat
293 1834 484 1874 eaoexm-ovss'

144 1887 259 1927 Igitur,
285 1887 311 1917 si
340 1887 554 1917 vetustissima?
579 1889 772 1918 membranae
797 1889 870 1918 Lei-

143 1939 251 1969 denses
266 1953 306 1979 τῳ
322 1951 436 1970 momen
453 1940 616 1980 suffragari
632 1950 696 1970 non
711 1941 872 1971 invenien-

142 1997 204 2026 tur,
232 2004 264 2021 ero
295 1993 465 2020 minumum
483 2001 539 2030 pro
561 1990 699 2031 genuina
722 1991 874 2030 scriptura

144 2043 277 2072 omnino
306 2043 521 2081 accipiendum
552 2048 669 2082 putem.
714 2043 873 2084 Denique,

144 2103 176 2124 re
203 2094 242 2124 ad
269 2104 411 2135 unguem
425 2095 610 2134 pressiorem
625 2095 791 2134 explorata,
816 2098 873 2126 mi-

143 2157 269 2176 numum
287 2146 449 2185 amplexus
464 2157 546 2184 sum,
563 2147 700 2177 muitum
716 2148 871 2188 dubitans,

143 2209 182 2229 an
203 2211 319 2231 momen
346 2201 479 2230 auctoris
508 2201 607 2231 menti
634 2203 727 2241 probe
753 2203 872 2233 satisfa-

144 2251 213 2282 ciat⁴

148 2302 316 2339 Caeterum,
343 2304 423 2334 hanc
438 2315 504 2335 rem
530 2306 656 2347 attingit
674 2307 871 2344 Plutarchus,

144 2352 175 2381 ii.
191 2362 220 2391 p.
235 2357 307 2384 964.
333 2355 369 2384 C.
387 2354 419 2384 in
446 2355 515 2386 loco
530 2367 594 2387 non
622 2358 779 2388 intellecto
805 2359 870 2389 edi-

145 2403 274 2441 toribus,
298 2404 342 2434 sic
357 2412 464 2436 autern
484 2407 646 2438 scribendo
661 2415 691 2438 et
713 2409 869 2448 explican-

145 2454 199 2485 do:
236 2455 305 2486 003⁵
333 2470 390 2498 ’γαρ
415 2471 496 2488 aua-m
526 2472 568 2498 ’τῳ
595 2465 727 2502 Επικερῳ
756 2460 872 2492 διδοαα-ιν

147 2508 215 2549 ὑπερ
231 2521 286 2538 των
300 2521 446 2548 μεγιΜ-ων
463 2522 574 2552 σμικρον
590 2512 663 2541 οὕτω
679 2525 805 2554 πραγμα
823 2528 872 2544 και

145 2565 266 2597 φαυλον,
293 2573 379 2598 oram,
407 2574 514 2599 ατομαν
537 2569 729 2602 ’παρεγκλιναι
743 2577 811 2602 μιαν
827 2577 872 2595 svn

147 2610 355 2650 τούλαχιστον,
374 2611 448 2644 ὅπως
461 2617 526 2641 ΚΑΙ
543 2626 637 2654 αστρα
653 2628 703 2644 και
715 2615 777 2653 {aaut
790 2629 871 2656 τυχη

146 2666 322 2704 παρειςελέῃ,
349 2664 396 2703 (ut
413 2664 546 2704 fortuna
564 2672 591 2696 et
607 2672 689 2696 astra
706 2673 733 2696 et
748 2669 870 2697 anima-

144 2715 188 2745 lia
197 2717 374 2757 pertingat)
392 2731 442 2747 και
466 2731 498 2748 το
516 2719 556 2757 εφ’
572 2719 636 2757 ἧμιν
650 2733 691 2757 μῆ
707 2727 869 2753 απολνμται·

145 2764 277 2798 Summas
307 2766 333 2798 δε
365 2782 398 2798 σο
428 2767 542 2804 αδηλαν,
575 2770 717 2809 (poscunt
747 2781 870 2809 nempe,

146 2818 240 2847 verbo
253 2819 484 2859 aliquantulum
499 2821 561 2851 alio
578 2835 618 2862 -τῳ
635 2821 750 2853 διῖοασιν
765 2823 870 2852 subin-

146 2867 281 2909 tellecto:
307 2871 347 2901 de
361 2872 423 2912 qua
438 2883 470 2902 re
486 2883 543 2902 nos
557 2872 596 2903 ad
613 2873 631 2903 i.
649 2873 746 2914 1085)
764 2887 779 2907 φ]
790 2880 871 2914 λαμ-

147 2919 234 2951 ξανειν
263 2934 291 2965 :n
322 2936 375 2954 των
405 2923 558 2965 ,vehim-
608 2930 718 2956 ΚΑΘΑ
745 2939 872 2967 ’προςήκει

917 910 953 935 ·1·1
971 916 1030 946 περι
1043 916 1097 935 *rm
1114 905 1190 943 ζωων
1203 905 1379 936 ὑποτιθεσθαι
1395 918 1460 948 προς
1474 920 1524 940 την
1539 907 1643 939 δικαιο-

915 971 1004 995 cuum,
1022 973 1042 990 ει
1056 962 1128 999 μηθ’
1144 961 1342 1000 ὅμολογειται,
1356 963 1433 1000 μήτ’
1450 969 1551 997 αλλως
1568 976 1643 994 απο-

1117 1012 1198 1048 Quae
1213 1018 1287 1042 sunt
1302 1012 1396 1053 longe
1410 1013 1600 1053 planissima-

958 1062 1038 1093 Ibid.
1068 1064 1201 1094 Tantum
1217 1066 1316 1104 quod:
1342 1065 1361 1094 i.
1378 1076 1403 1095 e.
1429 1068 1451 1083 “
1467 1067 1500 1096 in
1519 1072 1644 1097 tantum

914 1116 936 1131 “
953 1115 1146 1145 intervallum
1171 1115 1339 1153 declinare,
1364 1118 1405 1146 ad
1432 1117 1516 1157 quod
1546 1119 1644 1157 possis

915 1168 935 1182 “
952 1164 1053 1195 dicere
1083 1166 1250 1196 minimam
1277 1178 1295 1196 a
1320 1167 1404 1198 linea
1433 1169 1643 1200 mutationem

915 1219 937 1234 “
954 1216 1052 1247 fieri.''
1098 1217 1226 1247 Phrasis
1251 1225 1371 1249 lantum
1402 1223 1483 1259 quod
1512 1227 1577 1251 tam
1603 1222 1642 1253 de

914 1274 1043 1307 tempore
1059 1270 1197 1307 minimo,
1220 1280 1316 1310 quam
1330 1270 1370 1300 de
1391 1274 1518 1302 minimo
1532 1276 1643 1312 spatio,

915 1320 1057 1359 usurpari
1087 1320 1173 1351 solet.
1229 1321 1319 1352 Hinc
1348 1324 1429 1353 bene
1457 1323 1644 1364 glossarium

915 1377 1016 1401 vetus:
1056 1375 1077 1390 ‘⁶
1100 1374 1233 1404 Tantum
1263 1376 1355 1414 quod,
1386 1376 1528 1418 αρτιως.-”
1566 1377 1586 1407 i.
1617 1388 1644 1408 e.

914 1436 1009 1465 μικρον
1036 1424 1094 1454 ὅσον
1111 1425 1180 1462 ὅσον,
1205 1425 1253 1455 uti
1279 1426 1408 1465 scriptor
1425 1427 1465 1458 ad
1488 1428 1644 1459 Hebraeos

914 1474 1183 1506 luculentissimus
1211 1476 1335 1508 locutus
1361 1483 1416 1508 est.
1461 1479 1642 1518 Suetonius,

916 1525 948 1556 ii.
979 1530 1095 1557 65.—“
1112 1527 1186 1564 filio,
1216 1535 1336 1559 tantum
1366 1532 1446 1570 quod
1475 1532 1643 1569 pueritiam

916 1581 938 1595 “
955 1579 1108 1618 egresso.'’
1153 1580 1197 1609 Et
1220 1580 1346 1617 ibidem,
1373 1587 1448 1613 sect.
1471 1587 1588 1614 98.-“
1603 1584 1643 1614 de

917 1630 1024 1659 “navi
1055 1630 1281 1670 Alexandrina,
1312 1643 1383 1672 quae
1412 1639 1532 1664 tantum
1561 1638 1642 1675 quod

913 1684 936 1699 “
951 1681 1144 1720 adpulerat.”
1190 1683 1272 1713 Haec
1287 1689 1394 1714 autem
1416 1686 1560 1724 exempla
1575 1697 1644 1718 sero

913 1733 1019 1763 inveni
1034 1740 1184 1773 occupata
1196 1735 1368 1775 Gronovio,
1380 1737 1435 1777 qui
1450 1737 1551 1768 multa
1565 1750 1640 1769 con-

914 1786 1010 1825 gessit
1025 1786 1064 1817 ad
1080 1787 1147 1817 Liv.
1158 1787 1242 1818 xxiii.
1256 1792 1284 1818 4.
1300 1788 1352 1819 fin.
1364 1789 1433 1827 tihi,
1444 1790 1550 1830 lector,
1567 1802 1641 1822 con-

914 1837 1076 1876 sulendus,
1101 1849 1174 1869 cum
1202 1839 1366 1878 Sahnasio,
1391 1842 1475 1874 Plin.
1505 1844 1641 1875 exercitt.

915 1888 948 1917 in
966 1889 1062 1919 Solin.
1079 1900 1143 1928 cap.
1161 1890 1221 1921 xix,
1238 1890 1290 1921 fin.

961 1940 1042 1971 Ibid.
1065 1941 1166 1982 Lego:

915 1010 1070 1042 &mmmmm

916 2015 1039 2038 Tantum
1052 2016 1125 2046 quod
1135 2016 1280 2041 minimum
1293 2021 1384 2042 nutare
1395 2022 1422 2043 ut
1434 2019 1522 2045 dicere
1533 2021 1625 2052 possis:

919 2083 952 2107 ut
976 2080 1119 2117 paullum
1149 2082 1277 2119 clinare,
1307 2092 1370 2112 ver.
1403 2086 1475 2114 255.

919 2139 1034 2160 tems.

1519 2085 1643 2115 BEN-r-

917 2183 1067 2214 Libenter
1088 2185 1267 2229 accederem
1283 2197 1381 2227 usque
1396 2188 1474 2219 illud
1489 2196 1535 2226 ut,
1558 2190 1642 2229 quod

916 2235 1007 2265 facile
1022 2236 1102 2267 elabi
1118 2244 1219 2277 posset
1240 2240 1280 2268 ob
1302 2239 1450 2278 syllabam
1466 2241 1642 2279 praeceden·

916 2294 995 2324 tem;
1018 2295 1053 2318 ut
1069 2299 1174 2319 versus
1188 2290 1232 2319 ita
1245 2291 1464 2321 constituatur:

945 2362 1069 2385 Tantum
1089 2363 1161 2392 quod
1179 2363 1335 2388 minumum
1355 2367 1493 2389 mutatum
1505 2368 1534 2389 ut
1551 2365 1639 2390 dicere

1070 2402 1159 2432 possis.

917 2464 1009 2493 Certe
1038 2465 1111 2494 hinc
1141 2472 1296 2496 structura
1327 2468 1451 2497 mollior
1483 2468 1639 2508 exsurgit3

915 2515 968 2544 sed
998 2516 1175 2546 emendatio
1204 2524 1309 2548 tamen
1337 2519 1443 2548 minus
1469 2519 1641 2549 necessaria

915 2567 1120 2598 existimanda
1136 2575 1190 2600 est.

958 2619 1031 2649 Ver.
1047 2624 1119 2650 ⁴222.
1147 2622 1275 2651 Imbris:
1302 2621 1398 2651 vind.
1416 2622 1455 2651 V.
1473 2621 1520 2651 ed.
1543 2623 1581 2652 Β.
1596 2623 1637 2653 L.

918 2670 964 2700 M.
983 2677 1023 2700 H.
1041 2676 1075 2703 Σ.
1094 2678 1137 2701 Ω.
1155 2673 1400 2703 Imbres—ulei:
1426 2673 1523 2703 Vind.
1536 2674 1576 2704 V.
1593 2674 1640 2705 ed.

916 2727 956 2750 Π.
973 2726 1009 2751 Σ.
1035 2728 1078 2751 Ω.
1096 2723 1142 2762 (et
1156 2722 1277 2762 reliqui,
1301 2723 1422 2762 opinor,
1448 2724 1502 2764 qui
1524 2725 1638 2755 habent

915 2774 1032 2809 imbres,
1060 2780 1095 2802 ut
1118 2780 1153 2803 ut
1176 2780 1278 2804 taceat
1306 2776 1556 2817 Havercampus)
1584 2785 1635 2813 ut;

916 2823 1043 2853 fortasse
1060 2834 1143 2855 vere:
1171 2831 1207 2855 ut
1229 2828 1336 2857 imbres
1349 2833 1444 2867 guttae
1459 2828 1578 2858 dictum
1601 2829 1640 2858 sit

916 2874 955 2903 ad
986 2884 1106 2905 morem
1137 2890 1191 2907 των
1217 2877 1311 2918 fama
1337 2890 1528 2922 ames—amp
1553 2885 1637 2917 βκσι-

918 2933 1057 2961 ara-et
1071 2927 1158 2958 mille
1173 2929 1358 2970 consimilia,
1381 2937 1446 2962 tam
1460 2932 1494 2962 in
1513 2933 1636 2962 Graeco-
