1894 3253
188 265 278 306 118

684 255 745 303 Τ.
798 252 1179 301 LUCRETII

212 394 294 431 645
327 389 490 438 Aureis,
513 394 554 428 et
572 384 709 440 lepido
729 399 823 440 quae
844 391 940 426 sunt
957 383 1095 426 fucata
1114 399 1273 426 sonore.

327 465 453 513 Nam,
476 475 582 516 quur
602 468 688 502 tam
707 460 833 501 variae
853 475 917 501 res
936 450 1103 515 possent
1122 475 1222 511 esse,
1244 460 1425 518 requiro,

327 538 397 579 Ex
416 551 501 577 uno
522 536 554 576 si
575 543 669 576 sunt
688 535 791 592 igni,
812 550 1014 591 puroque,
1037 543 1196 577 creatae.

329 610 445 653 Nihil
464 610 675 666 prodesset
695 610 806 651 enim
826 610 1005 651 calidum
1026 610 1234 652 denserier
1252 611 1409 667 ignem,

326 686 415 727 Nec
434 684 631 736 rarefieri‚
653 685 684 726 si
704 694 841 741 partes
859 685 966 742 ignis
986 686 1174 727 eamdem

210 766 294 803 650
327 761 547 811 Naturam,
569 776 695 816 quam
714 769 824 802 totus
843 760 969 801 habet
989 776 1110 815 super
1130 761 1252 817 ignis,
1274 760 1486 801 haberent.

327 835 478 877 Acrior
499 835 623 876 ardor
644 835 755 875 enim
777 834 990 875 conductis
1010 834 1195 889 partibus
1216 842 1332 875 esset:

326 910 585 967 Languidior
604 924 732 964 porro
751 909 943 963 disjectis,
967 909 1109 964 disque
1130 909 1297 964 supatis.

326 983 515 1040 Amplius
535 983 616 1024 hoc
637 982 727 1024 fieri
748 982 851 1023 nihil
871 991 931 1024 est
951 983 1064 1038 quod
1084 997 1202 1038 posse
1222 983 1348 1024 rearis

223 1142 300 1172 Ver.
327 1143 400 1171 650.
437 1141 597 1171 haberent.-

181 1199 220 1229 Δ.
237 1200 278 1224 Π.
294 1195 408 1223 herent.

228 1243 310 1274 Ibid.
333 1253 440 1282 super:
478 1242 501 1272 i.
517 1253 543 1272 e.
569 1241 677 1279 etiam,
707 1252 815 1281 porro:
851 1255 912 1281 εχει

183 1309 267 1338 στρος.-
293 1295 386 1325 adeas
405 1295 539 1324 Luciani
566 1294 748 1333 interpretes
770 1294 810 1324 ad
826 1294 912 1324 Her-

183 1354 259 1378 mot.
276 1351 326 1378 61.
350 1352 380 1377 et
395 1352 533 1376 nostram
551 1345 624 1376 Silv.
643 1345 719 1375 Crit.
730 1345 762 1376 ii.
774 1357 803 1385 p.
817 1349 868 1377 54.

225 1400 300 1429 Ver.
314 1401 385 1429 651.
401 1399 570 1429 conductis:
590 1397 627 1428 P.
637 1399 818 1439 conjunctis;
831 1397 915 1438 quod

185 1451 321 1493 glossam
333 1451 420 1490 sapit.

230 1503 313 1534 Ibid.
339 1504 452 1533 Acrior
467 1504 570 1532 ardor.
606 1502 772 1542 Virgilius,
788 1512 855 1542 geo.
872 1501 912 1532 iv.

184 1559 256 1587 409.

641 1140 681 1170 G.
709 1140 757 1170 M.
782 1140 889 1170 habere
895 1153 906 1175 ;

278 1614 332 1638 Aut
343 1611 546 1642 acremflammae·
557 1612 674 1635 sonitum
687 1611 774 1636 dabit:

185 1661 322 1701 epitheto
333 1661 367 1690 in
379 1660 525 1690 effectum
538 1670 554 1689 e
565 1659 673 1690 caussa
684 1659 915 1700 elegantissime

184 1713 320 1754 trajecto.

227 1766 304 1795 Ver.
323 1767 396 1795 652.
419 1763 566 1803 disjectis,
583 1765 689 1803 (lisque
704 1765 831 1803 sztpatis.
866 1763 917 1794 Ita

186 1817 282 1848 MSS.
300 1815 362 1854 Pii,
386 1815 422 1846 L.
449 1820 481 1845 et
498 1822 542 1845 Ω.
565 1815 769 1856 disjectisque,
785 1818 913 1855 stipatis,

185 1872 234 1901 M.
252 1871 385 1911 disjectis
399 1880 487 1909 seque
497 1871 633 1909 paratis,
662 1870 698 1900 P.
724 1869 763 1899 O.
786 1869 914 1899 fortasse

184 1933 267 1952 vere:
288 1923 479 1962 disjectisque
493 1924 657 1961 superatis,
676 1922 715 1952 G.
732 1922 773 1952 V.
789 1922 836 1952 ed.
852 1924 915 1953 dis-

173 1975 267 2015 jectis
277 1981 304 2004 et
315 1976 477 2014 separatis,
494 1975 531 2004 B.
547 1975 772 2013 ‹lisjectatz'sque
783 1977 913 2014 supatz's,

186 2025 282 2056 Vind.
307 2030 340 2056 Σ.
364 2025 532 2065 disjectatis
547 2028 768 2065 superatisque,
793 2032 827 2056 Δ.
850 2028 913 2056 dis-

176 2077 347 2118 J‘ectimque
362 2078 522 2116 separatis,
541 2082 582 2106 Π.

231 2130 307 2159 Ver.
325 2132 395 2159 653.
411 2130 490 2168 quod
498 2142 508 2158 .·
530 2128 565 2158 P.
582 2139 652 2167 quo,
665 2127 749 2157 cassa
759 2134 916 2158 construc-

188 2182 288 2212 tione:
316 2188 355 2217 et,
378 2191 435 2220 pro
450 2192 487 2211 ne
509 2183 595 2218 dum,
620 2180 654 2209 in
680 2186 840 2221 sequente,
864 2192 918 2212 nec

186 2236 272 2270 dum,
295 2239 332 2263 ut
349 2233 389 2263 Ο.
405 2238 436 2262 et
451 2231 575 2262 Nonius
590 2231 684 2261 etiam
700 2232 733 2261 in
749 2242 822 2262 voce
839 2235 919 2263 υανῐ-

188 2287 290 2322 antia,
314 2294 410 2325 quam
430 2294 485 2322 per
507 2285 683 2314 varietatem
699 2283 918 2322 interpretatus

187 2343 244 2373 est,
260 2338 345 2366 hunc
361 2336 465 2375 ipsum
480 2335 614 2366 laudans
629 2335 769 2365 Lucretii
784 2345 917 2366 versum.

188 2389 279 2419 Nihil
299 2389 434 2418 interest.

230 2444 304 2474 Ver.
322 2446 394 2474 655.
424 2445 523 2473 Tanta
538 2448 624 2482 queat
638 2443 756 2472 densis:
776 2442 813 2471 B.
832 2442 915 2472 Tan-

186 2504 278 2537 taque
306 2509 342 2528 er
370 2498 522 2527 accensis:
559 2501 589 2525 et
619 2495 771 2531 similiter,
803 2494 917 2525 omisso

187 2555 294 2579 tamen
316 2561 362 2587 ex,
384 2549 426 2580 V.
442 2548 489 2579 ed.
506 2547 604 2578 Vind.
640 2552 674 2577 Δ.
693 2553 733 2577 Π.
752 2551 785 2579 Σ.
815 2549 916 2578 Tanta

187 2603 308 2640 quidem
321 2603 474 2631 accensis:
502 2606 534 2630 Ω
542 2623 548 2630 .
567 2600 725 2629 Fortasse:

282 2648 375 2684 Tantzi
384 2661 438 2692 quit
449 2667 482 2684 ex
494 2660 621 2685 densis—-

235 2710 316 2740 Ibid.
331 2722 407 2742 esse:
435 2712 476 2743 V.
494 2712 542 2742 ed.
561 2718 604 2742 Ω.
627 2717 716 2742 esset:
742 2709 827 2740 unde
853 2720 918 2740 non

188 2761 294 2800 inepte
310 2761 352 2791 sic
368 2772 473 2792 versus
487 2763 634 2793 constitui
646 2768 758 2802 potest:

205 2829 298 2852 Tanta
310 2826 409 2859 quidem
420 2835 453 2851 ex
465 2829 550 2853 densis
560 2830 677 2861 rarisque
686 2837 722 2855 ex
734 2829 838 2862 ignibus
846 2831 915 2853 esset.

235 2884 309 2917 Ver.
327 2887 401 2916 656.
426 2887 465 2916 Id
480 2897 615 2926 quoque:
641 2886 684 2917 sic
706 2897 817 2917 omnes
831 2885 914 2916 libri:

192 2944 224 2969 et
238 2938 427 2969 constructio
442 2944 498 2977 est,
516 2949 585 2979 quae
601 2940 717 2970 centies
736 2938 873 2971 occurrit
887 2938 921 2969 iu

958 1141 1028 1170 Hoc
1044 1145 1075 1169 et
1094 1141 1189 1175 Quod,
1218 1139 1309 1169 initio
1328 1138 1509 1176 sententiae;
1532 1148 1569 1168 ac
1593 1138 1685 1169 nobis

955 1200 1001 1222 est
1017 1194 1050 1222 in
1065 1193 1275 1231 superioribus
1299 1193 1366 1233 jam
1392 1192 1462 1231 plus
1484 1191 1580 1221 semel
1595 1191 1684 1222 illus-

956 1251 1043 1274 trata.
1067 1244 1213 1274 Editores
1227 1250 1343 1279 autem,
1357 1243 1500 1282 exemplo
1516 1252 1683 1283 nunquam

956 1296 1030 1326 satis
1045 1295 1262 1334 improbando,
1290 1306 1352 1325 non
1377 1294 1471 1324 modo
1487 1294 1563 1324 citra
1578 1305 1684 1324 neces-

956 1346 1090 1382 sitatem,
1107 1346 1160 1376 sed
1175 1357 1248 1376 cum
1264 1356 1380 1386 magno
1392 1345 1555 1384 dispendio
1570 1356 1684 1376 venus-

957 1399 1042 1436 tatis,
1059 1409 1152 1429 suum
1169 1400 1269 1438 Atque
1284 1400 1318 1428 1ιί
1333 1397 1480 1428 Lucretio
1496 1398 1662 1428 obtrusere.

1001 1451 1077 1481 Ver.
1095 1453 1165 1481 657.
1189 1452 1338 1480 Denserz':
1366 1456 1406 1479 Π.
1429 1450 1578 1485 Densari,
1595 1449 1686 1480 solitzi

958 1503 1116 1532 varietate.

1001 1553 1076 1584 Ver.
1094 1557 1165 1584 658.
1187 1555 1299 1583 inesse:
1325 1552 1369 1582 sic
1386 1551 1423 1582 P.
1438 1551 1480 1581 V.
1497 1550 1544 1581 ed.
1560 1551 1686 1593 reliqui,

960 1616 1023 1643 mu,
1040 1604 1089 1634 vel
1103 1615 1212 1640 mzcsae,·
1229 1604 1316 1634 unde
1332 1604 1432 1634 fecere
1441 1602 1540 1633 critici
1556 1617 1589 1634 ero
1605 1616 1686 1636 mus-

958 1665 1039 1696 sant,
1065 1657 1245 1698 vulgarium
1263 1656 1461 1696 ¹editionum:
1500 1657 1551 1688 cui
1582 1662 1689 1687 tamen
1721 1676 1728 1682 -

958 1709 1086 1740 lectioni
1098 1715 1132 1739 ut
1142 1709 1322 1740 consultum
1333 1715 1418 1747 eant,
1428 1709 1468 1740 ad
1478 1710 1572 1740 finem
1582 1710 1689 1748 proxi-

959 1772 1010 1791 me
1033 1761 1186 1791 venientis
1212 1760 1319 1791 versus
1344 1761 1515 1792 inferciunt
1538 1767 1578 1800 et,
1602 1760 1690 1791 libris

960 1812 1200 1843 reclamantibus
1205 1825 1215 1851 ;
1230 1812 1316 1843 unde
1331 1813 1439 1843 emnia
1453 1813 1534 1843 fiunt
1548 1813 1691 1843 insuavia

958 1870 988 1894 et
1006 1864 1132 1895 inculta.
1179 1865 1230 1895 Ita
1245 1875 1302 1895 nos
1327 1865 1576 1904 imprimendum
1598 1875 1688 1895 cura-

960 1916 1074 1954 vimus,
1089 1922 1126 1946 ut
1145 1926 1247 1957 neque
1267 1916 1419 1946 naturalis
1433 1916 1509 1946 ordo
1524 1918 1690 1947 verborum

959 1969 1113 2005 turbetur,
1145 1977 1246 2008 neque
1271 1968 1461 1997 constructio
1490 1967 1690 2006 impediatur.
1712 2005 1715 2009 ²

960 2023 982 2038 ‘⁶
999 2019 1074 2056 Sed,
1090 2019 1240 2058 quoniam
1254 2018 1385 2058 hujusce
1400 2018 1557 2057 opinionis
1566 2019 1690 2049 asseclae

963 2075 983 2089 “
999 2070 1099 2100 multa
1112 2080 1177 2099 esse
1192 2070 1250 2099 sibi
1264 2070 1419 2100 contraria
1434 2070 1582 2106 sentiunt,
1595 2076 1691 2111 atque

964 2126 986 2140 “
1004 2121 1101 2151 iidem
1131 2131 1195 2150 non
1225 2120 1397 2150 admittunt
1425 2131 1560 2150 vacuum
1569 2133 1578 2158 ;
1615 2121 1691 2151 hinc

964 2177 984 2191 “
1001 2172 1047 2210 fit,
1066 2177 1102 2201 ut
1119 2181 1223 2201 veram
1238 2171 1322 2201 viam
1337 2171 1493 2210 amittant,
1517 2172 1596 2201 dum
1611 2172 1689 2202 sale-

964 2228 986 2243 “
1001 2226 1124 2254 brosam
1139 2229 1232 2264 atque
1246 2222 1406 2253 difficilem
1421 2223 1627 2253 reformidant
1641 2223 1690 2254 in-

964 2281 986 2296 “
1001 2275 1121 2317 gredi.”

1006 2329 1081 2359 Ver.
1098 2331 1169 2359 659.
1183 2328 1330 2369 fugitant
1339 2342 1348 2358 :
1378 2327 1472 2358 Vind.
1489 2327 1687 2369 B-fugz'unt;

962 2384 999 2414 P.
1016 2381 1056 2410 V.
1072 2380 1120 2410 ed.
1139 2386 1179 2409 Π.
1201 2384 1235 2410 Σ.
1248 2379 1391 2419 fugiant.

1006 2433 1078 2463 Ver.
1096 2436 1167 2463 660.
1190 2442 1257 2462 vera
1276 2433 1355 2462 via'i:
1382 2431 1418 2460 L.
1442 2442 1492 2461 ver
1507 2432 1615 2466 unlaz}
1641 2431 1689 2461 M.

962 2497 1012 2517 ver
1027 2487 1117 2520 aulem
1145 2490 1185 2513 Π.
1208 2484 1295 2513 verba
1318 2494 1372 2513 nec
1396 2483 1478 2511 ulla:
1505 2487 1536 2511 et
1565 2496 1598 2513 *ro
1627 2482 1692 2512 vicii

961 2539 1047 2567 abest
1063 2541 1096 2566 Σ.

1006 2588 1086 2619 Ibid.
1102 2598 1171 2618 vera
1187 2588 1260 2618 via'z'.
1279 2586 1427 2616 Similiter
1440 2584 1603 2625 Virgilius,
1614 2583 1688 2613 ΖΕΒ.

962 2642 993 2672 ii.
1008 2644 1080 2671 552.

1056 2717 1188 2742 obsedere
1198 2715 1241 2740 alii
1251 2714 1310 2739 telis
1321 2715 1430 2745 angusta
1441 2710 1560 2735 viarum.

1005 2784 1080 2813 Ver.
1098 2785 1170 2813 661.
1192 2786 1374 2820 exemptum:
1400 2778 1443 2806 sic
1471 2776 1505 2806 P.
1530 2774 1570 2804 V.
1586 2773 1633 2804 ed.
1650 2774 1689 2804 B.

964 2840 998 2866 Δ.
1016 2842 1057 2865 Π.
1081 2839 1115 2866 Σ.
1141 2840 1185 2865 Ω.
1208 2841 1310 2872 neque
1332 2828 1483 2864 dubitem,
1508 2826 1585 2866 quin
1609 2824 1689 2855 illud

961 2892 1093 2926 &empto
1130 2884 1164 2914 in
1201 2879 1424 2922 antiquissimis
1457 2876 1689 2917 exemplaribus

963 2947 1063 2968 manu
1077 2934 1210 2967 exaratis
1234 2933 1274 2964 G.
1289 2932 1325 2965 L.
1343 2932 1390 2962 M.
1415 2928 1548 2961 voluerit
1571 2939 1688 2969 exemp-
