1894 3253
140 273 230 317 172

642 256 706 304 T.
750 253 1132 303 LUCRETII

282 394 371 436 Nec
391 389 562 433 mortale
581 402 726 445 genus,
750 402 826 428 nec
847 385 987 427 divom
1008 400 1184 440 corpora
1203 393 1362 436 sancta,

143 475 251 510 1015
285 469 498 523 Exiguum
518 471 686 519 possent
705 461 827 503 hora'l'
847 462 987 502 sistere
1007 469 1182 515 tempus.

285 541 411 590 Nam,
434 538 614 594 dispulsa
634 553 708 579 suo
728 538 781 579 de
802 546 927 588 coetu,
949 536 1139 577 materiai

143 704 164 720 ‘⁸
178 699 327 735 noscitur,
337 707 407 737 qua?
422 697 535 725 habere
546 705 610 725 non
622 700 723 734 potest
735 694 827 724 series
843 699 874 724 et
916 693 1037 723 Versus
1052 691 1236 732 exquisitius
1251 696 1282 720 et
1296 689 1419 721 felicius
1433 689 1584 730 expolitos
1598 690 1650 720 vix

142 757 165 771 ‘⁶
183 753 380 781 immoderata
400 748 595 778 continuatio
610 746 822 777 seculorum.”

186 805 260 833 Ver.
281 806 371 832 1015.
394 812 507 841 neque:
536 808 570 832 Δ.
589 807 630 830 Π.
657 811 722 837 nec,
747 805 783 828 ut
810 799 874 829 edi-

145 855 245 885 tiones
260 854 372 892 plures,

190 905 270 935 Ibid.
294 906 362 935 cccli
376 905 506 943 templa:
534 902 553 932 i.
581 913 607 932 e.
634 911 808 932 concavum
832 900 878 930 la-

146 968 255 998 quear,
282 962 476 986 cameratum
500 960 635 984 tectum:
663 954 733 983 vide
756 963 813 982 nos
839 952 879 982 ad

146 1010 178 1041 ii.
194 1014 244 1040 95.
276 1010 325 1039 Sic
342 1009 429 1048 prior
443 1007 582 1044 Ennius,
599 1007 631 1035 in
647 1006 725 1046 frag.
742 1004 845 1034 annal.
861 1004 882 1033 i.

212 1088 287 1111 Unus
300 1086 360 1115 erit,
375 1092 456 1115 ouem
470 1088 500 1107 tu
510 1083 587 1107 tolles
599 1083 632 1107 ad
644 1081 745 1107 caerula
757 1080 813 1105 coeli

213 1126 313 1158 Templa
327 1135 334 1151 :

151 1200 187 1223 ut
202 1193 325 1222 mireris
338 1190 509 1230 Virgilium
522 1198 681 1228 nusquam
692 1186 887 1216 locutionem

150 1246 320 1284 adoptasse.
366 1241 545 1278 Terentius,
562 1240 646 1269 Eun.
664 1239 708 1268 iii.
726 1241 753 1268 5.
771 1241 821 1266 41.

183 1315 218 1339 At
230 1319 311 1342 quem
324 1311 405 1334 deum
416 1311 423 1333 ἓ
443 1309 489 1339 qui
506 1307 597 1339 templa
610 1306 663 1330 coeli
675 1312 784 1329 summa
796 1305 887 1329 sonitu

275 1350 408 1375 concutit.

156 1411 284 1448 Accius,
300 1408 385 1448 apud
402 1407 559 1444 Nonium,
576 1416 649 1436 voce
667 1407 773 1435 Sonit:

189 1472 315 1496 Clamore
327 1473 354 1494 et
367 1468 471 1500 gemitu
483 1466 602 1498 templum
614 1465 712 1490 resonit
725 1463 843 1488 coelitum.

157 1521 309 1553 Eundem
327 1518 472 1549 Ennium
488 1516 572 1555 apud
591 1515 655 1545 Cic.
671 1514 710 1544 de
726 1513 785 1543 div.
805 1516 830 1542 l.
844 1515 893 1541 20.

158 1573 268 1603 leviter
279 1572 441 1607 vitiosum,
458 1566 647 1597 emendabo:

176 1656 349 1685 Quamquam
363 1650 450 1674 multa
460 1655 556 1672 manus
568 1648 602 1671 ad
613 1646 666 1671 coeli
679 1645 780 1670 caerula
788 1643 880 1676 templa

174 1693 336 1718 Tendebam
348 1691 512 1717 lacrumans,
523 1692 550 1712 et
563 1685 660 1710 hianda
675 1692 742 1709 voce
753 1684 895 1708 vocabam.

177 1734 216 1757 Sic
228 1739 303 1763 aegro
315 1734 375 1754 tum
388 1729 469 1754 corde
482 1735 544 1752 meo
557 1734 601 1751 me
614 1731 724 1749 somnus
736 1723 852 1754 reliquit.

163 1804 283 1844 Vulgo,
308 1804 378 1832 Vir.-
405 1800 470 1837 sed,
496 1809 559 1839 quo
586 1797 681 1827 modo
703 1798 752 1827 vir
774 1795 828 1824 illa
843 1805 895 1824 ex-

163 1857 402 1897 pergisceretur,
432 1863 502 1892 quae
532 1852 677 1881 &rtet-rita.
706 1854 832 1887 repente
859 1846 899 1876 sit

165 1921 280 1945 somno,
307 1916 403 1936 nemo
425 1904 516 1934 facile
533 1902 685 1942 expediet.
734 1899 900 1930 Germani-

167 1970 241 1990 cum
272 1958 368 1987 etiam
392 1957 426 1985 in
449 1954 656 1994 prognosticis
680 1952 816 1987 ArateiS,
840 1961 901 1980 ver.

168 2015 242 2042 455.
266 2009 381 2038 rectius
403 2008 600 2043 distinctum,
627 2011 722 2045 atque
746 2002 903 2033 emacula-

170 2069 251 2099 tum,
269 2061 364 2091 dabo:

190 2134 289 2166 Templa
302 2133 348 2157 sed
360 2131 454 2156 aetherii
465 2130 544 2154 simul
557 2136 587 2153 ac
600 2128 747 2160 possederit
759 2127 834 2159 ignis,

189 2173 287 2199 Omnia
298 2172 388 2196 mixta
399 2170 478 2199 feret,
491 2168 595 2200 pluvias
608 2167 794 2195 meditabitur,
805 2167 898 2197 ingens

192 2214 320 2243 Undique
331 2211 432 2243 grando
444 2210 531 2239 x'enit3
548 2205 830 2239 rumpunturfulmina
840 2205 909 2229 nim-

285 2252 333 2276 bis.

178 2317 299 2357 Vulgo,
331 2316 486 2345 culmina:
520 2321 577 2341 nec
607 2309 775 2349 spreverim
804 2314 910 2338 tamen

168 2371 329 2411 flamiam
355 2372 391 2395 ut
406 2363 570 2403 Virgilius,
590 2361 664 2391 AEn.
681 2360 721 2390 xi.
738 2363 810 2390 548.

211 2447 492 2458 -——-——-
502 2436 594 2457 tantus
606 2441 629 2457 se
641 2431 748 2456 nubibus
758 2430 836 2454 imber

212 2482 322 2511 Ruperat
333 2487 340 2502 .-

183 2538 226 2567 ita
241 2543 347 2566 tamen
364 2541 400 2565 ut
414 2534 549 2573 priorem
573 2532 799 2562 divinationem
825 2535 911 2559 ante-

183 2589 362 2628 ponendam
377 2586 550 2617 habuerim.
596 2585 659 2614 His
687 2582 843 2613 Manilius
861 2592 913 2611 su-

186 2641 354 2680 perveniat,
371 2650 397 2668 v.
416 2642 489 2669 7‘26.
514 2647 619 2678 quem,
635 2636 661 2666 si
676 2635 751 2676 quid
762 2641 845 2664 recte
860 2644 913 2663 ex-

187 2691 323 2730 cogitare
338 2691 470 2728 valeam,
483 2687 714 2729 elegantissime
725 2696 795 2716 sum
807 2695 914 2716 emen-

188 2744 328 2779 daturus,
359 2743 457 2772 tribus
487 2741 677 2771 dictionibus
702 2750 757 2778 per
784 2738 916 2768 totidem

189 2804 295 2824 versus
311 2793 474 2831 insigniter
488 2793 705 2831 depravatum:

223 2868 304 2891 Tunc
316 2868 427 2889 conserta
438 2865 499 2888 licet
511 2865 564 2888 coelt'
576 2864 707 2896 fulgentia
718 2863 811 2894 templa

222 2907 340 2932 Cernere
350 2904 494 2928 luminibus
505 2904 601 2933 densis,
612 2903 737 2934 motisque
748 2903 848 2928 micare

225 2945 354 2974 Floribus,
365 2947 395 2969 ut
404 2942 478 2975 pictae
490 2949 605 2967 curvum
617 2949 664 2974 per
678 2942 739 2966 litus
749 2945 850 2966 arenae.

916 744 1066 774 invenies.

1112 743 1231 783 Vulgo,
1258 742 1408 784 conserta,
1433 741 1596 772 invenuste
1616 751 1653 772 ac

921 803 1122 835 ταυτολογως.
1176 795 1226 825 Ex
1253 794 1393 824 Lucretii
1423 794 1541 824 scilicet
1568 803 1654 833 penu

922 847 1040 886 phrasis
1056 846 1183 886 elegans
1199 852 1335 876 conserta
1353 846 1522 876 luminibus
1544 855 1654 885 prove-

924 900 982 936 nit,
999 898 1083 928 adii.
1101 901 1172 927 211.

1243 962 1271 983 et
1282 957 1377 982 lumine
1387 957 1493 982 conserit
1504 964 1583 981 arva:

926 1013 981 1043 ubi
997 1019 1027 1042 te
1047 1013 1193 1050 suaviter,
1220 1012 1281 1042 nisi
1297 1011 1449 1049 fallimur,
1473 1010 1661 1041 detinebunt

929 1064 1147 1094 annotationes
1162 1070 1288 1100 nostrae,
1300 1063 1325 1092 si
1338 1062 1433 1092 modo
1448 1062 1498 1092 his
1513 1061 1663 1092 orationis

930 1117 1058 1156 po'e'ticae
1075 1116 1194 1146 deliciis
1208 1115 1394 1145 medullitus
1409 1114 1556 1155 tangaris
1580 1114 1663 1144 Haec

930 1176 1003 1200 aute
1018 1170 1212 1208 scripseram,
1229 1180 1325 1209 quam
1348 1179 1399 1198 me
1413 1168 1576 1198 certiorem
1591 1167 1666 1197 fecit

933 1221 1063 1251 Stoeberi
1074 1222 1180 1258 editio,
1192 1221 1324 1251 eandem
1336 1220 1503 1250 lectionem
1518 1219 1550 1249 in
1561 1219 1669 1249 codice

933 1273 1101 1303 I'arisiensi
1132 1283 1319 1312 comparere.
1375 1275 1470 1302 *Uotis
1496 1272 1591 1301 etiam
1618 1282 1667 1301 re-

933 1324 1035 1362 posui,
1052 1334 1109 1363 pro
1124 1327 1203 1359 totis,
1216 1324 1300 1364 quod
1315 1324 1409 1363 longe
1425 1323 1667 1352 insulsissimum

933 1382 999 1412 est;
1032 1375 1103 1406 mea
1129 1386 1201 1405 vero
1228 1376 1420 1405 divinatione
1447 1374 1525 1404 nihil
1556 1374 1670 1413 aptius,

937 1427 1016 1456 nihil
1032 1427 1192 1457 sincerius
1218 1429 1324 1464 Motis,
1338 1426 1528 1456 nictantibus
1539 1425 1671 1462 scilicet;

937 1484 974 1508 ut
986 1488 1058 1507 mox
1072 1478 1249 1515 Lucretius,
1265 1488 1326 1508 ver.
1343 1482 1433 1508 1088.
1449 1477 1587 1507 multum
1600 1487 1671 1506 sua-

939 1530 1079 1559 vissime:

956 1590 1047 1620 Atque
1058 1589 1118 1614 ideo
1131 1592 1222 1613 totum
1235 1589 1435 1612 circumuremere
1447 1588 1551 1613 aethera
1562 1587 1658 1619 siguis:

942 1639 996 1669 ubi
1013 1650 1064 1669 me
1087 1638 1238 1669 consulas.
1285 1639 1337 1668 De
1348 1640 1484 1679 floribus
1510 1642 1618 1668 autem
1641 1637 1676 1668 in

942 1692 1000 1720 hoc
1016 1701 1122 1728 sensu,
1135 1701 1192 1720 nos
1208 1690 1344 1720 ubertim
1358 1700 1449 1728 supra
1462 1688 1677 1726 disseruimus,

942 1743 981 1773 ad
997 1754 1059 1774 ver.
1079 1748 1150 1774 809.
1176 1746 1277 1774 Pictoe
1293 1753 1375 1778 vero,
1399 1753 1457 1781 pro
1473 1742 1603 1782 vulgato
1618 1743 1678 1772 sic-

943 1807 997 1832 cce,
1021 1796 1097 1836 quid
1119 1795 1319 1833 laudabilius,
1351 1801 1381 1824 et
1408 1805 1445 1824 ex
1473 1794 1561 1824 omni
1591 1799 1680 1833 parte

942 1847 1080 1879 lautius?
1101 1848 1200 1878 Carus
1210 1847 1319 1877 itidem
1332 1853 1446 1883 noster,
1456 1857 1549 1886 quem
1560 1855 1682 1886 magno

946 1911 1039 1940 opere
1056 1900 1213 1931 Manilius
1228 1899 1344 1940 passim
1368 1898 1535 1929 aemulatus
1562 1904 1620 1937 est,
1646 1898 1681 1929 ii.

947 1959 1020 1988 575.

981 2029 1190 2060 Com-harumque
1201 2036 1285 2060 genus
1295 2028 1371 2060 parili
1381 2028 1484 2052 ratione
1500 2027 1623 2052 videmus

981 2068 1088 2099 Pingere
1100 2068 1201 2092 telluris
1214 2068 1361 2099 gremium,
1373 2067 1427 2097 qua
1440 2066 1564 2090 mollibus
1576 2065 1655 2090 undis

982 2107 1072 2131 Litoris
1080 2108 1184 2131 incurvi
1193 2107 1312 2131 bibulam
1324 2106 1399 2138 pavit
1411 2112 1506 2135 aequor
1515 2111 1620 2128 arenam
1630 2113 1639 2129 .-

955 2181 1025 2212 quae
1048 2176 1121 2200 sunt
1137 2169 1370 2207 consimillima,
1394 2174 1424 2198 et
1439 2167 1589 2197 divinitus
1611 2178 1686 2198 sane

955 2222 1098 2262 cogitata.
1145 2222 1224 2256 Quae
1247 2220 1387 2250 diximus
1401 2219 1442 2249 ad
1457 2220 1541 2249 hunc
1562 2229 1686 2259 quoque

954 2272 1073 2311 locum,
1089 2272 1212 2302 venusti
1224 2271 1354 2301 lectores
1366 2271 1496 2301 fortasse
1508 2281 1582 2300 cum
1593 2269 1689 2300 taedio

955 2334 1019 2353 non
1041 2323 1211 2364 perlegerit.
1261 2323 1366 2362 Atque
1388 2323 1457 2352 haec
1477 2323 1628 2351 hactenus
1654 2321 1688 2351 in

958 2375 1147 2412 Manilium;
1172 2374 1225 2414 qui
1242 2374 1281 2403 ad
1298 2373 1316 2403 i.
1335 2376 1407 2403 448.
1424 2373 1456 2403 ii.
1472 2376 1544 2404 554.
1569 2372 1689 2403 adeun-

958 2425 1017 2456 dus
1048 2434 1104 2465 est,
1128 2432 1220 2467 atque
1243 2426 1316 2455 hinc
1339 2425 1413 2455 ibid.
1440 2428 1509 2455 118.
1533 2425 1577 2454 sic
1604 2430 1690 2455 extra

960 2478 1189 2510 dubitationem
1204 2478 1265 2508 levi
1280 2476 1438 2507 medicina
1446 2476 1672 2515 persanandus:

974 2541 1171 2572 signorumque
1183 2539 1289 2569 choros,
1306 2545 1337 2562 ac
1349 2537 1439 2562 mundi
1451 2537 1577 2561 flammea
1587 2535 1689 2567 templa.

961 2589 1081 2629 Vulgo,
1111 2595 1187 2620 lecta
1195 2604 1205 2624 ,·
1230 2587 1269 2618 de
1299 2596 1436 2628 quorum
1467 2584 1690 2615 vocabulorum

958 2641 1157 2679 confusione,
1178 2640 1321 2680 pluribus
1335 2639 1435 2669 acturi
1458 2647 1568 2667 sumus
1593 2635 1633 2665 ad
1658 2635 1691 2665 ii.

962 2698 1011 2724 28.
1057 2693 1156 2730 Hinc,
1184 2699 1220 2722 ut
1235 2698 1308 2732 pote
1330 2691 1369 2721 de
1385 2690 1479 2720 domo
1493 2688 1628 2727 positam
1642 2696 1691 2716 re-

961 2745 1014 2786 gia
1034 2744 1277 2786 magnificaque,
1293 2743 1546 2774 membranarum
1561 2739 1692 2778 scriptu-

961 2808 1029 2828 ram
1042 2798 1183 2837 plurium
1194 2796 1362 2827 tenendam
1374 2792 1518 2829 dixen'm,
1531 2790 1571 2820 ad
1585 2790 1693 2821 Catul-

935 2885 939 2888 ,
963 2849 1042 2885 lum,
1058 2849 1130 2878 lxiv.
1148 2851 1197 2879 75.

1286 2912 1339 2936 quo
1351 2908 1474 2935 tempore
1486 2902 1617 2932 Theseus,

1029 2949 1133 2980 Adtigit
1145 2947 1234 2978 injusti
1244 2945 1307 2978 regis
1319 2944 1452 2976 Gortynia
1468 2943 1571 2975 templa.
