1894 3253
203 258 295 298 102
730 248 790 295 T.
841 235 1222 295 LUC'RETH

340 381 564 430 Sensimus,
585 378 719 420 infuso
738 378 1002 435 lympharum
1022 393 1121 420 rore
1136 392 1329 434 superne:

342 457 484 511 Usque
504 441 608 495 adeo
627 453 670 494 in
691 454 813 495 rebus
834 453 951 495 solidi
971 453 1077 494 nihil
1096 469 1182 495 esse
1202 454 1379 495 videtur.

341 529 423 572 Sed
443 529 539 584 quia
558 543 655 569 vera
674 536 814 570 tamen
833 528 955 578 ratio,
977 536 1208 585 naturaque
1228 543 1386 579 rerum,

225 611 308 646 500
341 603 480 660 Cogit,
503 602 614 653 ades,
635 604 776 658 paucis
796 603 897 644 dum
920 603 1101 644 versibus
1122 603 1406 658 expediamus,

339 678 440 719 Esse
459 693 522 728 ea,
545 692 638 733 quae
659 677 788 718 solido
809 686 932 734 atque
952 686 1110 718 aeterno
1131 693 1305 732 corpore
1325 684 1534 728 constent3

340 751 510 793 Semina
529 766 623 807 quae
641 766 796 802 rerum,
819 752 1145 807 primordiaque,
1169 767 1254 793 esse
1275 752 1486 793 docemus:

341 825 469 868 Unde
488 827 622 867 omnis
641 841 782 867 rerum
801 841 915 867 nunc
937 834 1095 867 constet
1117 841 1278 867 summa
1298 835 1448 867 creata.

399 900 627 956 Principio,
650 901 849 956 quoniam
871 901 1027 956 duplex
1048 909 1197 941 natura
1217 901 1394 942 duarum

225 979 307 1016 505
339 975 560 1017 Dissimilis
580 989 720 1015 rerum
740 974 863 1032 longe
884 983 1074 1016 constare
1094 983 1258 1029 reperta
1277 983 1354 1025 est,

342 1049 556 1105 Corporis,
579 1057 702 1105 atque
720 1049 816 1099 loci,
839 1064 904 1090 res
924 1049 967 1090 in
989 1064 1073 1105 quo
1094 1063 1269 1105 quaeque
1288 1057 1510 1106 geruntur3

195 1207 318 1237 videtur
332 1205 490 1236 inservire.
534 1205 647 1244 Porro,
662 1205 813 1247 leguntur
828 1205 928 1245 paral-

196 1259 258 1289 lela
272 1258 306 1288 in
320 1258 360 1288 xi.
378 1262 449 1289 949.

240 1310 317 1340 Ver.
341 1312 413 1341 497.
435 1307 538 1349 infuso
568 1319 654 1339 rore:
692 1309 770 1339 Huc
795 1307 929 1348 respexit

199 1361 366 1402 Virgilius,
382 1371 452 1401 geo.
470 1360 490 1390 i.
505 1363 578 1391 585.

258 1420 392 1446 Certatim
402 1420 488 1451 largos
499 1419 617 1444 humeris
628 1418 762 1450 infundere
773 1426 849 1443 rores.

197 1470 242 1500 Et
271 1469 428 1504 effectum,
456 1478 551 1508 quem
576 1468 742 1498 Lucretius
771 1468 926 1504 denarrat,

199 1521 333 1552 Ovidius
348 1521 392 1551 ita
406 1520 521 1561 tetigit,
545 1520 631 1559 epist.
648 1520 708 1550 xxi.
727 1523 798 1551 220.

258 1588 372 1620 Argenti
383 1588 456 1612 color
465 1591 504 1613 est
515 1588 586 1612 inter
598 1588 723 1612 convivia
734 1588 804 1618 talis,

289 1629 369 1660 Quod
380 1632 486 1653 tactum
499 1628 595 1660 gelidae
608 1628 707 1660 frigore
719 1629 801 1660 pallet
812 1633 902 1659 aquae.

239 1688 316 1718 Ver.
331 1691 404 1719 498.
427 1690 520 1719 solidi
533 1690 629 1719 m'lzil:
658 1695 701 1719 Π.
725 1690 855 1719 solidum
871 1690 929 1718 nil.

238 1739 316 1770 Ver.
340 1743 413 1771 499.
443 1751 533 1771 vera:
567 1739 605 1770 P.
635 1739 675 1769 V.
700 1739 747 1770 ed.
774 1740 812 1770 Β.
841 1751 927 1770 rara.

196 1792 291 1822 Forte
307 1802 347 1822 an
363 1791 493 1822 vellent:

259 1853 309 1877 Sed
319 1851 381 1884 quia
392 1851 463 1875 clara
473 1854 566 1875 tamen
577 1849 693 1875 ratio—z

197 1916 274 1937 nam
303 1905 467 1946 aliquoties
495 1905 661 1946 permistas
694 1915 760 1935 esse
793 1904 927 1935 librariis

196 1967 291 1988 voces
306 1960 410 1988 clarus
425 1963 456 1986 et
471 1967 575 1994 rarus,
592 1956 692 1986 disces
705 1966 724 1986 a
739 1957 929 1987 Burmanno

196 2009 239 2041 ad
255 2008 347 2039 Ovid.
363 2014 437 2038 met.
455 2008 508 2038 vii.
525 2011 598 2039 622.

241 2060 316 2091 Ver.
332 2062 404 2091 500.
431 2061 517 2098 Cogit
539 2060 630 2089 ades:
655 2058 756 2089 Vind.
774 2058 810 2089 P.
826 2058 867 2089 V.
884 2058 932 2089 ed.

201 2111 241 2143 O.
264 2117 300 2143 Δ.
323 2116 359 2143 Σ.
386 2117 431 2142 Ω.
463 2111 591 2150 Cognita
607 2111 659 2145 (18,-
689 2115 729 2140 Π.
751 2111 874 2148 cognita
896 2111 933 2141 de

196 2166 259 2196 sed.

243 2215 326 2246 Ibid.
349 2216 482 2247 versibus
503 2215 706 2254 expediamus.
753 2212 805 2243 Sic
825 2213 929 2250 Maro,

199 2273 276 2303 AEn.
293 2271 335 2301 xi.
353 2274 425 2302 759.
449 2272 620 2310 Expediam
631 2271 731 2300 dictis.
756 2268 854 2299 Varia
868 2268 930 2299 lec-

199 2324 244 2355 tio
259 2323 293 2353 in
309 2323 346 2353 B.
369 2324 520 2362 expeditos
546 2320 683 2351 fortassis
705 2319 880 2359 corruptela
894 2319 934 2349 sit

201 2389 239 2407 τε
253 2375 405 2415 erliedibc),
425 2373 537 2414 glossae
562 2372 700 2413 margini
724 2371 868 2411 appictae3
891 2371 931 2402 de

199 2426 262 2468 qua
286 2425 371 2456 verbi
396 2423 499 2455 forma
523 2423 595 2464 plus
620 2423 716 2454 semel
732 2423 869 2461 Nonius,
893 2433 931 2453 ex

199 2477 307 2509 Ennio
323 2477 509 2517 Plautoque,

243 2528 325 2560 Ibid.
363 2531 448 2567 ades,
473 2529 586 2569 paucis
616 2530 700 2559 dum.

200 2581 291 2612 initio
305 2581 450 2611 Andriae:

750 2527 930 2563 Terentius,

264 2652 341 2682 Ades,
352 2653 413 2677 dum
422 2653 512 2685 paucis
522 2656 551 2678 te
562 2652 634 2678 volo.

202 2709 387 2740 Formulam
402 2711 445 2741 sic
468 2710 649 2741 immutavit
664 2709 830 2751 Virgilius,
854 2709 930 2740 AEn.

200 2759 241 2790 iv.
266 2763 335 2791 116.
357 2762 502 2792 nonnihil
528 2762 673 2793 attollens
699 2767 730 2792 et
759 2761 927 2801 expoliens,

200 2816 240 2842 ut
253 2810 427 2851 graviorem
442 2813 549 2851 poesin
564 2815 796 2844 cohonestaret:

520 2879 619 2910 paucis,
631 2879 752 2910 adverte,
763 2879 880 2904 docebo:

202 2941 296 2977 atque
311 2936 437 2973 iterum,
458 2936 531 2966 ibid.
548 2937 587 2967 xi.
602 2941 673 2967 314.

1005 1207 1081 1230 Nunc
1094 1206 1172 1235 adeo,
1184 1211 1246 1236 quae
1258 1205 1291 1229 sit
1303 1204 1392 1229 dubiae
1403 1204 1537 1229 sententia
1546 1204 1644 1235 menti,

1005 1245 1159 1277 mpetum,
1171 1250 1197 1270 et
1206 1246 1307 1278 paucis,
1320 1245 1416 1269 animos
1428 1245 1549 1275 adhibete,
1561 1245 1673 1270 docebo.

1018 1321 1093 1351 Ver.
1110 1324 1182 1351 501.
1205 1332 1261 1351 ea:
1287 1320 1325 1350 P.
1342 1321 1382 1350 V.
1406 1320 1454 1350 ed.
1475 1327 1592 1352 et.—ea
1615 1332 1702 1361 quae:

974 1372 1012 1403 P.
1041 1375 1349 1413 aliqua—constent:
1387 1373 1426 1402 G.
1450 1377 1484 1403 Σ.
1513 1379 1557 1403 Ω.
1584 1379 1705 1404 constet.

975 1424 1020 1454 Et
1049 1430 1169 1463 septem
1194 1434 1299 1454 versus
1325 1430 1488 1464 sequentes
1514 1424 1548 1453 in
1573 1431 1613 1454 Π.
1638 1434 1704 1455 non

972 1482 1163 1515 comparent.

1017 1528 1091 1558 Ver.
1116 1531 1188 1559 504.
1221 1529 1374 1558 duarum:
1400 1527 1438 1557 B.
1461 1529 1610 1558 duorum:
1635 1527 1708 1559 vide

974 1589 1079 1618 supra,
1095 1589 1156 1609 ver.
1172 1582 1244 1609 450.

1020 1631 1095 1661 Ver.
1112 1634 1184 1662 505.
1210 1631 1313 1661 Miror
1328 1631 1513 1661 Lucretium
1536 1631 1707 1671 perspicui-

975 1683 1031 1712 tati
1047 1682 1228 1713 consultum
1237 1693 1301 1713 non
1317 1683 1408 1713 iw'sse
1419 1682 1594 1713 dictionum
1603 1683 1706 1714 inver-

971 1745 1078 1766 sarum
1094 1736 1212 1774 positu:

1037 1803 1175 1827 Dissimilis
1186 1803 1256 1835 longe
1266 1809 1392 1828 rerum—.

1016 1861 1097 1892 Ibid.
1130 1868 1284 1893 constare:
1327 1867 1362 1892 Δ.
1387 1868 1546 1902 praestare.
1601 1862 1707 1901 Forte,

969 1919 1130 1953 perstare‚-
1160 1913 1255 1954 quod,
1287 1913 1407 1953 scriptis
1434 1913 1620 1952 faventibus,
1643 1924 1708 1944 non

972 1973 1051 1994 esset
1066 1964 1319 2004 improbandum.

1019 2016 1094 2046 Ver.
1112 2020 1184 2047 506.
1210 2018 1368 2055 Corporis:
1394 2015 1491 2046 Vind.
1507 2016 1549 2046 V.
1565 2015 1612 2046 ed.
1635 2018 1707 2047 Cor-

972 2077 1108 2106 porum‚·
1134 2066 1382 2096 mendosissime.
1428 2066 1470 2096 In
1499 2067 1710 2106 superioribus

977 2118 1050 2148 satis
1064 2117 1185 2147 dictum
1199 2124 1253 2147 est.

1017 2169 1092 2199 Ver.
1109 2172 1181 2200 507.
1210 2170 1282 2199 Esse
1298 2170 1357 2199 sibi
1367 2179 1424 2208 per
1438 2179 1485 2199 se.-
1512 2169 1532 2199 i.
1549 2178 1574 2199 e.
1597 2179 1630 2199 se
1650 2170 1706 2199 ha-

974 2223 1048 2253 bere
1066 2221 1176 2258 solam,
1204 2221 1270 2251 sine
1294 2221 1337 2250 rei
1355 2220 1539 2259 cujuslibet
1552 2221 1706 2259 mixtur5;

975 2274 1033 2304 sibi
1047 2283 1096 2303 res
1110 2283 1182 2302 suas
1193 2274 1319 2309 habere,
1336 2278 1371 2301 ut
1384 2271 1518 2302 Plautus
1529 2271 1601 2311 plus
1610 2273 1707 2304 semel

977 2332 1022 2356 est
1038 2325 1176 2362 locutus3
1202 2324 1392 2363 simplicem,
1409 2327 1562 2355 ασυνθετον.

1018 2386 1099 2417 Ibid.
1117 2397 1251 2426 puram:
1278 2392 1314 2416 ut
1338 2385 1546 2424 Mantuanus,
1571 2386 1647 2417 AEn.
1666 2385 1705 2416 vi.

975 2441 1047 2469 746.

1006 2524 1169 2548 concretam
1181 2522 1286 2547 exemit
1298 2523 1398 2552 labem,
1407 2525 1555 2554 purumque
1566 2521 1673 2551 reliquit

1005 2564 1158 2588 AEtherium
1169 2569 1288 2592 sensum,
1298 2567 1381 2592 atque
1391 2562 1466 2586 aurai
1475 2560 1592 2592 simplicis
1601 2560 1705 2591 iguem?

967 2632 1095 2661 purum,
1123 2620 1280 2651 extraneis
1301 2619 1448 2649 omnibus
1463 2617 1596 2648 liberum
1611 2621 1704 2656 atque

973 2682 1193 2717 expurgatum.
1237 2675 1302 2705 His
1333 2672 1431 2703 Servii
1460 2669 1705 2701 commentarius

973 2727 1078 2758 lucem
1093 2727 1221 2768 injiciet.
1260 2729 1281 2744 “
1298 2725 1451 2765 Simplicis
1467 2728 1584 2759 autem,
1605 2721 1705 2751 nostri

974 2783 995 2798 “
1013 2779 1254 2819 comparatione,
1282 2777 1336 2818 qui
1362 2780 1482 2806 constat
1505 2773 1546 2803 de
1570 2773 1658 2813 ligno
1673 2779 1705 2803 et

974 2834 997 2849 “
1014 2831 1098 2861 a’e‘re:
1125 2829 1178 2860 ille
1193 2829 1279 2859 enim
1294 2828 1440 2859 ασυνιΐετος
1456 2834 1512 2864 per
1532 2834 1565 2853 se
1590 2823 1704 2862 plenus

976 2886 997 2901 “
1014 2888 1060 2913 est
1083 2888 1114 2912 et
1136 2888 1279 2917 ceterum,
1307 2878 1381 2918 quia
1406 2876 1552 2916 simplex:
1594 2875 1701 2906 omnia

978 2939 1002 2953 ‘¹‘
1015 2934 1100 2964 enim
1117 2935 1245 2969 cunam-a,
1260 2929 1293 2961 id
1307 2935 1364 2966 est,
1380 2928 1563 2969 composita,
1579 2927 1700 2959 exitum
