1894 3253
538 263 771 312 LIBER
821 262 1237 312 SECUNDUS.
1543 273 1569 309 3

1579 273 1634 310 15

338 399 453 447 Quin
475 398 612 447 ctiam,
635 397 786 452 passim
806 395 955 436 nostris
976 396 1025 435 in·
1041 395 1221 437 versibus
1241 396 1337 450 ipsis

283 472 418 514 Multa
438 473 637 514 elementa
657 471 769 512 vides
789 470 927 511 multis
948 470 1172 510 conmunia
1193 470 1343 520 verbis;

281 547 422 595 Quom
443 555 580 587 tamen
602 547 712 586 inter
733 561 775 586 se
794 559 932 585 versus
953 558 1000 584 ac
1022 544 1162 593 verba,
1185 559 1347 585 necesse
1368 553 1441 594 est,

165 626 248 661 690
281 620 518 662 Confiteare
536 620 617 661 alia
636 634 688 660 ex
710 619 796 660 aliis
817 626 1005 659 constare
1025 617 1246 658 elementis.

283 695 395 745 Non,
419 709 501 750 quo
521 694 665 743 multa,
686 707 834 748 parum
854 692 1087 742 conmunis‚
1116 691 1233 733 litera
1253 701 1406 745 currat,

280 769 368 809 Aut
387 767 499 808 nulla
517 768 625 808 inter
646 781 688 807 se
707 766 792 807 duo
813 766 894 807 sint
914 780 968 807 ex
989 765 1181 807 omnibus
1201 766 1355 817 eidem3

282 842 379 892 Sed,
401 843 498 898 quia
517 856 603 882 non
624 840 746 897 volgo
766 841 883 896 paria
903 840 1095 881 omnibus
1116 841 1258 882 omnia
1276 849 1481 883 constant:

283 917 351 958 Sic
372 917 458 959 aliis
479 917 523 956 in
543 916 665 957 rebus
684 917 784 957 item
802 915 1027 957 conmunia
1047 915 1191 966 multa,

165 996 247 1032 695
281 990 515 1032 Multarum
535 1006 674 1033 rerum
695 1006 821 1047 quom
843 991 923 1033 sint
942 990 1189 1046 primordia,
1210 1005 1349 1032 rerum

141 1155 180 1180 Π.
203 1155 234 1179 et
250 1148 328 1179 Pius
343 1149 438 1180 etiam
453 1149 584 1190 hujusce
598 1150 740 1181 lectionis
755 1151 868 1181 memi-

141 1202 199 1232 nit:
228 1202 268 1231 Υ.
284 1201 331 1232 ed.
349 1203 388 1238 Q.
400 1209 507 1242 wirto,-
535 1209 702 1243 ss.p‹zrco,·
722 1203 817 1234 Vind.
833 1204 869 1234 L.

140 1254 185 1284 M.
199 1260 318 1293 parato.
348 1255 441 1284 Forte
457 1255 615 1295 ansacto:
641 1255 693 1285 adi
705 1255 745 1285 sis
759 1256 778 1285 i.
795 1259 867 1287 941.

181 1305 254 1336 Ver.
269 1309 342 1336 680.
366 1317 435 1336 cum
450 1308 557 1336 odore.-
584 1306 621 1335 P.
638 1317 706 1336 cum
729 1307 849 1336 adolent
855 1322 866 1342 ‚-

139 1358 176 1393 Q.
204 1369 271 1389 cum
299 1360 408 1388 hodorc
417 1374 428 1394 ‚·
452 1357 538 1388 unde
564 1358 650 1388 venit
676 1358 812 1388 fortassis
835 1372 869 1389 ero

136 1421 204 1440 cum
227 1412 326 1440 dolore
344 1409 439 1440 Vind.
457 1410 498 1440 V.
521 1409 568 1440 ed.
593 1410 632 1440 O.
658 1415 692 1440 Δ.
710 1417 753 1440 Π.
772 1415 806 1441 Σ.
825 1417 870 1441 Ω.

138 1463 340 1502 —plerczque:
370 1469 414 1493 Ω..
425 1464 588 1502 plenaque.
625 1462 667 1492 Et
684 1462 727 1492 sic
742 1462 872 1492 tandem

140 1523 177 1543 ex
192 1513 251 1542 hac
270 1512 373 1543 cloaca
397 1512 541 1542 laetamur
561 1513 700 1543 evasisse.
746 1513 871 1543 Davisi-

138 1575 176 1594 us
191 1570 322 1603 nostras,
349 1570 380 1594 et
394 1564 578 1604 ingeniosus
601 1565 657 1600 vir,
684 1571 715 1595 et
732 1565 874 1604 impense

140 1616 261 1654 doctus,
278 1617 364 1646 hunc
380 1615 486 1645 locum
502 1615 544 1646 sic
560 1615 732 1655 legendum
744 1617 874 1655 putavit,

138 1668 172 1697 in
189 1667 271 1697 notis
286 1666 327 1697 ad
346 1666 429 1697 Min.
442 1666 507 1696 Fel.
524 1672 596 1697 sect.
611 1671 640 1698 2.

363 1734 459 1765 quibus
470 1738 509 1759 est
520 1735 588 1759 odor
597 1739 625 1760 et
637 1742 714 1768 sapor
725 1736 779 1760 una

139 1776 270 1806 Redditus,
284 1779 312 1800 ut
323 1783 387 1800 cum
400 1775 483 1800 adoles
495 1776 627 1808 imprimis
638 1777 766 1809 pleraque
777 1777 858 1802 dona.

142 1836 203 1866 Sed
215 1836 363 1865 lectiones
373 1836 560 1874 scriptorum
568 1836 796 1875 exemplarium
809 1847 873 1867 non

142 1887 215 1917 satis
229 1886 363 1925 respexit
377 1887 424 1916 vir
438 1886 492 1917 ille
506 1887 713 1918 acutissimus

186 1939 259 1968 Ver.
276 1942 348 1970 682.
370 1950 479 1970 sucus:
503 1940 548 1969 ita
562 1945 644 1970 recte
659 1940 806 1979 scriptam
820 1951 874 1971 vo.

142 2001 211 2022 cem
226 1992 375 2021 exhibent
389 1991 434 2021 V.
451 1991 501 2021 ed.
521 1997 556 2022 Δ.
573 1997 608 2023 Σ.
625 1998 669 2022 Ω.
714 1993 872 2031 Donatus,

141 2042 180 2073 ad
204 2042 329 2073 Terent.
346 2043 430 2073 Eun.
446 2043 477 2073 ii.
493 2047 523 2073 5.
548 2047 598 2074 26.
643 2048 666 2062 “
683 2046 779 2076 Sacas
800 2055 872 2084 pro-

143 2098 165 2113 “
182 2094 248 2134 prie
263 2095 351 2135 quasi
365 2106 460 2135 sagus
465 2111 476 2130 ,·
503 2106 597 2136 quem
614 2096 672 2126 sibi
688 2107 726 2126 ex
741 2096 873 2127 alimen-

143 2150 165 2164 “
183 2147 221 2176 tis
249 2147 391 2176 membra
418 2153 545 2186 sugunt,
575 2153 611 2177 ut
640 2158 672 2177 se
702 2148 872 2187 repleant.”

146 2197 342 2227 Glossarium
371 2203 470 2228 vetus:
491 2197 537 2232 ’tf‘
554 2200 663 2237 Sucus,
697 2200 874 2240 χυλος.”-

144 2247 354 2278 Locutionem
367 2259 451 2287 vero,
469 2251 574 2280 Nidor
588 2256 741 2290 penetrat,
759 2257 872 2282 utcun-

146 2308 207 2337 que
223 2298 443 2330 illustravimus
458 2310 570 2339 nuper,
586 2300 626 2330 ad
642 2311 703 2331 ver.
719 2305 790 2332 414.
812 2303 872 2333 hu—

145 2348 234 2387 jusce
248 2348 328 2380 libri.

192 2399 265 2429 Ver.
281 2403 353 2430 685.
377 2412 526 2432 seorsum:
552 2403 587 2432 P.
601 2415 723 2434 rursum
732 2419 743 2440 ,-
771 2405 811 2435 V.
827 2405 874 2436 ed.

149 2450 248 2482 Vind.
275 2451 313 2481 L.
333 2451 372 2482 O.
390 2452 428 2487 Q.
457 2457 492 2483 Δ.
510 2458 544 2484 Σ.
571 2463 774 2486 sursum—et
798 2468 877 2487 seor-

149 2516 232 2536 sum:
260 2505 297 2535 P.
321 2517 382 2546 qua
405 2518 484 2543 non;
510 2508 553 2539 V.
582 2509 629 2540 ed.
654 2522 731 2550 qua5
761 2511 801 2541 O.
830 2519 875 2542 Ω.

149 2559 199 2588 sed
216 2568 286 2593 nec;
311 2557 345 2586 in
367 2557 494 2598 reliquis
510 2560 656 2590 omnibus
677 2562 808 2592 omnino
823 2573 875 2592 va-

149 2617 199 2642 cat
212 2611 314 2641 locus:
340 2611 425 2641 unde
439 2613 592 2643 restitutio
605 2614 767 2651 Vossiana,
780 2626 877 2656 quam

149 2668 312 2693 contextus
336 2668 440 2693 noster
455 2665 590 2702 exhibet,
617 2666 681 2695 veri
695 2666 729 2696 fit
755 2667 875 2697 similli-

150 2723 215 2751 ma,
240 2714 280 2743 ob
295 2713 474 2754 frequentes
495 2715 678 2747 omissiones
703 2717 877 2748 dictionum

150 2764 197 2794 bis
211 2766 454 2796 occurrentium:
479 2766 551 2796 vide
566 2767 606 2797 ad
622 2767 641 2798 i.
658 2771 875 2809 835.—sapor:

153 2814 200 2844 M.
222 2818 325 2855 sapori
330 2832 340 2852 ;
364 2816 486 2856 arrepta
514 2817 616 2856 prima
643 2819 794 2850 venientis
813 2820 877 2850 dic-

153 2864 246 2895 tionis
259 2866 356 2898 litera.

196 2915 270 2946 Ver.
294 2921 365 2948 684.
382 2922 495 2958 primis
506 2921 642 2962 figuris:
676 2921 696 2951 i.
711 2932 737 2951 e.
762 2924 784 2939 “
799 2921 879 2962 figu-

157 2971 180 2986 ‘³
197 2967 237 2998 ris
250 2971 518 3011 corpusculorum,
542 2973 626 3003 unde
649 2979 790 3004 constant
813 2974 880 3014 ipsa

915 1154 936 1169 “
954 1150 1191 1190 corpora;'’——“
1206 1159 1337 1179 suorum
1351 1148 1595 1188 primordiorum
1606 1150 1643 1179 fi-

914 1207 937 1221 “
953 1202 1079 1243 guris:‘¹
1093 1202 1145 1231 cui
1153 1201 1233 1231 nihil
1245 1201 1343 1238 aliud,
1356 1201 1548 1238 salvoscnsu‚
1559 1202 1644 1232 locus

913 1254 1044 1293 patitur;
1069 1254 1309 1291 Havercampus
1331 1258 1449 1290 tamen,
1476 1253 1562 1283 libris
1576 1264 1644 1283 om-

912 1306 1005 1335 nibus
1027 1304 1068 1334 ad
1093 1304 1192 1334 ravim
1217 1303 1470 1342 reclamantibus,
1496 1305 1646 1336 Lucretio

913 1368 1007 1388 suum
1017 1359 1118 1397 privis
1133 1356 1273 1387 obtrusit.
1310 1356 1383 1392 Qua
1397 1356 1532 1388 inscitia!
1550 1363 1646 1397 quam

914 1409 1135 1440 temeritatem!
1173 1409 1317 1439 Hoccine
1340 1409 1437 1440 etiam
1459 1410 1648 1450 Preigerum

915 1472 972 1491 suo
983 1461 1106 1500 judicio
1120 1460 1387 1500 comprobavisse?

959 1512 1034 1541 Ver.
1059 1514 1130 1542 687.
1159 1513 1260 1546 Quin:
1287 1511 1327 1541 V.
1350 1512 1398 1542 ed.
1426 1518 1467 1542 11.
1498 1514 1643 1547 Quando:

918 1570 952 1594 ut
968 1573 1048 1602 saepe
1063 1563 1140 1593 alias
1154 1563 1264 1593 variari
1280 1563 1436 1601 novimus,
1459 1569 1490 1594 et
1504 1564 1648 1604 apparuit

918 1615 952 1644 in
968 1614 1440 1654 praecedentibuS.—Caeterum,
1456 1615 1497 1645 ad
1510 1615 1647 1646 illustra—

914 1667 1035 1696 tionem
1051 1666 1229 1707 argumenti
1256 1666 1315 1702 sui,
1339 1677 1396 1706 ope
1414 1668 1544 1707 hujusce
1560 1668 1647 1698 simi-

915 1718 1068 1756 litudinis,
1093 1729 1158 1748 non
1173 1719 1280 1748 minus
1295 1719 1468 1759 ingeniosae
1482 1730 1578 1760 quam
1592 1730 1647 1760 ap-

915 1771 1033 1810 positae,
1061 1777 1165 1801 noster
1184 1771 1253 1811 jam
1268 1771 1464 1812 confugerat,
1490 1772 1524 1801 in
1540 1772 1559 1802 i.
1576 1776 1647 1804 8w.

917 1823 1024 1862 paucis
1039 1830 1148 1853 tamen
1163 1834 1201 1853 ex
1217 1834 1251 1853 re
1266 1824 1404 1854 mutatis.

961 1876 1036 1906 Ver.
1068 1879 1138 1907 691.
1176 1887 1252 1916 quo:
1298 1883 1340 1907 Π.
1373 1880 1468 1916 quod;
1507 1882 1543 1907 ut
1573 1877 1649 1907 editi

918 1937 1111 1958 communeS.

961 1978 1035 2008 Ver.
1051 1982 1123 2010 692.
1135 1980 1244 2009 eidem.
1270 1979 1344 2008 Vox
1359 1978 1528 2018 dissyllaba
1541 1985 1596 2015 est,
1614 1985 1650 2010 ut

917 2033 964 2061 rei
990 2030 1218 2070 monosyllaba,
1243 2031 1278 2060 in
1297 2031 1340 2060 iii.
1359 2035 1430 2062 951.
1453 2032 1508 2061 ubi
1534 2042 1590 2061 nos
1606 2033 1650 2061 vi-

916 2081 1011 2112 dendi
1027 2092 1148 2117 sumuS,
1171 2091 1244 2111 cum
1262 2081 1410 2118 Manilio,
1434 2082 1474 2112 ad
1489 2082 1531 2112 iii.
1549 2086 1598 2113 75.
1622 2090 1653 2114 et

917 2139 1028 2163 notum
1041 2139 1087 2163 est
1100 2143 1138 2163 ex
1153 2132 1310 2163 veteribus
1325 2133 1550 2173 grammaticis,
1564 2135 1650 2164 ami-

916 2196 995 2226 quos
1006 2185 1169 2215 Romanos
1178 2185 1311 2225 longum
1322 2188 1334 2214 z'
1346 2185 1440 2215 etiam
1452 2196 1506 2224 per
1516 2188 1546 2215 εί
1555 2186 1650 2224 scrip-

917 2244 987 2268 tum
1002 2236 1156 2266 exhibere.
1181 2236 1264 2265 Vide
1278 2246 1339 2266 ver.
1356 2240 1427 2266 661.
1453 2236 1594 2275 Propert.
1611 2237 1650 2266 iv.

920 2294 948 2322 7.
967 2295 996 2327 7,
1021 2296 1049 2322 8.
1095 2292 1181 2321 Nam
1206 2291 1303 2321 lector
1327 2290 1467 2321 attendat
1489 2291 1584 2320 velim
1611 2291 1652 2320 ad

918 2343 978 2374 loci
994 2354 1132 2383 scopum.
1175 2343 1252 2372 T'ria
1267 2348 1353 2380 sunt,
1369 2342 1408 2372 de
1423 2342 1535 2382 quibus
1550 2342 1651 2383 loqui-

919 2402 970 2425 tur
985 2395 1090 2434 po'eta;
1113 2397 1210 2425 liter-ce
1227 2394 1352 2430 scilicet,
1368 2396 1455 2425 verba
1473 2394 1655 2432 efficientes;

919 2448 1019 2484 verba,
1035 2445 1237 2476 underversus
1252 2451 1395 2476 constant
1401 2457 1410 2483 ;
1426 2452 1457 2475 et
1472 2446 1530 2484 ipsi
1541 2457 1651 2477 versus.

922 2497 1010 2527 Dicit
1025 2497 1134 2538 igitur,
1162 2501 1184 2516 “
1201 2497 1424 2527 Diversitatem
1448 2497 1533 2534 oriri,
1554 2508 1618 2528 non
1633 2509 1653 2528 a

923 2553 945 2567 ‘⁴
962 2550 1118 2588 paucitate
1140 2549 1360 2579 communium
1374 2550 1551 2584 literar-unm
1576 2559 1651 2585 non,

921 2605 944 2619 “
960 2602 1043 2642 quod
1059 2601 1148 2631 nulla
1163 2601 1227 2631 duo
1249 2601 1312 2630 sint
1332 2602 1419 2631 verba
1436 2610 1474 2629 ex
1494 2600 1650 2637 omnibus,

921 2658 944 2673 “
960 2665 1029 2695 quae
1041 2661 1220 2690 occurrunt,
1232 2653 1414 2683 communia
1423 2655 1519 2683 eidem
1532 2657 1632 2685 versui
1637 2668 1647 2684 .-

922 2711 944 2725 “
959 2707 1027 2744 sed,
1050 2707 1124 2747 quia
1140 2716 1205 2736 non
1227 2706 1344 2741 omnia,
1366 2705 1416 2735 vel
1431 2705 1528 2735 lioerae
1544 2707 1650 2737 verbo-

922 2762 944 2776 “
959 2769 1043 2795 rum,
1070 2758 1119 2788 vel
1141 2759 1233 2788 verba
1259 2768 1416 2793 versuum,
1446 2758 1485 2788 ad
1515 2758 1652 2788 eundem

923 2814 945 2828 “
961 2810 1104 2840 ordinem
1127 2810 1213 2849 paria
1239 2820 1312 2839 cum
1334 2809 1472 2849 paribus,
1497 2810 1652 2841 collocen-

924 2865 945 2880 “
961 2863 1042 2893 tur.”
1103 2863 1153 2892 Sic
1182 2862 1279 2901 vides,
1317 2862 1439 2902 opinor,
1465 2863 1651 2892 *orationem

923 2914 1023 2944 menti
1045 2915 1199 2954 scriptoris
1220 2914 1430 2955 undequaque
1455 2913 1650 2953 respondere,

924 2972 955 2995 et
994 2967 1256 2997 constructionem
1294 2966 1441 2996 facillime
1478 2965 1648 3004 procedere.

898 3035 964 3064 X3
