1894 3253
540 252 778 305 LIBER
826 253 1242 305 SECUNDUS.

1552 255 1646 295 ¹293

281 386 405 427 Infidi
428 389 550 429 maris
571 389 752 439 insidias,
776 388 988 442 vireisque,
1011 386 1253 441 dolumque,

286 460 349 502 Ut
369 463 496 504 vitare
516 463 656 514 velint,
679 477 780 504 neve
802 461 882 503 ullo
902 470 1087 515 tempore
1107 459 1296 508 credant,

283 535 465 577 Subdola
485 552 610 593 quom
632 537 737 577 ridet
757 534 905 591 placidi
926 534 1093 588 pellacia
1113 533 1246 587 ponti:

168 613 250 649 :360
283 610 350 651 Sic
372 611 460 660 tibi,
486 613 517 651 si
539 611 656 652 finita
676 610 799 651 semel
818 608 1045 664 primordia
1064 607 1259 664 quaedam

281 683 530 733 constitues,
553 699 686 724 aevom
707 683 916 724 debebunt
937 697 1077 737 sparsa
1095 696 1171 736 per
1193 694 1370 721 omnem

282 757 510 811 Disjectare
531 766 653 798 aestus
673 757 850 798 divorsei
871 756 1078 797 materiai:

280 830 520 886 Numquam
541 833 584 873 in
606 833 825 874 concilium
846 841 892 873 ut
912 832 1069 887 possint
1090 829 1287 885 conpulsa
1306 829 1444 877 coire;

279 904 369 945 Nec
392 907 590 947 remorari
614 907 658 947 in
678 906 868 956 concilio,
891 921 967 946 nec
988 920 1169 946 crescere
1189 904 1388 945 adaucta:

165 983 246 1019 565
280 978 472 1027 Quorum
494 988 715 1036 utrumque
737 980 874 1036 palam
894 979 983 1020 fieri
1004 978 1220 1020 manifesta
1241 978 1363 1019 docet
1389 992 1476 1026 res;

136 1137 294 1174 plaustra:
321 1145 444 1175 nempe,
466 1148 485 1166 a
502 1136 599 1167 semel
614 1137 767 1176 absorpta,
784 1148 874 1168 man-

138 1188 178 1217 sit
191 1197 251 1217 vox
263 1188 354 1217 nihili
366 1190 507 1228 plustra;
528 1199 624 1229 quam
645 1190 750 1219 statim
768 1190 876 1220 scribae

139 1240 310 1271 doctissimi
329 1241 362 1271 in
377 1243 506 1281 probam
521 1242 691 1273 dictionem
704 1248 874 1272 mutavere.

143 1292 194 1322 Ita
210 1302 280 1321 vara
296 1293 410 1323 vibiam
425 1293 513 1334 sequi
530 1293 616 1324 solet.

140 1343 309 1378 Caeterum,
337 1344 410 1373 huic
428 1344 575 1374 Lucretio
596 1344 665 1374 loco
681 1344 766 1375 Flori
791 1355 875 1375 unus

138 1393 299 1432 impendio
331 1394 440 1424 similis
475 1400 530 1431 est,
561 1405 656 1435 quem
687 1397 746 1426 hoc
780 1396 876 1426 modo

140 1444 278 1475 Bentleii
301 1446 452 1486 sagacitas
475 1446 667 1477 admirabilis
682 1447 723 1477 ad
744 1448 876 1488 integri-

139 1501 235 1526 tatem
251 1496 414 1536 pristinam
425 1497 560 1534 reduxit,
576 1498 607 1528 ii.
623 1502 651 1528 2.
662 1502 714 1528 31.
732 1504 753 1516 “
766 1499 876 1534 Quan-

141 1550 164 1565 “
180 1553 231 1577 tus
249 1547 294 1577 O!
320 1553 396 1577 tunc
422 1548 601 1586 triumphus
616 1554 800 1587 tempestate
828 1549 876 1578 in-

142 1602 164 1617 “
181 1599 317 1637 tercidit3
341 1610 452 1640 quum,
480 1601 628 1640 opulenta
654 1601 769 1640 praedzi,
799 1602 876 1632 clas-

142 1652 164 1667 “
179 1650 233 1688 sis,
256 1650 391 1681 adversis
405 1658 474 1682 acta
493 1652 603 1690 ventis,
628 1653 792 1693 naufragio
816 1664 874 1684 suo

143 1704 166 1719 “
184 1701 339 1739 Africam,
355 1708 386 1732 et
405 1702 517 1743 Syrtes,
541 1710 569 1734 et
585 1704 729 1734 omnium
744 1706 872 1745 interja-

142 1757 164 1771 “
179 1756 312 1795 centium
329 1754 506 1784 insularum
522 1755 624 1791 litora,
641 1756 816 1795 implevit.”

186 1804 266 1834 Ibid.
300 1807 472 1846 fluitantia
517 1809 665 1846 aplustra.
710 1807 874 1849 Virgilius,

144 1856 257 1886 AEn.x.
275 1860 349 1887 506.

160 1925 302 1956 Fragmina
313 1932 451 1951 remorum
463 1933 539 1958 qu03,
551 1932 578 1953 et
587 1927 725 1959 fluitantia
735 1932 860 1961 transtra,

165 1965 325 1996 Impediunt:

142 2046 174 2069 et
188 2039 314 2071 Tullius
329 2041 362 2071 in
381 2042 491 2081 Arato,
515 2053 609 2083 quem
624 2044 799 2076 Lambinus
822 2046 877 2077 ad-

143 2092 253 2122 movit:

159 2169 274 2193 Navibus
284 2170 441 2202 absumptis,
448 2170 584 2201 fluitantia
597 2179 721 2203 quaerere
730 2174 857 2206 aplustra.

148 2238 258 2278 Neque
285 2239 353 2270 Silii
378 2251 483 2272 versus
506 2243 636 2283 quidam
662 2244 753 2275 laeves
780 2251 876 2286 atque

148 2291 316 2327 numerosi,
342 2292 527 2323 Lucretium
551 2294 638 2325 haud
660 2295 756 2326 dubie
778 2297 875 2336 respi-

147 2338 265 2375 cientis,
285 2339 499 2379 displicebunt.
543 2344 678 2375 Exstant
694 2347 728 2375 in
745 2347 830 2377 Pun.
847 2358 875 2378 x,

150 2400 221 2421 οὶ...

178 2460 219 2485 Sic
230 2462 318 2492 Lagea
329 2463 401 2492 ratiS,
414 2468 488 2489 vasto
500 2465 574 2490 velut
586 2467 671 2491 insula
683 2471 768 2499 ponto

177 2501 337 2531 Conspecta,
348 2501 418 2526 illisit
429 2504 542 2536 scopulis
553 2506 598 2529 ubi
612 2507 718 2532 nubifer
730 2509 825 2539 Eurus,

176 2540 349 2571 Naufragium
359 2548 493 2573 spargens,
505 2545 591 2575 operit
602 2553 688 2571 mare:
709 2547 820 2579 jamque
832 2555 879 2580 per

341 2580 424 2605 undas

178 2618 210 2641 Et
223 2621 346 2648 transtra,
361 2624 388 2644 et
401 2621 474 2651 mali,
487 2621 628 2654 laceroque
639 2624 764 2656 aplustria
776 2627 847 2656 velo,

177 2660 215 2684 Ac
227 2659 315 2685 miseri
323 2660 442 2691 fluitant,
453 2668 623 2689 revomentes
637 2672 757 2696 aequora,
771 2670 873 2691 nautae.

186 2730 263 2761 Ver.
282 2735 353 2763 556.
377 2736 488 2764 edant:
526 2735 566 2765 V.
599 2736 646 2766 ed.
677 2739 796 2773 cedrum
835 2744 875 2767 Π.

146 2784 231 2818 edat,·
259 2790 303 2814 Ω.
318 2787 416 2816 edam.

190 2833 264 2864 Ver.
290 2838 362 2866 557.
386 2840 481 2868 mar-is
506 2840 614 2869 vireis.-
652 2850 765 2879 nempe
795 2854 877 2880 μεγα

150 2886 237 2918 σι’-ἐνος
262 2900 390 2919 ωιεανοιο
415 2890 576 2927 po'e'tarum
599 2891 760 2930 principis:
788 2899 823 2921 ut
845 2903 876 2922 e-

151 2934 228 2964 tiam
246 2935 447 2976 Prudentius,
465 2941 565 2980 pei-ist.
583 2952 608 2971 x.
625 2946 697 2973 52³5.

983 1135 1104 1164 Coelum,
1114 1133 1266 1164 solumque,
1277 1132 1336 1156 vim
1348 1131 1443 1156 marini
1449 1131 1568 1163 gurgitis.

922 1206 1120 1236 Mantuanus
1133 1205 1229 1234 etiam
1248 1217 1280 1234 em
1297 1205 1397 1242 Irgsz'zlc'
1413 1204 1505 1232 maris
1521 1211 1645 1241 expres·

920 1267 992 1286 sum
1007 1256 1093 1286 dedit
1107 1255 1147 1285 ad
1161 1265 1230 1295 geo.
1246 1254 1266 1284 i..
1282 1256 1354 1284 254.

1113 1325 1221 1357 infidum
1231 1325 1310 1350 remis
1322 1325 1448 1356 inpellere
1462 1332 1583 1350 marmor.

965 1398 1038 1429 Ver.
1068 1401 1140 1429 559.
1171 1399 1251 1428 ridet
1276 1398 1430 1436 pellacia:
1473 1403 1512 1427 11.
1543 1399 1651 1428 rident·

915 1452 1047 1490 palatia.

965 1503 1045 1533 Ibid.
1069 1504 1215 1542 pellacia.
1270 1502 1476 1537 Mantuanus,
1509 1511 1576 1542 geo.
1607 1501 1648 1532 iv,

921 1557 992 1583 445.

1132 1611 1204 1636 nulla
1215 1611 1287 1635 viam
1299 1611 1396 1643 reperit
1403 1610 1552 1643 pellacia—.

918 1683 1002 1714 Vide
1017 1683 1058 1713 sis
1074 1683 1200 1713 Heinsii
1216 1688 1331 1712 notam.
1371 1682 1421 1712 lbi
1437 1688 1543 1712 autem
1555 1682 1649 1712 multi

918 1735 988 1765 libri
1003 1734 1173 1765 dictionem
1187 1744 1244 1773 pro
1259 1733 1350 1764 solito
1365 1733 1574 1773 vulgatiorem
1591 1743 1645 1763 ex-

919 1785 1193 1826 hibent;sallacia
1218 1785 1341 1815 scilicet.
1388 1784 1469 1814 Haec
1491 1794 1587 1822 prava
1608 1784 1646 1814 li-

918 1838 1092 1869 brariorum
1114 1837 1320 1874 consuetudo,
1344 1843 1375 1867 et
1396 1842 1526 1875 receptae
1541 1836 1647 1867 lectio-

920 1891 969 1920 nis
984 1898 1161 1929 κακοφωνια,
1177 1890 1255 1920 mihi
1271 1889 1457 1929 persuadent
1474 1888 1647 1919 Manilium

920 1941 1014 1971 simili
1030 1941 1145 1972 menda⁴
1159 1941 1302 1971 vitiatum
1318 1940 1521 1976 circumferri,
1545 1940 1585 1970 ad
1600 1940 1645 1970 iii.

920 1998 994 2025 558.

1139 2074 1200 2082 -—
1209 2068 1290 2092 aequo
1301 2064 1354 2085 stat
1366 2061 1471 2085 foedere
1483 2064 1601 2092 tempus,

953 2102 1007 2125 Nec
1018 2100 1161 2126 manifesta
1172 2104 1247 2132 patet
1258 2100 1317 2125 falsi
1324 2100 1431 2133 pellacia
1443 2101 1548 2125 mundi.

920 2171 1035 2202 Editur
1049 2178 1156 2202 autem
1167 2172 1315 2212 fallacia.
1360 2171 1414 2201 Ad
1428 2182 1524 2211 quam
1539 2171 1649 2210 depra-

921 2222 1077 2253 vationem
1086 2224 1226 2262 proxime
1236 2222 1354 2253 accedit
1369 2222 1462 2251 etiam
1476 2222 1572 2252 codex
1581 2223 1648 2252 Lu-
1704 2250 1706 2253 .

921 2274 1075 2304 cretianus
1104 2275 1150 2305 M.
1181 2274 1258 2304 dans
1282 2273 1648 2313 pallacz'a.—Caeterum,

921 2325 1012 2364 po'e'ta
1040 2332 1145 2356 noster
1172 2325 1313 2355 fabulam
1345 2325 1537 2363 AEsopicam,
1571 2328 1594 2343 “
1609 2324 1650 2355 de

922 2380 944 2394 “
961 2378 1089 2407 Pastore
1111 2383 1142 2407 et
1163 2376 1282 2414 Mari‚''
1310 2375 1345 2405 ni
1367 2374 1467 2412 fallor,
1494 2376 1526 2405 in
1549 2375 1649 2406 oculis

922 2433 1062 2462 habebat.

965 2484 1040 2513 Ver.
1060 2487 1131 2515 560.
1143 2485 1242 2526 finita
1253 2497 1262 2512 .·
1287 2482 1385 2512 Vind.
1410 2482 1446 2511 L.
1467 2482 1514 2511 M.
1543 2486 1576 2511 Δ.
1605 2488 1647 2512 Π.

925 2539 958 2566 Σ.
977 2541 1020 2565 Ω.
1037 2537 1180 2577 infinita:
1207 2533 1348 2564 similiter
1371 2542 1463 2571 supra
1486 2537 1647 2571 peccatum

923 2591 979 2623 est,
1002 2587 1041 2616 ob
1056 2586 1252 2625 frequentem
1276 2585 1309 2613 in
1325 2583 1453 2623 hujusce
1469 2583 1649 2622 argumenti

923 2636 1054 2666 decursu
1069 2636 1291 2666 vocabulorum
1308 2645 1412 2664 usum:
1440 2640 1470 2663 et
1490 2634 1533 2664 ita
1548 2634 1648 2664 solent

919 2688 1025 2717 scribae
1052 2688 1084 2717 in
1112 2687 1301 2717 dictionibus
1328 2685 1465 2714 maxime
1487 2685 1648 2715 contrariis

919 2740 1078 2779 quondam
1101 2741 1256 2768 aberrare:
1287 2737 1357 2767 vide
1383 2737 1423 2766 ad
1440 2747 1498 2767 ver.
1515 2741 1567 2768 94.
1591 2748 1644 2767 su-

920 2790 1032 2829 perius.

964 2842 1037 2872 Ver.
1053 2844 1127 2872 561.
1149 2852 1282 2871 omnem:
1308 2841 1350 2871 sic
1365 2839 1462 2870 Vind.
1481 2840 1520 2870 V.
1544 2839 1592 2869 ed.
1608 2840 1644 2869 L.

926 2899 966 2922 Π.
987 2898 1019 2924 Σ.
1042 2892 1165 2932 reliqui,
1189 2904 1283 2923 omne.
1329 2892 1389 2922 Sed
1403 2898 1468 2921 erat
1485 2891 1647 2931 aliquoties

923 2945 981 2974 boc
1004 2945 1132 2974 verbum
1160 2943 1321 2974 masculini
1345 2943 1468 2984 generis
1491 2941 1573 2980 apud
1596 2951 1646 2969 vc-
