1894 3253
616 261 848 310 LIBER
908 259 1217 310 PRIMUS.

1608 271 1659 308 11

309 397 398 438 Nec
429 396 515 436 sine
546 403 586 436 te
617 395 845 450 quidquam
875 393 962 435 dias
982 393 1026 434 in
1055 394 1220 435 luminis
1249 394 1341 436 oras

310 470 527 520 Exoritur,
560 485 692 526 neque
723 469 770 510 fit
799 470 940 509 laetum
960 483 1098 524 neque
1128 469 1302 510 amabile
1330 468 1574 526 quidquam3

223 550 277 587 25
311 545 375 586 Te
406 546 559 586 sociam
590 545 733 586 studeo
765 543 992 585 scribundis
1022 544 1202 585 versibus
1231 560 1332 595 esse,

307 620 425 668 Quos
455 634 532 675 ego
562 618 614 659 de
645 630 804 658 RERUM
826 630 1005 657 NATURA
1035 632 1217 674 pangere
1247 633 1376 660 conor

166 761 297 802 ινρρειτης
335 769 460 799 nempe,
493 760 895 799 plenus—violens—-altus‚

160 812 285 842 fluvius:
316 811 385 842 vide
407 822 458 841 me
480 811 521 841 ad
539 812 632 852 Soph.
662 812 797 842 Philoct.
821 815 892 842 491.

161 863 275 894 fluvius
301 870 408 894 autem
433 866 504 895 altis
528 866 607 904 ripis
629 870 675 895 est
700 864 781 906 aqua
803 863 892 895 tenui

159 914 284 954 fluvius,
301 921 333 946 et
347 916 429 946 infra
451 916 543 951 situS;
559 916 611 947 adi
628 916 717 957 Virg.
741 917 815 947 AEn.
838 916 891 947 xii.

165 968 239 998 752.

162 1019 207 1050 Et
222 1021 362 1050 observet
376 1020 483 1058 lector,
500 1020 540 1051 ad
556 1020 675 1051 Carum
698 1020 833 1059 rediens,
858 1034 891 1051 το

160 1073 287 1102 ”conteis
303 1071 454 1110 respicere
477 1071 641 1102 saeviorum
655 1072 814 1112 pecudum
836 1082 889 1113 ge-

160 1132 231 1159 nus,
255 1127 286 1152 et
311 1136 344 1154 ero
366 1134 486 1163 campos
509 1125 651 1155 virenteis
673 1123 810 1154 vicissim
832 1124 892 1153 mi-

161 1175 290 1211 tiorum,
306 1175 340 1205 in
356 1185 418 1205 ver.
440 1178 486 1205 14.

209 1226 284 1257 Ver.
304 1230 351 1258 19,
368 1229 468 1257 domos
482 1229 597 1257 avium.

160 1278 192 1308 ii.
210 1282 283 1310 209.

222 1337 405 1368 Antiquasque
415 1336 498 1362 domos
510 1336 624 1362 avium:

163 1384 256 1419 atque
272 1378 351 1409 adeo
373 1379 412 1409 de
426 1379 583 1419 quietibus
605 1379 750 1409 omnium
773 1379 894 1410 anima-

160 1430 249 1461 lium.
295 1431 450 1470 Exemplo
470 1431 509 1461 sit
531 1431 678 1463 Valerius
701 1432 844 1469 Flaccus,
860 1439 896 1463 ut

157 1482 316 1513 vindicem
327 1489 358 1513 et
372 1483 538 1521 illustrem,
558 1483 679 1524 Argon.
699 1483 731 1513 ii.
749 1486 800 1515 75.

188 1543 302 1573 Jamque
311 1543 361 1566 sub
374 1543 438 1566 Eoae
449 1542 544 1567 dubios
554 1542 698 1568 Atlantidis
708 1543 782 1574 ignes

190 1582 269 1607 Albet
281 1589 361 1614 agen
379 1583 514 1614 motisque
525 1587 613 1609 truces
625 1584 658 1608 ab
670 1584 782 1608 ovilibus
794 1584 848 1609 ursi

189 1623 274 1652 Tuta,
289 1622 436 1654 domosque,
449 1627 558 1654 petunt.

643 1225 810 1266 Virgilius,
825 1236 894 1267 geo.

163 1671 266 1702 BIiror
293 1672 496 1703 subdubitare
520 1673 743 1704 Burmannum
766 1675 805 1705 de
820 1684 895 1705 voce

158 1725 258 1754 albet:
277 1723 347 1754 vide
362 1735 420 1754 nos
435 1724 476 1755 de
494 1725 569 1755 Stat.
586 1725 684 1756 Theb.
707 1736 737 1756 x.
751 1729 823 1756 570.
847 1726 896 1755 in-

158 1775 218 1812 fra,
242 1775 282 1805 ad
297 1776 336 1806 vi.
356 1780 446 1806 1254.
471 1777 525 1806 sed
550 1777 707 1806 maximos
722 1783 815 1807 aestus
837 1777 898 1807 ciet

161 1826 258 1856 dictio
273 1830 373 1864 motis,
390 1827 423 1856 in
440 1826 503 1867 qua
518 1827 712 1866 expedienda
728 1828 809 1857 nihil
825 1837 896 1867 pro-

161 1883 289 1906 movent
306 1877 462 1906 Heinsius
477 1883 509 1906 et
524 1878 738 1907 Burmannus.
783 1878 836 1907 Tu
849 1878 896 1908 in-

160 1928 337 1967 terpreteris
362 1927 456 1958 velim
472 1930 570 1964 motis,
595 1940 625 1959 se
648 1931 849 1963 moventibus;
879 1940 897 1959 e

160 1989 272 2010 somno
305 1979 421 2010 scilicet
447 1991 479 2010 se
502 1980 730 2010 excutientibus
765 1980 805 2010 ad
831 1981 911 2019 pria

159 2041 246 2061 mam
260 2030 374 2066 lucem,
391 2041 461 2071 quae
494 2037 627 2061 exterret
649 2038 821 2063 nocturnas
843 2033 890 2063 se-

159 2092 221 2112 ras:
263 2081 375 2112 mediae
404 2081 488 2112 vocis
523 2082 638 2112 reflexo
668 2094 774 2122 sensu,
797 2094 895 2124 quam

160 2134 384 2174 proprietatem
408 2134 498 2164 nobis
523 2135 658 2175 contigit
672 2135 783 2175 primis
797 2139 892 2176 probe

164 2186 346 2226 percepisse,
371 2192 401 2216 et
431 2187 591 2217 multoties
612 2188 779 2219 asseruisse
801 2195 894 2230 atque

164 2237 444 2268 vindicasse—De
459 2238 611 2278 scriptura
632 2250 704 2269 vero
719 2241 892 2282 Frundg'fe-

158 2300 222 2325 ras,
239 2288 309 2319 vide
324 2288 365 2319 ad
375 2299 438 2319 ver.
464 2293 534 2322 119.
854 2324 855 2327 ¹

204 2339 279 2369 Ver.
298 2344 347 2370 20.
364 2342 518 2372 incutiens
528 2352 587 2381 per
597 2349 722 2382 pectora
739 2356 890 2376 amorem:

169 2390 260 2421 solita
275 2393 516 2423 constructionis
531 2393 706 2425 inversione
721 2407 789 2435 pro,
805 2399 895 2428 incu-

166 2445 247 2474 tiens
262 2454 364 2474 amore
373 2451 498 2483 pectora
507 2460 517 2480 ;
537 2446 556 2476 i.
572 2457 598 2476 e.
613 2448 798 2485 percellens:
826 2450 897 2480 vide

168 2505 227 2525 nos
248 2494 290 2525 ad
311 2504 372 2524 ver.
392 2499 440 2526 15.
464 2502 496 2526 et
517 2497 556 2527 ad
578 2498 689 2538 Eurip.
714 2500 812 2531 Herc.
837 2502 896 2532 fur.

168 2549 219 2577 67.

207 2596 283 2627 Ver.
312 2600 362 2627 25.
393 2598 478 2629 N'ec:
508 2605 549 2629 11.
575 2611 646 2631 ηοη.
701 2602 794 2633 Idem
819 2606 894 2644 diei,

161 2658 218 2688 pro
233 2650 320 2679 dias:
339 2654 381 2686 et,
397 2649 463 2679 vice
478 2661 559 2688 oras,
578 2657 618 2682 Π.
632 2658 662 2682 et
679 2657 714 2683 Σ.
731 2656 830 2687 horas.

207 2699 292 2730 Ibid.
306 2702 339 2730 in
355 2702 482 2731 luminis
505 2713 582 2732 oras.
627 2703 762 2742 Ennius,
786 2717 857 2739 aun.
874 2710 894 2739 i.

226 2761 273 2784 Tu
283 2760 437 2792 produxisti
447 2768 494 2786 nos
507 2763 576 2787 intra
587 2762 691 2788 luminis
701 2772 768 2790 oras.

165 2810 210 2840 Et
230 2810 375 2841 similiter
399 2813 493 2842 Maro
507 2814 630 2853 saepius,
654 2820 686 2845 et
700 2826 809 2848 omnes
827 2819 894 2858 alii,

165 2866 233 2891 tam
247 2862 414 2902 pedestres,
433 2875 529 2905 quam
545 2867 686 2897 numeris
708 2867 836 2907 inclusi;
860 2878 896 2901 ut

167 2912 336 2944 molestum
361 2914 457 2946 fuerit
482 2923 576 2957 atque
600 2918 754 2950 insulsum
780 2931 895 2964 conge-

170 2963 276 2994 rendis
292 2967 441 3007 exemplis
455 2967 625 3002 immorari.

982 757 1057 788 Ver.
1071 762 1120 789 24.
1144 759 1226 789 Haec
1235 758 1372 800 quodam
1387 759 1482 791 modo
1500 759 1666 792 Comieum

939 810 1090 849 referunt,
1107 811 1147 841 ad
1163 811 1305 848 Plutum,
1322 823 1381 842 ver.
1404 816 1473 843 144.

975 872 1034 899 Koa,
1047 880 1073 898 νη
1086 868 1136 900 Δι’,
1148 879 1165 895 ει
1176 881 1199 896 τι
1212 869 1236 901 γ’
1246 880 1297 896 εστι
1312 874 1438 906 λοιμπςον,
1449 881 1496 896 και
1508 875 1599 902 zazou,

975 918 998 941 H
1010 926 1096 953 χαςιεν
1108 917 1260 954 ανθςωποισι,
1273 918 1316 944 δια.
1327 927 1354 944 σε
1365 927 1486 950 γιγνεταιι.

938 961 1107 1000 Caeterum,
1138 972 1177 992 ex
1203 962 1328 992 infinito
1357 962 1499 993 locorum
1530 971 1665 993 numero

937 1012 1072 1043 Veneris
1086 1013 1213 1044 delicias
1235 1013 1269 1043 in
1284 1013 1371 1044 libris
1385 1020 1526 1045 veterum
1549 1014 1667 1044 collau-

935 1063 1040 1103 dante,
1073 1065 1171 1096 instar
1200 1065 1346 1096 omnium
1376 1066 1416 1096 sit
1445 1066 1666 1097 suavissimum

937 1115 969 1145 N
971 1116 1089 1146 ossidos
1119 1117 1312 1158 epigramma
1319 1130 1329 1155 ;
1360 1118 1451 1158 cujus
1476 1118 1667 1148 dulcissimae

938 1167 1084 1206 puellulae
1100 1169 1200 1199 effatis
1215 1169 1431 1200 lubentissime
1442 1170 1618 1209 subscribo,
1635 1175 1668 1201 et

941 1219 1104 1250 deosculor
1119 1220 1255 1260 lepores:

933 1275 1019 1310 Ἀδιον
1032 1285 1084 1311 κδεν
1097 1292 1187 1321 egem-05·
1198 1295 1280 1322 ega-cog
1292 1285 1392 1321 δευτεςω
1401 1295 1491 1312 σαντα

976 1334 1061 1358 an-nr*
1072 1343 1122 1358 ατο
1133 1343 1263 1367 evol-own
1276 1332 1298 1359 δ’
1309 1343 1405 1360 εεττυσσι
1416 1344 1463 1360 και
1474 1344 1503 1360 το
1511 1339 1580 1368 pom.

938 1382 1039 1406 Τοιυτοι
1048 1385 1113 1412 λε’-[ει
1125 1384 1224 1411 Non-15*
1235 1393 1293 1408 τινα
1304 1382 1326 1408 δ’
1338 1383 1357 1408 οἱ
1371 1385 1459 1418 Koa-313
1472 1393 1506 1409 εκ
1518 1387 1639 1416 efflant,

979 1430 1033 1454 Ovz
1046 1428 1092 1455 ωδε
1103 1440 1179 1458 ‘rma
1191 1429 1266 1456 ανθεω
1277 1441 1337 1456 from
1347 1430 1415 1465 4³⁰3oe-

982 1472 1060 1503 Ver.
1086 1477 1138 1504 25.
1155 1476 1344 1506 scribundis:
1374 1481 1414 1505 Π.
1431 1480 1462 1505 et
1480 1479 1515 1506 Σ.
1537 1476 1670 1506 scriben-

940 1526 988 1556 dis
994 1539 1004 1560 ;
1032 1525 1085 1555 sed
1100 1525 1278 1555 audiendus
1297 1532 1346 1555 est
1368 1526 1559 1564 Ptiscianus,
1583 1526 1635 1557 lib.
1652 1527 1672 1558 i.

940 1587 969 1616 p.
993 1579 1065 1608 552.
1096 1580 1118 1595 “
1135 1577 1234 1616 Apud
1255 1577 1502 1618 antiquissimos,
1534 1578 1670 1618 quoties-

941 1632 963 1646 “
975 1638 1098 1669 cunque
1113 1631 1156 1659 nd
1172 1635 1347 1669 sequuntur
1362 1629 1397 1659 in
1411 1628 1460 1658 his
1475 1629 1586 1667 verbis,
1600 1640 1671 1670 quae

941 1683 963 1698 “
979 1690 997 1710 a
1012 1679 1103 1710 tertia
1118 1680 1341 1721 conjugatione
1356 1687 1541 1718 nascuntur,
1557 1681 1626 1712 loco
1640 1692 1669 1720 e,

940 1735 963 1751 ‘⁶
986 1744 1007 1762 u
1023 1732 1175 1770 scriptum
1195 1733 1394 1770 invenimus3
1414 1738 1451 1762 ut
1462 1732 1670 1772 faciundum,

942 1786 964 1802 “
987 1785 1164 1822 legundum,
1186 1785 1370 1822 dicundum,
1385 1785 1587 1818 verlandum;
1613 1794 1672 1823 pro

943 1838 964 1853 ‘⁶
981 1834 1179 1875 faciendum,
1205 1836 1378 1875 legendam,
1405 1837 1581 1873 dicendum,
1605 1847 1671 1867 ver-

943 1889 965 1903 “
981 1885 1140 1916 tendum.''

942 1937 1042 1967 Hunc
1065 1946 1137 1966 vero
1164 1937 1435 1968 Lucretiilocum
1457 1938 1599 1969 imitatus
1624 1945 1671 1971 est

944 1988 1085 2024 Gratius,
1108 1988 1141 2018 in
1164 1988 1232 2028 ipso
1254 1989 1364 2019 limine
1387 1991 1602 2032 cynegeticon,
1625 1991 1670 2022 ita

941 2041 1111 2071 certissime
1139 2041 1373 2080 rescribendus3
1400 2048 1437 2073 ut
1462 2043 1529 2083 ipse
1554 2045 1670 2083 partim

938 2102 1024 2124 eram
1039 2092 1243 2133 conjectando
1258 2099 1434 2124 assecutus:

968 2154 1029 2176 Post
1039 2152 1094 2182 alii,
1106 2153 1229 2184 propiore
1241 2153 1294 2184 via,
1306 2154 1406 2179 meliore
1414 2155 1538 2187 prqfectu‚
1571 2143 1574 2146 .

968 2192 1012 2216 Te
1021 2191 1133 2222 sociam,
1145 2192 1237 2217 Ratio!
1257 2194 1335 2218 rebus
1346 2201 1482 2226 sumpsere
1494 2195 1625 2226 gerendis.

940 2239 1021 2275 Quae
1047 2247 1121 2270 sunt
1146 2241 1373 2273 venustissima.
1421 2243 1529 2282 Vulgo
1553 2243 1670 2283 legitur

938 2291 971 2321 in
988 2292 1088 2329 editis,
1107 2291 1383 2335 alisi—meliusque
1394 2295 1544 2336 prqfecci;
1563 2295 1671 2328 odiosa

938 2354 1013 2373 cum
1049 2345 1190 2375 scabritie
1227 2346 1390 2385 orationis,
1428 2354 1459 2377 et
1495 2352 1668 2379 structurae.

940 2396 1053 2434 Porro,
1069 2396 1110 2426 V.
1124 2396 1170 2427 ed.
1183 2399 1294 2428 studio.

984 2447 1059 2477 Ver.
1076 2450 1125 2478 26.
1144 2450 1260 2479 Rerum
1285 2449 1423 2481 Natura.
1469 2451 1594 2481 Auctor
1612 2451 1666 2482 Ci-

942 2499 993 2534 ris,
1016 2499 1050 2528 in
1073 2500 1211 2530 versibus
1234 2501 1391 2541 quantivis
1413 2502 1513 2540 pretii,
1536 2508 1567 2532 et
1590 2514 1669 2544 quos

940 2550 1137 2591 magniloqui
1154 2552 1297 2582 Maronis
1313 2552 1570 2591 superbissimum
1580 2554 1669 2595 judi-

940 2602 1027 2632 cium
1041 2601 1130 2632 nullo
1153 2602 1248 2633 modo
1264 2603 1472 2643 dedignatum
1494 2612 1583 2643 esset,
1606 2617 1666 2639 ver.

938 2658 989 2686 56.

1000 2704 1063 2729 Tali
1074 2708 1101 2730 te
1112 2705 1221 2735 vellem,
1229 2705 1362 2736 juvenum
1373 2707 1541 2733 doctissime!
1561 2709 1615 2733 ritu

1000 2748 1146 2778 Purpureos
1156 2746 1227 2771 inter
1236 2746 1314 2777 soles,
1323 2751 1350 2772 et
1360 2748 1473 2779 candida
1483 2749 1559 2774 lunae

1001 2786 1100 2816 Sidera,
1111 2787 1232 2812 caeruleis
1242 2788 1335 2812 orbem
1347 2788 1478 2821 pulsantia
1488 2790 1565 2822 bigis,

1001 2831 1108 2853 Naturae
1119 2835 1204 2853 rerum
1216 2830 1319 2861 magnis
1329 2831 1454 2857 intexere
1465 2832 1572 2857 chartis.

941 2871 1052 2902 Cicero
1068 2871 1107 2901 de
1122 2871 1196 2902 finn.
1212 2872 1234 2903 i.
1256 2877 1304 2905 19.
1323 2877 1345 2893 “
1363 2875 1432 2905 Nisi
1444 2881 1550 2906 autem
1564 2887 1668 2908 rerum

940 2926 965 2942 “
980 2929 1094 2954 natura
1110 2931 1268 2964 perspecta
1282 2926 1352 2965 erit,
1369 2926 1458 2957 nullo
1472 2927 1568 2957 modo
1581 2933 1668 2967 pote-

943 2979 965 2993 “
982 2975 1081 3006 rimus
1095 2986 1245 3009 sensuum
1255 2977 1378 3019 judicia
1392 2978 1588 3010 defendere.'·

895 3021 967 3053 B5
