1894 3253
235 271 328 311 346

742 263 801 309 T.
845 261 1224 310 LUCRETII

380 396 447 437 Sic
468 394 625 443 itidem,
648 392 728 449 qua
751 394 962 444 sentimus,
986 394 1134 434 sentire
1154 407 1317 433 necesse
1337 402 1407 433 est.

438 468 581 518 Quod,
605 468 636 508 si
658 467 763 509 forte
783 484 901 509 suum
923 469 1138 509 dimittunt
1157 482 1330 522 corpore
1350 481 1527 517 sensum,

378 543 518 599 Atque
539 543 662 584 alium
686 544 873 599 capiunt3
907 544 1006 600 quid
1027 559 1130 599 opus
1149 543 1226 583 fuit
1246 542 1423 583 adtribui
1445 542 1502 593 id,
1525 543 1636 598 quod

264 623 345 660 925
377 618 648 660 Detrahitur?
681 619 795 661 Tum
814 628 1030 675 praeterea,
1053 634 1136 675 quo
1155 619 1333 676 fugimus
1354 625 1463 668 ante,

377 692 472 742 Qua
493 702 611 734 tenus
631 693 675 734 in
695 694 827 749 pullos
847 695 1057 736 animaleis
1077 694 1230 735 vortier
1251 709 1330 734 ova

231 869 254 884 “
271 875 327 905 gra
341 865 499 902 animalia,
516 876 639 897 necesse
655 871 700 897 est
716 878 753 898 ea
767 867 880 907 pariter
892 878 959 898 eos-

231 919 254 934 “
270 916 343 946 dem
359 928 466 947 sensus
491 918 615 956 habere,
644 918 697 958 qui
717 919 806 948 nobis
821 918 959 959 contige-

231 971 253 986 “
269 975 359 998 runt:
385 969 449 1006 sed,
477 969 501 999 si
529 980 658 1000 sensum
680 971 824 1007 habeant,
851 971 961 1001 eadem

230 1023 253 1038 ‘⁴
269 1020 453 1051 mortalibus
467 1021 636 1060 patientur,
658 1029 689 1052 et
711 1022 886 1053 afficientur
908 1033 960 1053 eo-

230 1075 253 1090 “
267 1072 341 1102 dem
363 1073 480 1110 modo;
502 1084 559 1104 nec
581 1080 699 1105 aeterna
725 1085 852 1105 manere
874 1081 961 1114 pote-

229 1127 252 1142 “
268 1131 352 1160 runt,
370 1135 427 1155 nec
444 1135 492 1155 res
507 1125 695 1156 inanimatas
710 1126 849 1167 gignere.
875 1127 963 1167 Ergo

228 1178 252 1193 “
268 1175 346 1205 falsa
362 1183 408 1206 est
423 1177 488 1206 haec
500 1177 579 1207 ratio
593 1177 632 1207 de
644 1178 764 1208 naturis
774 1178 960 1217 primordio-

229 1229 251 1244 “
267 1227 369 1257 rum.’⁷
403 1229 446 1258 Et
458 1239 564 1258 versus
575 1229 697 1269 integer
707 1229 787 1258 nihil
802 1236 849 1259 est
863 1229 961 1266 aliud,

228 1287 324 1317 quam
347 1279 502 1317 generalis
527 1279 698 1316 conclusio,
724 1290 816 1317 super
841 1280 962 1310 duabus

230 1329 456 1369 objectionibus
470 1329 562 1365 facta,
578 1340 649 1370 quae
663 1330 849 1369 praeiverint.

272 1388 346 1419 Ver.
362 1393 435 1420 925.
457 1391 636 1420 dimittunt.-
663 1390 701 1419 P.
724 1390 765 1420 V.
795 1390 842 1420 ed.
868 1397 908 1420 Π.
926 1395 960 1422 Σ.

229 1442 410 1475 deminuam
436 1440 683 1476 mendosissime,
711 1441 764 1470 sed
787 1451 842 1480 per
864 1442 963 1472 usita-

228 1497 293 1521 tam
331 1491 504 1520 admodum
542 1492 838 1522 commutationem:
891 1493 961 1523 vide

229 1543 537 1582 Drakenborchium,
567 1543 608 1574 ad
630 1544 698 1574 Liv.
723 1544 775 1575 vii.
801 1548 850 1574 25.
865 1549 898 1575 6.
922 1545 961 1575 de

228 1595 288 1624 hac
302 1605 343 1624 re.

271 1656 346 1686 Ver.
373 1659 444 1687 924.
474 1658 620 1696 capiunt:
657 1662 699 1687 Π.
737 1658 876 1695 rapiant,
914 1656 961 1686 uti

229 1706 343 1745 passim
360 1706 475 1736 librarii
490 1709 720 1737 aberrant.—z‘d
733 1707 767 1737 in
777 1708 850 1738 solis
861 1708 899 1738 L.
912 1709 959 1739 M.

228 1764 402 1796 comparet3
426 1758 492 1796 sed,
519 1769 619 1798 quum
642 1759 732 1789 facile
757 1759 836 1790 elabi
858 1766 961 1799 posset

228 1811 269 1839 ob
284 1810 514 1848 praecedentem
528 1813 540 1840 z·
557 1810 696 1847 finalem,
714 1821 753 1840 ex
768 1812 960 1850 optimorum

228 1862 457 1900 exemplarium
480 1861 542 1892 fide
569 1862 736 1903 fugitivam
761 1863 906 1894 voculam
927 1864 961 1894 in

227 1913 361 1943 statione
387 1913 444 1943 sna
468 1914 682 1952 reponendam
706 1925 771 1945 esse
794 1914 956 1946 duximus:

229 1974 304 1994 nam
321 1965 507 1995 Lucretium
523 1966 602 1996 nihil
625 1966 726 2007 magis
749 1967 959 2006 commendat,

228 2022 285 2045 aut
299 2017 463 2054 specialius
474 2020 691 2059 χαρακτηριζει,
705 2029 798 2059 quam
809 2020 961 2050 sermonis

229 2067 478 2098 luculentissima
492 2069 682 2107 simplicitas.

272 2127 349 2158 Ver.
366 2131 436 2159 925.
458 2134 540 2159 tum.-
567 2129 602 2159 P.
619 2129 661 2159 V.
685 2130 733 2159 ed.
757 2133 962 2171 dume-prce-

229 2187 329 2212 terea:
357 2182 393 2211 P.
406 2189 557 2221 praeterea
572 2189 624 2213 est.
668 2183 722 2219 Et,
748 2194 847 2223 quum
862 2186 963 2225 magis

230 2233 265 2263 in
292 2233 388 2263 nullis
411 2234 579 2270 vocabulis,
609 2245 704 2275 quam
727 2235 760 2265 in
790 2235 862 2273 illis,
893 2247 963 2277 quae

229 2283 331 2314 solent
361 2286 479 2315 exarari
519 2286 762 2326 compendiario,
801 2289 960 2327 scripturae

229 2337 347 2367 vitiosae
382 2338 592 2374 inveniantur,
631 2332 716 2369 liaud
753 2339 960 2379 expalluimus

230 2389 264 2419 in
280 2389 439 2428 desperata
454 2400 487 2420 re
496 2396 679 2429 potestatem
689 2391 829 2422 criticam
842 2392 961 2432 puden-

229 2445 278 2471 ter
292 2451 444 2478 exercere,
470 2442 670 2473 rescribendo
683 2455 751 2483 quo,
779 2445 846 2474 vice
868 2447 959 2485 quod,

231 2493 377 2522 omnium
388 2493 541 2523 librorum
556 2493 705 2524 lectionis.
749 2497 813 2529 Quo
814 2496 960 2536 fugimus

230 2545 354 2585 utique3
379 2551 398 2564 “
414 2545 454 2576 ad
472 2546 649 2586 cujusmodi
662 2554 899 2587 argumentum,
922 2550 961 2579 ab

232 2599 255 2614 “
272 2596 461 2639 experientia
478 2598 611 2637 petitum
626 2599 718 2637 illud,
737 2610 829 2638 supra
844 2599 883 2630 ad
898 2611 958 2631 ver.

232 2651 256 2666 “
273 2651 346 2679 870.
370 2655 406 2679 ut
431 2651 634 2681 certissimam
657 2651 817 2682 rationum
839 2659 958 2683 nostra-

233 2701 255 2716 “
271 2709 343 2729 rum
358 2703 651 2742 propugnationem,
676 2713 732 2733 nos
755 2703 788 2733 in
804 2703 958 2745 effugium

231 2752 254 2768 “
270 2753 473 2791 recepimus.”
518 2754 662 2785 Editores
690 2766 728 2785 ex
750 2756 853 2795 phrasi
879 2759 958 2797 quod

219 2800 366 2842 fugimus
381 2805 459 2836 nihil
475 2807 586 2838 elicere
601 2808 734 2848 quivere.
781 2809 958 2846 Creechius,

231 2862 297 2882 non
307 2855 523 2894 sagacissimus
532 2859 675 2889 vivorum
687 2859 831 2890 omnium
840 2861 874 2891 in
886 2871 959 2891 con-

229 2903 371 2946 jecturis,
394 2909 554 2948 proposuit
570 2912 721 2952 figinzus;
755 2922 826 2954 quae
855 2911 960 2949 dictio,

1004 867 1084 897 sicut
1098 873 1180 897 recte
1197 866 1435 905 Havercampus
1454 865 1590 904 monuit,
1615 866 1730 897 Lucre-

1004 919 1085 949 tium
1098 929 1209 958 parum
1225 918 1315 957 sapit.

1047 971 1122 1000 Ver.
1139 973 1210 1001 927.
1226 969 1390 1009 effervere:
1409 968 1445 998 L.
1463 969 1510 998 M.
1527 972 1561 1000 Σ.
1577 969 1730 1010 qffervere:

1005 1022 1070 1060 sed,
1087 1031 1150 1062 quo
1164 1021 1270 1051 minus
1285 1020 1410 1060 optimis
1425 1020 1652 1059 exemplaribus
1678 1022 1732 1051 ob-

1006 1079 1189 1112 temperem,
1206 1073 1332 1114 reliquis
1347 1083 1410 1102 non
1422 1073 1648 1111 addicentibus,
1658 1074 1733 1104 Vir-

1006 1125 1073 1166 gilii
1088 1126 1186 1163 locus,
1202 1126 1306 1156 statim
1322 1125 1537 1165 proferendus,
1550 1126 1631 1156 facit.

1049 1177 1130 1207 Ibid.
1152 1178 1316 1218 ecfervere:
1344 1178 1421 1216 ζεειν·
1446 1177 1562 1207 Graeci:
1591 1177 1734 1208 conferas

1005 1240 1098 1268 supra
1112 1229 1205 1268 dicta,
1222 1230 1261 1260 ad
1278 1240 1339 1260 ver.
1356 1232 1428 1260 415.
1443 1235 1475 1259 et
1491 1229 1534 1260 iii.
1551 1232 1622 1261 719.
1646 1229 1735 1260 Hinc

1006 1281 1169 1320 Virgilius,
1182 1292 1250 1321 geo.
1266 1282 1304 1312 iv.
1320 1284 1391 1312 556.
1414 1280 1484 1311 loco
1498 1281 1541 1311 sic
1560 1280 1735 1311 accuratius

1004 1330 1239 1371 distinguendo;
1263 1332 1303 1362 ad
1326 1342 1471 1362 normam
1490 1332 1632 1362 locorum
1654 1342 1732 1372 quo-

1004 1383 1138 1413 rundam
1154 1384 1212 1413 sub
1226 1393 1286 1413 ver.
1305 1386 1376 1414 799.
1399 1383 1600 1414 collatorum:

1005 1464 1070 1488 Heic
1085 1471 1160 1493 vero,
1171 1464 1291 1488 subitum
1302 1471 1333 1488 ac
1345 1464 1419 1488 dictu
1430 1465 1551 1490 mirabile
1560 1466 1730 1491 monstrum!

1005 1503 1163 1534 Adspiciunt
1174 1503 1319 1534 liquefacta
1330 1504 1414 1527 boum
1425 1511 1474 1533 per
1484 1504 1585 1528 viscera
1594 1508 1655 1529 toto

1005 1542 1120 1567 Stridere
1130 1549 1191 1573 apes
1202 1545 1292 1571 utero,
1305 1545 1332 1566 et
1344 1542 1428 1573 ruptis
1438 1541 1564 1573 effervere
1573 1543 1664 1568 costis.

1008 1605 1140 1636 Ovidius
1156 1605 1262 1643 etiam,
1279 1605 1347 1635 fast.
1363 1605 1383 1635 i.
1393 1608 1467 1637 579.

1255 1673 1370 1704 servent
1383 1673 1511 1698 examina
1520 1674 1592 1707 putri

1097 1715 1136 1738 De
1146 1714 1225 1738 bove.

1004 1771 1208 1808 Pausaniam,
1223 1770 1295 1801 fede
1310 1770 1523 1810 depravatum,
1542 1771 1732 1804 emaculabi-

1003 1833 1087 1852 mus:
1115 1822 1155 1853 ix.
1181 1826 1273 1854 7.--8
1297 1837 1354 1863 μην
1379 1822 1422 1854 εἳε
1445 1837 1530 1859 auras
1553 1838 1661 1867 χαιρων
1687 1839 1735 1857 τον

1003 1879 1062 1911 βων
1073 1876 1283 1917 narsen-pedm·
1298 1880 1497 1906 ΕΠΛΗΘΤΕ
1512 1875 1574 1917 (vel
1587 1877 1733 1918 επλησθη)

1006 1940 1064 1969 γαρ
1081 1925 1169 1969 ὗδερῳ,
1187 1940 1238 1957 xm
1254 1928 1307 1957 απ)
1324 1939 1400 1957 αντε
1417 1932 1590 1959 ΖΕΟΝΤΟΣ
1608 1941 1734 1969 εγενοντο

1005 1985 1102 2008 evam:
1128 1983 1164 2007 ut
1178 1977 1351 2016 Lucianus,
1370 1978 1460 2008 Alex.
1477 1982 1527 2010 59.
1553 1982 1733 2011 amemur-

1004 2037 1164 2062 σκωληκων
1181 2034 1328 2060 ΖΕΣΑΣ;
1355 2035 1386 2059 et
1400 2033 1419 2059 2
1437 2029 1537 2061 Mace.
1553 2030 1594 2060 ix.
1611 2035 1638 2062 9.
1662 2031 1732 2065 ὦςτε

1007 2095 1057 2111 και
1085 2094 1116 2111 ἑκ
1144 2094 1181 2112 ’78
1206 2094 1341 2120 σωμαγθς
1369 2094 1406 2112 ’ΤΒ
1429 2081 1558 2116 δῧςσξζες
1573 2089 1733 2117 θ’κωλῆκας

1006 2133 1134 2170 magam.-
1159 2142 1229 2171 quae
1244 2132 1312 2162 loca
1327 2131 1431 2161 lucem
1445 2131 1616 2162 offundunt
1623 2133 1733 2172 Lucae,

1006 2182 1045 2212 ad
1061 2189 1132 2212 actt.
1150 2189 1246 2221 apost.
1263 2182 1314 2212 xii.
1328 2186 1376 2213 25.
1393 2182 1541 2221 Pulchre,
1555 2189 1591 2214 ut
1601 2195 1734 2225 semper,

1008 2233 1162 2272 Apuleius
1176 2234 1256 2263 hanc
1271 2243 1394 2273 quoque
1416 2234 1578 2264 notionem
1601 2235 1734 2276 signatis

1002 2285 1101 2314 verbis
1116 2284 1288 2322 exornavit,
1305 2290 1377 2315 met.
1393 2285 1453 2315 viii.
1466 2296 1494 2324 p.
1509 2289 1582 2317 566.
1599 2291 1621 2305 ‘⁶
1634 2287 1735 2329 Cujus

1004 2340 1026 2355 “
1042 2336 1076 2366 in
1091 2336 1158 2375 ipso
1169 2337 1286 2366 carioso
1297 2337 1401 2376 stipite
1412 2337 1656 2369 inhabitantium
1669 2340 1734 2370 for-

1005 2392 1028 2407 “
1046 2388 1202 2418 micarum
1231 2389 1370 2419 nidificia
1399 2391 1575 2429 bulliebant,
1599 2397 1630 2422 et
1651 2392 1735 2423 ultro

1005 2443 1027 2458 ‘⁶
1044 2440 1183 2481 citroque
1206 2443 1425 2472 commeabant
1446 2442 1615 2484 multijuga
1631 2449 1733 2474 scatu-

1005 2495 1027 2510 “
1043 2492 1296 2533 rigine:''—haec
1322 2494 1407 2524 enim
1437 2491 1482 2524 est
1510 2495 1651 2536 genuina
1673 2495 1734 2527 loci

1003 2543 1093 2574 istius
1121 2544 1223 2575 lectio.
1270 2545 1431 2586 Diogenes
1453 2547 1608 2586 La’ettius,
1638 2547 1676 2577 iv.
1701 2549 1731 2577 4.

1006 2603 1190 2639 Πλεταρχος
1216 2596 1242 2628 δε
1270 2600 1530 2640 φησιν,-φ9ειρσιν
1556 2602 1729 2631 ΕΚΖΕΣΑῙ

1002 2662 1098 2680 αυταν·
1118 2654 1137 2667 “
1153 2649 1303 2688 pediculis
1318 2651 1427 2691 utique
1442 2649 1731 2693 qfferwscentz'bus,”

1002 2709 1038 2733 ut
1052 2704 1131 2734 bene
1149 2704 1346 2735 Ambrosius:
1367 2705 1437 2735 vide
1448 2705 1490 2735 sis
1501 2704 1598 2735 etiam
1611 2703 1729 2734 ibidem

1004 2755 1201 2796 Menagium.
1249 2756 1299 2787 Sic
1314 2756 1375 2787 alii.
1411 2756 1579 2791 Arnobius,
1595 2755 1647 2785 lib.
1662 2755 1682 2785 i.
1697 2766 1728 2795 p.

1004 2811 1054 2838 10.
1098 2810 1120 2826 “
1139 2807 1171 2838 si
1186 2807 1220 2838 in
1237 2807 1323 2844 Asia,
1340 2806 1439 2848 Syria,
1454 2806 1569 2837 idcirco
1583 2818 1683 2838 mures
1697 2812 1730 2838 et

1007 2865 1026 2878 ⁸‘
1040 2862 1163 2892 locustae
1178 2861 1363 2903 effervescere
1387 2859 1599 2900 prodigialiter
1622 2859 1728 2890 volue-

1005 2918 1025 2934 “
1041 2913 1191 2946 runt—-.”
1237 2912 1392 2953 Sulpicius
1415 2911 1556 2952 Severus,
1580 2922 1641 2944 sac.
1657 2912 1729 2944 hist.

1868 3103 1885 3189 οᾏῖἸ,“-
1875 3091 1877 3093 -
