1894 3253
634 235 871 285 LIBER
913 232 1225 284 PRIMUS.

1625 235 1685 282 37

331 366 414 409 Sed
434 374 505 409 tua
524 377 590 410 me
611 368 738 410 virtus
759 377 913 418 tamen,
937 375 978 410 et
999 375 1161 423 sperata
1179 364 1364 422 voluptas

331 441 474 483 Suavis
495 442 701 492 amicitiae,
724 443 907 498 quemvis
927 442 1080 483 ecferre
1100 441 1284 482 laborem

330 512 499 566 Suadet,
522 525 563 558 et
582 517 741 558 inducit
761 517 916 557 nocteis
937 516 1105 572 vigilare
1125 530 1303 564 serenas,

329 589 613 640 Quaerentem,
636 589 755 631 dictis
775 589 938 645 quibus,
961 597 1002 630 et
1023 604 1106 644 quo
1126 589 1322 638 carmine,
1345 587 1512 630 demum

186 731 206 748 ⁸‘
223 727 310 759 dicit:
340 728 498 759 Omnium
519 738 638 767 rerum,
665 739 743 769 quas
768 729 808 760 ad
823 730 912 760 beate

185 782 207 798 ‘⁸
222 779 391 809 vivendum
409 779 568 818 Sapientia
581 781 816 820 comparaverit,
832 780 913 810 nihil

183 833 206 850 “
223 841 289 861 esse
303 832 406 872 majus
421 831 571 870 amicitia,
588 832 669 862 nihil
684 833 820 870 uberius,
833 832 912 862 nihil

185 884 209 900 ‘⁶
220 881 424 922 jucundius.”
473 883 557 920 Imo,
573 883 726 914 sentiebat
742 884 911 923 Epicurus,

183 946 234 964 και
247 933 316 976 ὅπερ
327 941 398 974 ipsae
410 947 480 965 ποτε
493 936 675 973 τεθνήξεσθαι·
696 935 791 975 Diog.
803 935 908 965 La’ert.

183 994 212 1015 x.
239 989 308 1016 121.
340 996 436 1026 quam
459 987 647 1016 sententiam
676 997 734 1016 suo
763 987 913 1027 suffragio

183 1036 382 1066 commendat
410 1036 531 1067 Paulus
558 1037 731 1075 Tarsensis,
754 1037 794 1068 ad
819 1038 911 1068 Rom.

183 1097 211 1117 V.
229 1090 259 1118 7.
293 1090 387 1131 ‘Torsg
412 1102 472 1130 ’γαρ
500 1101 537 1119 τε
563 1091 662 1128 onya&
685 1101 775 1128 τειχει
801 1101 843 1122 τις
860 1102 912 1119 και

185 1147 287 1180 τολμᾳ
304 1142 461 1171 αποθανειν.

226 1191 301 1222 Ver.
321 1195 388 1222 142.
411 1194 561 1231 quenwz's:
589 1193 628 1223 G.
647 1193 694 1223 M.
717 1194 908 1233 quamvis.—

185 1242 321 1283 Efferre:
348 1243 390 1272 sic
409 1243 448 1273 G.
466 1242 562 1273 vind.
580 1243 620 1272 V.
637 1243 684 1273 ed.
700 1244 738 1274 Β.
756 1244 793 1273 L.
810 1245 856 1274 M.
874 1250 909 1275 A.

186 1300 226 1324 Π.
245 1298 279 1324 Σ.
297 1300 341 1324 Ω.
364 1299 400 1323 ut
415 1303 497 1332 pene
511 1293 669 1324 inducaris
691 1294 855 1331 affirmare,
880 1309 913 1326 το

170 1343 316 1387 ‘perferre
331 1345 517 1383 editionum,
530 1345 614 1386 quod
625 1347 665 1376 ob
675 1346 915 1377 reconditiorem

181 1402 367 1436 potestatem
383 1397 528 1428 dictionis
543 1396 649 1437 efferre
665 1397 762 1427 videri
777 1408 841 1428 non
860 1400 914 1429 ab·

183 1449 276 1479 surde
290 1449 386 1488 possit
401 1459 438 1479 ex
454 1449 720 1488 interpretamenti
734 1450 867 1481 statione
877 1451 916 1482 ad

183 1501 362 1541 marginem
379 1511 410 1531 se
426 1501 460 1531 in
476 1507 598 1531 textum
621 1502 822 1541 promovisse,
849 1503 914 1534 edi-

181 1558 288 1583 torum
310 1552 489 1588 temeritati,
520 1552 570 1583 vel
592 1559 676 1582 certe
713 1553 914 1593 quorundam

183 1605 358 1635 scribarum
388 1603 552 1642 vecordiae,
584 1614 650 1634 esse
680 1604 911 1644 imputandum.

184 1655 360 1687 Lambinus
375 1655 519 1685 admovet
534 1666 629 1696 quam
645 1662 819 1695 opportune
831 1657 912 1695 peri-

185 1708 285 1738 ochen
301 1707 437 1737 auctoris
452 1707 558 1737 nescio
576 1707 665 1747 cujus
687 1717 725 1737 ex
750 1708 912 1739 Ciceronis

184 1759 326 1790 oratione
340 1768 396 1797 pro
413 1759 449 1788 P.
467 1758 584 1795 Sextio,
601 1768 666 1796 cap.
682 1762 732 1788 48.
768 1762 790 1776 ‘⁶
809 1758 869 1789 Sed
881 1765 912 1790 te

187 1813 210 1828 “
226 1809 271 1847 id,
286 1809 371 1849 quod
385 1808 481 1838 multi
499 1808 659 1838 invideant
680 1808 837 1849 multique
859 1820 913 1839 ex-

186 1863 208 1878 “
223 1865 340 1899 petant,
356 1859 480 1889 inscitia
494 1859 544 1896 sit,
568 1859 682 1898 inquit,
706 1859 872 1897 postulare,
888 1862 915 1890 si

188 1915 210 1930 “
226 1917 262 1941 tu
290 1912 420 1941 lahorem
445 1910 570 1940 summa
598 1921 672 1940 cum
702 1910 776 1941 cura
805 1911 912 1952 efferas

190 1966 212 1981 “
228 1961 384 1994 nullum.''
431 1962 497 1992 Ubi
519 1972 644 2002 quoque
667 1962 849 2001 scrupulum
864 1963 912 1993 in-

183 2013 263 2054 jecit
281 2012 405 2043 Graevio
420 2023 489 2049 vox,
513 2013 551 2042 de
574 2013 635 2053 qua
649 2013 830 2053 satagimus,
847 2021 916 2045 ten-

187 2064 267 2095 tanti
296 2064 416 2105 afferas.
461 2064 574 2104 Neque
595 2064 685 2093 aliter
715 2065 806 2103 po'e'ta
828 2072 916 2097 vetus

185 2116 272 2156 apud
293 2116 429 2146 eundem
459 2115 616 2154 Tullium,
641 2115 734 2146 Tusc.
758 2116 855 2157 dispp.
872 2119 912 2150 iv.

189 2172 241 2201 29.
266 2179 360 2209 quem
376 2168 622 2199 emendatiorem
637 2168 794 2207 dabimus,
817 2176 848 2199 et
863 2170 911 2200 in-

189 2220 390 2252 offensiorem
419 2219 522 2258 metri,
556 2230 593 2249 ex
625 2219 751 2260 vulgata
779 2221 913 2253 lectione

188 2271 370 2302 corruentis:

220 2337 314 2366 Neque
324 2340 381 2360 tam
392 2337 513 2362 terribilis
524 2338 578 2362 ulla
589 2338 671 2363 faudo
675 2339 760 2370 factio
770 2343 820 2370 est,

221 2377 275 2400 Nec
286 2383 350 2406 sors,
362 2383 410 2401 nec
422 2377 460 2401 ira
471 2378 595 2403 coelitum
606 2379 745 2403 invectum
757 2380 871 2411 malum,

220 2414 299 2445 Quod
311 2421 364 2438 non
377 2419 471 2439 natura
483 2417 601 2441 humana
615 2419 741 2449 patiendo
752 2420 853 2450 asserat.

191 2473 301 2504 factio
318 2483 430 2513 nempe
445 2481 490 2504 est
505 2487 561 2511 res,
580 2490 613 2506 το
628 2477 840 2515 Euripideum
856 2490 918 2509 mc-

189 2526 250 2558 1203:
292 2524 386 2564 vulgo
415 2528 495 2556 ratio
518 2526 641 2566 legitur.
689 2528 739 2557 Sic
770 2527 917 2565 Plautus,

192 2574 277 2605 Rud.
293 2585 319 2605 v.
338 2579 366 2606 5.
388 2579 436 2607 15.

204 2644 236 2666 L.
251 2644 343 2674 Neque
352 2644 445 2675 edepol
460 2644 506 2668 tibi
514 2644 559 2674 do,
569 2650 657 2676 neque
665 2645 812 2677 quidquam
821 2647 915 2672 debeo,

206 2682 243 2705 G.
257 2683 325 2713 Qua:
339 2683 486 2713 haecs‘acsio
498 2685 553 2708 cst?
574 2685 631 2708 Non
643 2685 738 2709 debes?

191 2732 350 2771 Apuleius
366 2733 404 2762 (le
420 2733 513 2763 habit.
537 2733 617 2763 doct.
647 2733 729 2764 Plat.
756 2735 830 2774 phil.
860 2737 917 2766 sub

189 2782 360 2813 initioz—-“
371 2785 751 2825 materiam—figurarum
761 2795 917 2825 capacem,

190 2834 420 2876 “factionique
436 2836 646 2876 subjectam:”
672 2836 690 2866 i.
706 2846 732 2865 e.
756 2846 826 2876 quae
848 2848 917 2876 pos-

193 2891 238 2915 set
260 2886 411 2918 artificem
433 2898 565 2919 manum
588 2888 659 2929 pati.
719 2888 840 2919 Rursus
862 2899 917 2920 au—

955 733 1032 766 tem,
1050 742 1090 759 w
1110 728 1233 768 perpeti
1254 737 1290 758 ac
1300 729 1372 767 pati
1391 728 1560 767 saepissime
1582 726 1685 758 valere

944 780 1065 822 sincere,
1081 780 1175 820 longe
1192 779 1390 809 notissimum
1406 786 1459 810 est.
1505 781 1612 820 Atque
1634 781 1682 809 iu-

955 841 1047 871 super
1072 841 1111 861 ex
1132 831 1389 870 probissimorum
1413 830 1556 860 codicum
1585 831 1684 861 varia-

955 883 1052 921 tione,
1069 888 1161 924 atque
1177 883 1427 913 constantissima
1451 884 1594 913 Maronis
1609 884 1681 913 imi-

954 934 1082 971 tatione,
1097 934 1151 974 qui
1168 933 1247 963 nihil
1261 933 1471 973 exquisitioris
1487 934 1519 963 in
1536 934 1684 964 Lucretio

955 985 1108 1015 intactum
1123 984 1294 1024 reliquerit,
1319 991 1373 1014 aut
1395 985 1595 1021 intentatum,
1620 995 1686 1015 non

956 1042 1072 1066 temere
1102 1035 1182 1065 mihi
1210 1035 1317 1065 videor
1339 1035 1484 1076 colligere
1513 1037 1685 1066 dictionem

955 1087 1060 1128 efferre
1075 1087 1121 1117 illi
1137 1097 1202 1117 esse
1224 1086 1450 1125 redonandam,
1473 1088 1512 1118 ad
1537 1088 1611 1118 AEn.
1628 1087 1684 1117 xii.

956 1141 1027 1169 635.

1363 1197 1413 1221 Sed
1425 1197 1492 1228 quis,
1505 1198 1622 1229 Olympo

983 1238 1142 1267 Demissam,
1153 1241 1243 1262 tantos
1255 1237 1341 1261 voluit
1352 1242 1380 1262 te
1396 1237 1483 1268 <fferre
1493 1237 1606 1261 laborer?

957 1287 1061 1318 Dictae
1090 1288 1283 1316 membranae
1308 1286 1458 1325 perferre,
1496 1286 1550 1317 sed
1581 1286 1684 1317 Musis

958 1338 1096 1370 multum
1110 1338 1363 1379 indignantibus.

1002 1390 1076 1421 Ver.
1100 1393 1169 1420 145.
1199 1393 1313 1421 noctez's
1341 1401 1478 1421 serenas:
1519 1390 1539 1420 i}
1563 1400 1588 1420 e.
1606 1400 1688 1429 pure

959 1442 1151 1483 tranquillas,
1182 1449 1219 1473 ut
1240 1442 1382 1482 loquitur
1404 1442 1573 1479 Horatii&
1596 1441 1687 1472 nullo

960 1495 1101 1534 strepitu,
1117 1494 1214 1524 nullis
1236 1494 1534 1534 perturbationibus,
1562 1496 1683 1524 τεθολω-

956 1557 1054 1586 (atvar
1068 1546 1183 1586 quippe
1199 1556 1297 1586 quum
1313 1545 1497 1576 mortalium
1510 1556 1594 1575 curae
1603 1546 1688 1575 nube

958 1597 1076 1636 soporis
1090 1598 1289 1637 obtegantur,
1313 1603 1343 1626 et
1364 1596 1465 1627 altum
1490 1597 1530 1627 sit
1545 1595 1684 1636 undique

956 1648 1131 1686 silentium,
1148 1654 1179 1678 et
1193 1648 1416 1689 tranquillitas:

1074 1714 1186 1746 Μεξοτων
1199 1720 1225 1736 τε
1236 1715 1303 1743 euzo:
1316 1721 1406 1736 πωπω

1073 1761 1178 1786 Κεαται,
1189 1767 1258 1790 zea-,7:51
1270 1757 1392 1790 δοεμεπω.

959 1809 1151 1850 Apollonius
1168 1809 1322 1848 Rhodius,
1338 1810 1376 1840 iv,
1396 1811 1486 1840 1058.

1384 1871 1492 1901 ετκλυθεν
1502 1881 1626 1907 emm-agar.

995 1921 1046 1951 Νυξ
1056 1929 1127 1954 swam
1141 1920 1262 1955 ωνδξεπσι,
1277 1924 1452 1948 κατευκκλησε
1465 1919 1490 1944 δε
1503 1928 1590 1946 τοισιν

997 1969 1078 1993 Γαιαν
1090 1968 1174 2001 {wau-5

959 2019 978 2049 i.
993 2029 1019 2049 e.
1045 2030 1174 2050 omnem
1188 2020 1334 2051 tellurem
1354 2025 1514 2054 serenavit.
1562 2024 1684 2063 Cicero,

959 2071 1052 2102 Tusc.
1068 2072 1165 2112 dispp.
1181 2072 1224 2102 iii.
1250 2075 1298 2103 15.
1334 2076 1356 2091 “
1369 2074 1468 2104 Frons
1487 2080 1685 2108 erat-—tran-

956 2126 979 2141 “
995 2125 1092 2164 quilla
1115 2130 1146 2154 et
1167 2124 1303 2155 serena.”
1350 2124 1448 2163 Quid,
1473 2126 1558 2167 quod
1579 2138 1685 2158 serena

956 2174 1097 2205 videatur
1138 2175 1237 2206 noctis
1278 2181 1464 2215 perpetuum
1503 2177 1684 2216 epitheton?

957 2227 1095 2264 Ennius,
1107 2237 1182 2257 ann.
1199 2226 1258 2257 xiv.

989 2289 1088 2312 omnes
1098 2287 1204 2317 obcisei,
1216 2288 1401 2319 obcenseique‚
1413 2288 1439 2312 in
1451 2292 1519 2313 noxe
1527 2289 1626 2313 ser-end.

965 2336 1116 2366 Confer-as
1140 2335 1227 2376 Virg.
1252 2346 1320 2376 geo.
1347 2336 1366 2366 i.
1390 2340 1461 2368 4⁶26.
1485 2337 1601 2368 Tibull.
1617 2338 1637 2368 i.
1653 2342 1682 2369 2.

963 2391 1013 2418 65.
1039 2387 1103 2417 Cic.
1120 2389 1210 2416 Atat.
1227 2388 1331 2425 phaen.
1352 2391 1420 2419 169.

963 2437 1067 2467 Aliter
1096 2437 1196 2467 libens
1222 2438 1385 2477 amplexus
1412 2449 1508 2469 essem
1543 2439 1685 2470 Creechii

961 2489 1106 2518 nostratis
1119 2489 1340 2528 suspicionem,
1366 2490 1432 2528 ipso
1456 2489 1600 2520 Bentleio
1621 2501 1686 2521 non

961 2540 1180 2579 improbatam:

1278 2599 1380 2624 nocteis
1389 2598 1498 2631 vigilare
1508 2607 1613 2626 severas
1621 2609 1631 2627 .-

961 2647 1004 2677 sic
1019 2647 1105 2677 enim
1120 2647 1285 2677 Lucretius
1299 2647 1375 2686 ipse,
1391 2647 1430 2677 iv.
1445 2651 1518 2678 461.

1023 2706 1055 2729 Et
1067 2705 1167 2728 sonitus
1178 2704 1278 2733 audire,
1291 2712 1383 2728 severa
1393 2704 1491 2729 silentia
1501 2705 1578 2730 noctis

1023 2744 1148 2774 Undique
1161 2751 1225 2768 curn
1236 2747 1369 2768 constent.

963 2792 1017 2822 Ad
1034 2792 1216 2822 Nemesssani
1231 2792 1285 2823 ecl.
1301 2792 1321 2823 i.
1337 2796 1390 2824 56.

992 2852 1091 2876 Blanda
1101 2852 1150 2876 tibi
1161 2851 1253 2877 vultus
1263 2853 1388 2884 gravitas,
1399 2856 1427 2879 et
1437 2852 1504 2878 mite
1514 2852 1601 2878 sereni

995 2893 1091 2917 Fronte
1101 2891 1288 2924 supercilium:
