1894 3253
544 222 778 271 LIBER
826 220 1242 272 SECUNDUS.

1545 231 1636 271 349

288 356 474 398 Contulit
494 356 600 398 inter
621 371 662 397 se
684 363 834 405 motus,
858 355 1004 411 quibus
1025 370 1149 396 omne
1168 362 1328 396 tuentes

286 431 490 472 Adcensei
512 445 649 472 sensus
669 431 924 471 animantum
945 444 1149 485 quamque
1168 438 1348 470 tuentur.

347 505 567 555 Praeterea,
589 519 714 560 quam
734 504 793 544 vis
813 503 1063 544 animantem
1083 502 1281 559 grandior
1300 503 1419 553 ictus,

288 579 427 628 Quam
448 580 602 634 patitur
622 587 784 628 natura,
806 586 974 632 repente
993 577 1166 633 adfligit,
1189 585 1229 618 et
1249 578 1405 618 omneis

172 657 252 693 945
287 653 484 707 Corporis
505 662 627 709 atque
647 653 774 694 animi
793 653 929 709 pergit
948 651 1201 693 confundere
1221 666 1374 693 sensus:

286 726 582 768 Dissoluuntur
602 727 712 767 enim
732 726 926 781 positurae
946 726 1262 781 principiorum,

282 800 338 841 Et
357 800 520 855 penitus
541 809 676 842 motus
696 799 835 841 vitales
856 799 1143 854 inpediuntur3

283 875 433 916 Donec
453 874 656 924 materies,
679 874 835 915 omneis
855 888 1052 914 concussa
1070 889 1144 929 per
1163 882 1291 924 artus,

281 948 450 990 Vitaleis
470 949 620 989 animae
640 947 773 990 nodos
793 963 815 989 e
836 961 1009 1003 corpore
1029 947 1162 998 solvit,

134 1121 271 1160 parentis
308 1127 396 1151 terrae
432 1122 704 1161 procrescentibus.
753 1121 862 1154 Lectio

124 1172 259 1213 flammci
287 1174 346 1204 hoc
370 1173 572 1205 incommodo
587 1175 751 1214 premitur,
777 1175 862 1216 quod

136 1227 218 1264 ignis
236 1225 269 1254 in
285 1228 354 1256 α’ένε
370 1226 465 1255 etiam
481 1232 512 1256 et
525 1228 729 1263 terrestribus,
753 1226 862 1266 (lignis

131 1282 218 1314 puta,
249 1286 308 1306 ver.
333 1280 404 1307 881.
430 1283 460 1306 et
482 1275 634 1313 silicibus)
659 1287 723 1306 non
753 1277 861 1306 minus

136 1337 231 1366 quam
247 1327 281 1356 in
295 1326 529 1357 flammantibus
554 1327 622 1357 coeli
644 1326 744 1367 plagis
761 1328 860 1357 conti-

136 1383 262 1407 neatur:
300 1383 392 1418 atque
415 1378 489 1408 hinc
512 1377 608 1408 etiam
632 1378 800 1408 Lucretius
828 1378 863 1408 in

134 1438 243 1458 eorum
268 1435 371 1467 partes
393 1429 524 1459 transire
546 1429 712 1467 videretur,
738 1430 792 1469 qui
815 1440 864 1459 res

133 1490 243 1510 omnes
251 1486 385 1520 quatuor
393 1480 556 1510 elementis
564 1481 717 1519 procreari
725 1481 862 1518 voluere3

136 1532 175 1560 ab
190 1531 256 1569 ipso
271 1531 424 1570 superius,
440 1531 474 1560 in
489 1531 508 1560 i.
523 1534 593 1561 716.
609 1537 640 1561 et
651 1532 861 1571 sequentibus,

134 1582 283 1612 acerrime
295 1582 423 1623 quidem
436 1583 684 1622 ὑπωπιαζομενων,
698 1593 733 1612 ac
743 1582 861 1623 depug-

134 1639 290 1663 natorum.

174 1693 249 1723 Ver.
267 1697 338 1725 940.
353 1705 509 1734 congressa
522 1697 625 1725 modo:
644 1695 663 1725 i.
677 1705 702 1725 e.
719 1698 741 1713 ‘⁶
753 1695 779 1725 si
790 1705 857 1725 mo-

133 1749 154 1761 “
169 1743 210 1774 do
226 1744 266 1774 sit
280 1745 481 1785 congressa;‘’
499 1746 524 1775 si
539 1747 598 1777 hoc
613 1747 707 1776 etiarn
719 1747 854 1777 eveniat:

131 1805 207 1825 nam
222 1806 296 1826 voce
316 1799 400 1827 modo
416 1798 508 1835 hanc,
532 1803 587 1827 aut
608 1799 859 1838 geminissimam

130 1846 290 1887 quandam
305 1852 498 1886 potestatem,
521 1847 753 1888 percipiendam
768 1851 857 1880 meli-

132 1908 181 1936 us,
189 1909 283 1939 quam
293 1899 419 1938 paribus
428 1900 526 1930 verbis
535 1900 766 1940 declarandam,
779 1902 857 1933 obti-

132 1949 210 1986 neri,
226 1950 295 1990 quis
310 1956 419 1980 contra
434 1951 517 1981 locos
531 1958 681 1988 veterum,
698 1964 730 1983 se
745 1954 859 1992 passim

133 2001 322 2041 ingerenteS‚
346 2002 473 2033 audebit
496 2003 668 2044 denegare?
694 2005 738 2035 Et
752 2012 858 2035 tamen

132 2054 231 2083 critici
247 2060 334 2084 tanto
347 2065 439 2094 opere
448 2056 641 2086 inconsultos
655 2064 799 2097 egerunt,
809 2064 857 2096 ut,

132 2105 238 2136 invitis
263 2105 358 2144 libris,
385 2110 575 2138 convenienti
596 2109 779 2148 rescriptum
794 2110 857 2139 ive-

132 2156 202 2188 rint.
253 2158 302 2188 Sic
325 2164 432 2189 autem
459 2166 563 2190 noster
590 2161 733 2191 adhibuit
761 2168 858 2192 motus

133 2212 363 2249 convem'enteis‚
389 2211 428 2241 ad
450 2212 469 2242 i.
489 2216 579 2244 1029.
600 2213 630 2242 ii.
648 2216 718 2244 711.
741 2224 768 2244 v.
785 2217 856 2244 446.

133 2259 211 2289 adeo
226 2267 262 2290 ut
283 2262 464 2293 temeritatis
484 2264 615 2295 omnino
640 2265 859 2295 inexcusabilis

134 2322 200 2342 esse
214 2312 362 2350 videatur,
379 2326 417 2344 ex
430 2316 588 2347 voluntate
597 2325 778 2350 contextum
790 2320 856 2350 Lu-

133 2363 220 2392 cretii
234 2369 298 2393 tam
314 2364 463 2396 industrie
478 2367 644 2399 violavisse.

175 2415 249 2445 Ver.
267 2420 337 2447 941.
360 2429 445 2448 omne
459 2425 584 2450 tuentes.
631 2421 682 2451 Sic
698 2423 793 2452 nostri
816 2424 856 2454 ad

132 2477 250 2497 unum:
269 2468 375 2508 vulgo,
391 2473 605 2502 omnituentes:
624 2483 735 2510 parum
746 2475 854 2513 refert;

133 2518 187 2549 sed
202 2518 272 2549 libri
287 2519 435 2550 audiendi
450 2528 533 2552 sunt.
563 2523 733 2554 Fluctuaut
746 2525 855 2556 itidem

132 2569 204 2599 libri
229 2570 268 2599 ad
291 2570 456 2601 Valerium
484 2572 642 2612 Flaccum,
665 2585 692 2605 v.
710 2579 780 2607 248.
801 2578 861 2610 hoc

133 2630 250 2651 nomen
266 2622 332 2652 Soli
346 2622 549 2654 tribuentem:

169 2713 236 2737 Haec
248 2712 307 2742 tibi,
317 2712 450 2744 fatorum,
461 2715 576 2746 genitor,
587 2716 672 2741 tutela
682 2723 817 2748 meorum,

163 2754 241 2778 omne
251 2757 333 2779 tuens.

904 1121 994 1163 liqui,
1007 1123 1339 1162 animantem—quam
1352 1123 1412 1152 vis:
1433 1121 1470 1152 P.
1480 1122 1517 1153 Β.
1529 1133 1631 1163 quem-

904 1177 965 1206 vis:
991 1176 1049 1205 hoc
1065 1174 1159 1204 etiam
1176 1184 1239 1203 non
1255 1173 1385 1204 omniuo
1400 1173 1488 1205 male.

948 1226 1023 1255 Ver.
1051 1228 1121 1256 945.
1139 1226 1241 1264 pergit
1265 1225 1467 1265 confundere:
1493 1224 1634 1256 conferas

905 1275 924 1305 i.
941 1278 1013 1306 951.

950 1325 1030 1356 Ibid.
1054 1326 1238 1366 confundere
1266 1337 1386 1357 sensus:
1413 1329 1434 1345 “
1452 1326 1496 1356 eis
1521 1337 1634 1366 nempe

908 1381 930 1395 “
945 1378 988 1407 ita
1003 1379 1181 1417 perturbate
1196 1381 1435 1417 commiscendis,
1448 1385 1483 1409 ut
1495 1378 1633 1419 singula-

908 1431 929 1446 “
944 1429 1002 1457 tim
1018 1429 1120 1458 officio
1136 1439 1193 1458 suo
1208 1429 1326 1459 sincere
1342 1429 1433 1469 fungi
1445 1430 1632 1469 nequeant.”

906 1479 1084 1509 Translatio
1100 1480 1134 1508 sit
1149 1490 1167 1508 a
1180 1482 1332 1519 liquorum
1350 1479 1541 1510 diversorum
1552 1481 1633 1510 mix-

906 1531 976 1560 tui-<22
991 1531 1140 1568 derivata3
1164 1538 1198 1560 ut
1214 1532 1246 1560 in
1262 1538 1368 1570 aperto
1383 1538 1436 1562 est.
1483 1532 1535 1562 De
1549 1542 1634 1568 voce,

905 1582 960 1612 sed
984 1583 1134 1622 explicate
1157 1583 1274 1620 minus,
1300 1583 1544 1621 Oudendorpius
1569 1583 1632 1613 dis-

903 1634 1022 1672 putavit
1048 1634 1087 1664 ad
1114 1635 1241 1664 Sueton.
1267 1634 1286 1664 i.
1308 1637 1335 1664 7.
1361 1634 1466 1674 Blagis
1486 1634 1634 1674 equidem

903 1686 1069 1716 edentulus
1084 1697 1166 1724 sum,
1183 1697 1279 1726 quam
1294 1686 1402 1722 veli1n3
1427 1685 1481 1716 sed
1496 1692 1583 1716 extra
1598 1686 1631 1716 in

902 1738 960 1767 hac
976 1737 1085 1767 saltem
1102 1747 1182 1767 nuce
1198 1737 1276 1767 nihil
1291 1737 1361 1767 duri
1378 1737 1505 1776 reperio.

946 1789 1021 1819 Ver.
1047 1792 1117 1820 948.
1147 1800 1309 1820 concussa:
1337 1795 1377 1819 Π.
1408 1790 1550 1830 cousus&
1584 1790 1630 1820 vi-

902 1840 988 1870 tiose.

946 1893 1022 1922 Ver.
1042 1896 1113 1924 949.
1136 1895 1229 1924 nodos
1244 1905 1276 1924 e:
1305 1894 1352 1924 M.
1372 1894 1410 1930 Q.
1428 1901 1471 1925 Ω.
1487 1897 1580 1926 nodos
1594 1906 1630 1931 a;

903 1943 1000 1974 Vind.
1026 1945 1065 1974 V.
1091 1943 1138 1974 ed.
1170 1945 1209 1974 O.
1234 1950 1268 1975 Δ.
1294 1951 1334 1975 Π.
1357 1951 1390 1976 Σ.
1414 1948 1533 1977 nodoso.
1579 1947 1631 1976 Ex

901 1998 960 2027 hoc
976 2003 1081 2027 autem
1096 1998 1168 2028 Cari
1184 2008 1274 2028 versu
1290 1998 1344 2028 illa
1355 1998 1541 2038 Virgiliana,
1554 2000 1630 2029 AEn.

901 2050 941 2080 iv.
960 2053 1031 2081 695.
1049 2053 1119 2080 705.
1144 2050 1273 2089 pulchre
1288 2050 1540 2081 illustrabuntur:

931 2124 1006 2147 Tum
1019 2125 1089 2155 Juno
1101 2123 1283 2155 omnipotens,
1294 2124 1407 2155 longum
1419 2124 1545 2149 miserata
1555 2125 1629 2150 dolo-

1025 2170 1093 2192 rem,

933 2203 1102 2233 Difficilisque
1111 2203 1209 2232 obitus,
1221 2202 1284 2226 Irim
1296 2202 1404 2227 demisit
1415 2202 1542 2234 Olympo,

933 2244 1002 2275 Quae
1021 2243 1172 2267 luctantem
1199 2243 1318 2266 animam
1339 2249 1472 2273 nexosque
1494 2242 1633 2267 resolveret

1023 2286 1167 2307 artus—.

1375 2323 1452 2346 Hunc
1464 2328 1514 2353 ego
1526 2321 1583 2346 Diti

932 2365 1042 2388 Sacrum
1051 2363 1121 2393 jussa
1131 2361 1204 2392 fei-03
1222 2364 1304 2392 teque
1315 2362 1366 2386 isto
1377 2366 1476 2394 corpore
1486 2362 1571 2386 solvo.

902 2426 1000 2456 Vides
1032 2426 1200 2456 Maronem
1223 2426 1285 2455 hue
1309 2425 1416 2456 oculos
1443 2425 1626 2456 intendisse:

899 2477 1017 2507 videbis
1033 2478 1137 2513 etiam,
1151 2476 1286 2507 Cerdam
1301 2484 1394 2517 atque
1411 2477 1578 2516 Heynium
1593 2476 1633 2507 ad

899 2529 1005 2559 locum
1020 2529 1059 2559 de
1076 2529 1229 2559 sermonis
1250 2528 1423 2558 rationibus
1450 2538 1514 2558 non
1538 2528 1634 2566 probe

903 2581 1053 2611 statuisse.

948 2633 1029 2663 Ibid.
1052 2634 1144 2663 nodos
1158 2643 1174 2662 e
1188 2643 1319 2671 corpore.
1354 2631 1442 2661 Hinc
1460 2632 1631 2670 Arnobius‚

905 2683 958 2713 lib.
981 2684 1012 2713 ii.
1035 2694 1064 2722 p.
1081 2686 1199 2713 6l.—“
1219 2682 1318 2712 valeat
1340 2693 1468 2712 manere
1492 2683 1633 2723 quamvis

882 2766 888 2773 ⁸
905 2739 928 2753 “
945 2735 1035 2764 annis
1049 2735 1137 2764 vivus
1151 2734 1338 2771 innumeris,
1355 2740 1385 2764 et
1400 2745 1562 2775 nunquam
1578 2747 1631 2765 ηο-

910 2790 931 2806 “
948 2788 995 2816 <lis
1024 2788 1173 2826 corporeis
1202 2786 1386 2817 eximatur.”
1448 2788 1492 2818 Et
1521 2798 1549 2826 p.
1580 2791 1631 2818 66.

185 2830 261 2863 Ver.
278 2837 349 2865 942.
371 2836 583 2867 am'mantum:
610 2837 652 2868 sic
668 2838 705 2869 P.
718 2836 757 2869 V.
773 2837 820 2870 ed.
836 2845 867 2870 et
911 2842 933 2857 “
951 2838 1028 2875 Vos,
1059 2848 1131 2868 cum
1153 2838 1292 2877 primum
1321 2841 1413 2870 soluti
1433 2841 1632 2869 membrorum

142 2881 254 2923 placet,
280 2886 437 2918 varietatis
452 2888 668 2929 inspergendae
683 2890 792 2929 gratia:
819 2901 865 2921 re-

912 2894 934 2909 “
950 2889 1084 2921 abieritis
1108 2901 1124 2921 e
1148 2892 1244 2927 nodis,
1281 2890 1344 2921 alas
1369 2891 1455 2922 vobis
1485 2891 1633 2921 affuturas
