1894 3253
712 249 772 296 T.
826 245 1207 295 LUCRETII

364 382 556 437 Namque
577 379 653 421 alia
672 379 734 430 fit,
757 380 841 421 utei
861 379 971 421 claro
992 378 1043 420 sit
1063 377 1188 419 rubra
1206 391 1391 434 pyropo;

368 455 583 497 Interdum
603 455 784 511 quodam
805 469 924 496 sensu
943 454 1005 504 fit,
1027 453 1112 495 utei
1132 452 1321 494 videatur

223 614 288 644 vice
305 612 433 652 po'eticae
455 613 673 650 conversionis,
704 614 756 644 hic
777 614 949 645 maluerint

222 664 374 695 infercire.
418 665 503 695 Eant
526 665 633 706 igitur,
660 673 691 696 et
714 666 868 708 refingant
894 668 950 697 ho-

225 717 328 747 mines
341 716 415 747 belli
433 717 579 755 Statium,
602 718 643 748 ad
666 718 764 749 Tbeb.
780 730 807 749 V.
829 723 900 750 564.
925 719 950 748 si

222 779 279 808 per
309 770 420 800 Musas
449 771 649 810 concedatur,
684 772 733 802 vel
761 773 856 803 etiam
884 771 951 803 sine

223 821 342 852 Musis:

388 899 451 924 inde
461 899 556 924 horror
565 900 651 931 aquis,
667 904 695 925 et
705 903 792 932 raptus
803 900 834 924 ab
845 900 921 924 omni

254 937 308 961 Sole
320 938 380 962 dies.

227 1001 399 1044 Refingant
413 1005 507 1034 etiam
519 1005 704 1046 Virgilium,
720 1006 794 1036 AEn.
807 1006 869 1035 viii.
880 1008 951 1039 542,

484 1081 618 1107 Herculeis
628 1082 718 1114 sopitas
730 1083 828 1115 ignibus
839 1090 899 1106 aras

287 1120 413 1144 Excitat:

227 1199 257 1224 et
272 1194 351 1225 alios
365 1196 452 1226 mille
466 1196 551 1228 locos
560 1198 792 1237 exquisitissimi
804 1197 954 1228 sermonis

225 1245 261 1274 in
282 1246 446 1284 poetarum
470 1250 693 1279 monumentis.
738 1249 846 1279 Adeas
871 1251 954 1280 Bur-

226 1306 392 1333 mannum,
409 1299 443 1327 in
468 1299 607 1338 Propert.
624 1300 643 1330 i.
660 1305 688 1329 8.
704 1300 758 1329 fin.
775 1307 805 1329 et
819 1306 956 1330 nosmet-

227 1347 310 1385 ipsos
332 1348 372 1378 ad
395 1349 505 1388 Eurip.
534 1350 629 1380 Herc.
653 1350 712 1380 fur.
738 1353 765 1381 7.

228 1404 403 1430 tractantes.

796 1351 876 1381 hanc
891 1361 958 1381 rem

230 1449 336 1486 Porro,
363 1451 443 1481 forte
469 1463 510 1482 an
537 1452 692 1483 Manilius
716 1453 811 1483 nostri
834 1464 958 1484 memor

229 1500 333 1538 fuerit,
349 1513 376 1532 v,
398 1506 470 1533 711.

290 1586 385 1611 Tertia
396 1587 513 1612 Pleiadas
524 1588 629 1613 dotavit
642 1588 730 1614 forma
742 1596 853 1620 sorore&

290 1627 450 1652 Femineum
461 1629 536 1653 rubro
547 1630 655 1654 vultum
666 1631 765 1655 suffusa
774 1635 875 1663 pyropo.

232 1702 330 1732 Recte
346 1702 510 1733 Bentleius
524 1706 652 1743 dotavit,
674 1705 740 1735 vice
754 1707 886 1741 dotabit;
913 1706 960 1736 uti

230 1760 262 1784 et
276 1755 342 1793 ipse
357 1765 420 1784 non
437 1756 579 1786 conscius
589 1767 798 1787 correxeram:
819 1757 903 1788 idem
914 1764 961 1788 ta-

231 1815 306 1835 men
322 1816 379 1835 nec
395 1806 535 1843 feliciter,
562 1818 619 1838 nec
641 1808 782 1838 modeste
807 1809 892 1846 satis,
915 1821 962 1841 re-

230 1856 352 1896 scripsit
370 1859 551 1897 Coeruleum,
578 1869 634 1897 pro
659 1861 837 1891 Femineum
845 1877 855 1897 ;
880 1862 964 1902 quod

231 1907 312 1938 valet
326 1912 541 1947 verecundum,
564 1916 594 1940 et
617 1911 776 1949 epitheton
792 1919 901 1950 aptum
915 1919 962 1943 est

232 1968 268 1988 ac
297 1961 481 1998 speciosum.
536 1962 708 2002 Corippum
742 1963 860 1994 interea
889 1964 961 1995 fedo

233 2019 347 2047 errore,
373 2012 398 2040 si
413 2012 483 2051 quis
497 2012 588 2051 alius,
615 2014 787 2053 sordidum,
812 2015 958 2053 liberabo,

234 2060 273 2090 iv.
291 2065 360 2092 1‘20.

266 2128 413 2154 Miscentur
424 2133 522 2157 teretes
534 2133 651 2163 quadris,
662 2134 837 2159 viridantibus
844 2136 929 2160 albae:

266 2168 442 2200 chrysolithi,
458 2171 628 2203 myrrhaeque,
650 2173 768 2204 micant;
787 2174 963 2206 flammasque

357 2212 460 2240 pyropos

269 2246 380 2277 Alliam,
391 2251 418 2273 et
430 2249 536 2280 proprii
547 2250 748 2282 depellensluce
759 2253 890 2278 tenebras.

177 2346 187 2349 ⁷
239 2309 397 2340 Nonnulli
413 2313 564 2352 scribunt,
586 2317 796 2356 murrbaeque:
821 2316 855 2346 in
869 2327 966 2358 quam

237 2361 327 2392 litem
342 2373 407 2392 non
421 2363 584 2396 descendo.
629 2366 751 2397 Vitiose
766 2367 842 2397 solet
856 2367 890 2397 in
905 2378 966 2399 ver.

239 2417 269 2443 2.
285 2414 439 2455 evulgari,
461 2419 613 2457 mireque:
638 2429 693 2457 per
707 2419 831 2450 facilem
847 2419 967 2459 profec-

239 2471 272 2496 to
286 2465 420 2497 librariis
434 2469 670 2500 aberrationem.

281 2519 358 2550 Ver.
375 2524 445 2551 805.
468 2524 616 2562 quodam:
643 2524 679 2554 P.
697 2530 741 2554 Ω.
763 2527 970 2565 quoddam.—

241 2583 329 2602 sensu
345 2575 426 2603 atei:
455 2580 495 2604 Π.
510 2577 571 2605 seri
585 2582 628 2606 ut.

283 2624 359 2654 Ver.
374 2628 446 2655 804.
468 2628 609 2658 viv-ideis.-
635 2628 677 2658 V.
693 2627 740 2658 ed.
759 2630 967 2669 vc'rgis.-—Le·

243 2675 384 2714 gendum
399 2677 494 2708 forte:

307 2751 380 2776 Inter
389 2751 509 2784 beryllum
519 2753 625 2779 virideis
635 2754 715 2780 lucere
725 2756 889 2788 smaragdos

742 2797 770 2827 B
775 2807 792 2827 ε
799 2807 820 2827 N
827 2808 848 2827 T
854 2807 872 2827 1.
878 2808 895 2828 ε
900 2807 911 2827 1
917 2808 936 2828 u
945 2808 969 2828 s.

248 2876 412 2916 Praeclare,
439 2885 473 2910 ut
489 2882 605 2918 omnia,
631 2882 679 2913 vir
692 2883 837 2913 omnium
853 2884 969 2923 perspi-

247 2928 440 2968 cacissimu53
464 2937 494 2961 et
517 2933 568 2962 cui
588 2933 715 2964 laudem
729 2934 885 2975 integram
899 2934 970 2971 loci,

984 2997 1006 3023 '5

992 630 1136 651 successu
1150 618 1290 650 maximo
1304 617 1376 648 mea
1391 627 1429 648 ex
1453 617 1643 649 divinatione
1672 627 1719 649 re·

993 672 1105 710 stituti,
1120 672 1263 702 lubenter
1274 669 1389 700 defero.
1414 669 1498 699 Nam
1513 683 1546 701 ‘ro
1560 671 1724 701 caeruleum

994 724 1027 754 in
1044 725 1154 754 morbo
1170 724 1295 760 cubare,
1322 721 1464 762 quamvis
1487 721 1568 751 nihil
1582 721 1653 752 libri
1674 731 1727 751 va-

994 777 1087 813 rient,
1117 775 1201 806 color
1231 775 1298 814 ipse
1323 784 1472 804 versuum
1497 773 1645 810 declarat,
1672 773 1728 814 qui

995 827 1242 866 comparationes
1265 836 1337 856 suas
1364 836 1383 855 a
1407 825 1548 864 pretiosis
1569 824 1728 864 lapidibus

995 883 1169 914 accersunt3
1207 883 1239 906 et
1267 883 1409 914 tenorem
1438 876 1499 906 loci
1540 876 1731 906 vocabulum

995 936 1174 968 suspectum
1188 927 1398 966 interrumpit.
1445 927 1517 965 Sed,
1540 933 1577 957 ut
1596 928 1729 958 arbitrer

997 979 1179 1010 Bentleium
1204 978 1316 1008 ulceris
1339 977 1506 1008 manifesto
1537 978 1638 1008 versui
1660 989 1733 1017 pro-

995 1033 1069 1062 bam
1084 1030 1273 1061 medicinam
1296 1029 1481 1068 admovisse,
1508 1030 1582 1060 duae
1613 1031 1732 1070 cogita-

997 1084 1098 1114 tiones
1112 1084 1293 1122 prohibent:
1320 1082 1404 1121 prior
1419 1088 1476 1120 est,
1503 1082 1603 1112 nimia
1625 1082 1730 1113 litera-

997 1146 1069 1166 rum
1093 1133 1314 1173 discrepantia;
1337 1133 1434 1163 altera
1458 1143 1543 1171 vero,
1573 1133 1727 1171 colomm,

998 1188 1052 1229 qui
1068 1194 1141 1218 sunt
1152 1189 1274 1228 beryllis
1285 1193 1315 1218 et
1324 1188 1510 1226 smaragdis,
1521 1186 1622 1216 nimia
1630 1186 1733 1225 proxi-

1001 1240 1103 1270 mitas.
1148 1239 1223 1269 Hoc
1247 1245 1355 1269 tamen
1376 1238 1506 1268 fortasse
1521 1248 1578 1277 pro
1594 1237 1734 1268 Bentlei-

1002 1301 1063 1320 ano
1079 1297 1193 1321 conatu
1209 1289 1357 1320 contendi
1373 1295 1480 1320 contra
1495 1295 1611 1328 potest;
1635 1299 1734 1330 quen-

1002 1341 1076 1371 dam
1106 1341 1233 1378 scilicet,
1261 1341 1419 1371 volentem
1450 1341 1619 1379 declarare,
1649 1340 1734 1381 quali

1002 1393 1105 1423 colore
1120 1394 1252 1433 beryllus
1268 1391 1372 1427 fuerit,
1396 1392 1533 1431 margini
1549 1391 1736 1430 exemplaris

1002 1447 1166 1475 coeruleum
1190 1443 1383 1482 appinxisse:
1409 1443 1496 1473 unde
1519 1444 1580 1473 hoc
1603 1445 1736 1473 vocabu-

1001 1495 1071 1524 lum
1085 1495 1119 1524 in
1137 1494 1280 1524 ordinem
1295 1493 1458 1524 contextus
1469 1495 1585 1524 sensim
1596 1494 1738 1524 insinua-

1001 1546 1086 1577 verit.
1132 1546 1324 1583 Priscianus,
1347 1545 1462 1585 perieg.
1481 1549 1573 1577 1019.
1601 1545 1678 1576 huic
1693 1546 1738 1576 rei

1002 1597 1166 1628 firmandae
1181 1595 1455 1627 commodissimus
1470 1596 1633 1626 inserviet:

1033 1665 1125 1698 Berylli
1135 1671 1257 1696 gemmas
1265 1664 1362 1696 glauci,
1377 1664 1549 1696 nitidumque
1563 1665 1719 1690 adamanta.

1003 1724 1050 1754 Et
1065 1723 1140 1754 ibid.
1157 1733 1216 1753 ver.
1233 1726 1305 1754 936.
1329 1722 1520 1763 Dionysium
1549 1734 1652 1763 presse
1668 1722 1738 1754 red⁴

1007 1774 1100 1806 dens:

1038 1844 1131 1876 Berylli
1140 1844 1257 1876 lapidem
1268 1844 1413 1876 liquidum,
1421 1843 1562 1876 glaucique
1572 1843 1668 1869 coloris.

1009 1903 1216 1942 Opportunus
1238 1909 1283 1933 est
1307 1902 1415 1940 etiam,
1446 1909 1482 1932 ut
1507 1902 1561 1943 qui
1587 1902 1736 1940 maxime,

1004 1954 1139 1990 Plinius,
1168 1961 1231 1985 nat.
1246 1954 1317 1985 hist.
1334 1954 1447 1984 xxxvii.
1465 1958 1518 1984 20.
1543 1957 1566 1972 “
1582 1953 1740 1984 Eamdem

1006 2010 1028 2025 “
1045 2006 1153 2036 multis
1177 2007 1380 2048 (smaragdis)
1403 2012 1561 2044 naturam,
1584 2012 1640 2036 aut
1662 2004 1738 2036 certi

1007 2061 1029 2076 “
1045 2058 1191 2096 similem,
1206 2059 1320 2088 habere
1335 2060 1446 2099 berylli
1460 2057 1636 2087 videntur.’'

1005 2109 1080 2140 Jam
1096 2119 1169 2139 vero
1179 2111 1325 2148 glaucum
1349 2115 1380 2138 et
1405 2110 1570 2138 caeruleum
1588 2107 1744 2146 scriptori-

1006 2162 1065 2190 bus
1081 2160 1238 2191 Romanis
1257 2159 1341 2189 idem
1359 2158 1449 2196 velle,
1472 2157 1563 2187 nobis
1577 2157 1745 2188 Lucretius

1007 2211 1160 2249 ostendet,
1179 2211 1220 2241 ad
1235 2211 1254 2240 i.
1272 2214 1343 2241 720.
1368 2220 1441 2240 cum
1458 2210 1613 2245 Homero,
1640 2210 1679 2240 ΙΙ.
1698 2217 1740 2241 11.

1006 2267 1057 2293 54.
1074 2269 1104 2292 et
1121 2263 1268 2300 Marone,
1285 2263 1360 2292 AEn.
1376 2262 1428 2292 xii.
1446 2265 1517 2291 182.
1533 2261 1678 2293 collatus:
1698 2273 1740 2294 ne

1008 2315 1042 2344 in
1057 2314 1223 2344 manifesta
1237 2324 1270 2344 re
1282 2314 1386 2353 plures
1399 2320 1493 2344 testes
1505 2313 1646 2344 excitem.
1677 2313 1744 2345 His

1011 2372 1117 2397 autem
1132 2367 1297 2403 concessis,
1309 2365 1549 2396 incommodum
1563 2375 1663 2404 supra
1672 2376 1743 2397 me-

1011 2426 1169 2449 moratum
1184 2430 1248 2449 non
1263 2419 1371 2449 minus
1385 2419 1500 2458 premit
1514 2424 1545 2448 et
1556 2418 1743 2458 insequitur,

1012 2481 1222 2512 permagnum
1245 2481 1337 2509 sane3
1359 2477 1423 2500 tam
1450 2471 1598 2510 beryllum
1622 2469 1742 2509 utique,

1012 2532 1110 2563 quam
1124 2524 1300 2560 caeruleum,
1329 2522 1448 2552 colores
1472 2520 1623 2558 indicare,
1650 2519 1745 2549 nimis

1013 2574 1121 2604 affines
1135 2576 1231 2605 viridi
1244 2584 1301 2613 pro
1315 2574 1375 2604 loci
1392 2574 1592 2613 proprietate,
1609 2578 1641 2603 et
1654 2581 1744 2610 aper-

1013 2631 1045 2656 to
1060 2625 1216 2665 scriptoris
1238 2635 1338 2664 scopo.
1384 2625 1458 2655 Hoc
1482 2622 1600 2654 interea
1627 2621 1737 2651 lectori

1011 2683 1117 2708 nostro
1132 2678 1250 2718 paucis,
1278 2683 1315 2708 ut
1329 2687 1457 2718 aequum
1472 2682 1527 2712 est,
1548 2673 1740 2714 probabitur,

1011 2729 1182 2769 Eleganter
1196 2729 1303 2766 Silius,
1320 2729 1359 2759 iv.
1376 2732 1425 2758 82.
1443 2734 1473 2757 et
1484 2725 1631 2766 apposite,
1646 2734 1742 2765 quem

1013 2781 1047 2810 in
1061 2787 1241 2812 transcursu
1255 2781 1414 2811 dimittam
1428 2776 1596 2809 leviuscule
1612 2775 1742 2816 castiga-

1013 2837 1099 2862 tum:
1125 2842 1234 2863 versus
1259 2832 1345 2862 enim
1373 2829 1461 2867 alios,
1488 2827 1576 2858 tenui
1602 2827 1742 2858 oratione

1014 2884 1225 2924 decurrentes,
1252 2894 1316 2916 non
1339 2888 1455 2915 temere
1469 2879 1602 2921 reperies
1617 2879 1747 2921 felicius

1015 2936 1179 2976 expolitos:
