1894 3253
653 284 889 332 LIBER
944 280 1253 330 PRIMUS.

1615 287 1704 328 169

406 417 638 468 Postremo,
661 426 756 458 ante
776 417 916 458 oculos
937 432 999 457 res
1021 430 1107 457 rem
1129 415 1248 456 finire
1268 413 1444 455 videtur:

348 493 435 534 Azr
455 493 638 548 dissaepit
659 492 808 542 colleis,
832 500 954 547 atque
975 493 1069 532 aera
1092 499 1270 540 montes3

349 567 484 609 Terra
505 583 632 617 marc,
656 576 696 607 et
717 575 861 607 contra
883 580 996 606 marc
1016 573 1146 606 terras
1167 565 1359 606 terminat
1381 563 1553 604 omneis:

208 646 316 682 1000
349 641 488 683 Omne
509 641 676 696 quidem
697 656 794 681 vero
815 640 918 680 nihil
938 648 997 680 est
1018 640 1131 695 quod
1151 639 1270 680 finiat
1291 649 1420 680 extra.

348 715 423 756 Est
443 716 569 771 igitur
590 723 739 755 natura
759 715 852 765 loci,
876 714 1136 770 spatiumque
1154 713 1365 769 profundi,
1399 735 1402 737 Α

345 789 473 838 Quod
496 804 628 844 neque
648 788 758 829 clara
778 804 851 829 suo
872 804 1115 843 percurrere
1135 788 1309 829 flumina
1329 803 1452 829 cursu

347 863 556 919 Perpetuo
574 864 733 918 possint
753 864 829 904 aevi
850 863 1030 904 labentia
1051 871 1208 913 tractu5

202 1041 249 1062 res
264 1029 456 1066 exhibentes,
470 1028 530 1059 fide
540 1029 693 1060 librorum
705 1030 801 1060 MSS.
815 1030 935 1069 puden-

203 1087 251 1112 ter
266 1091 378 1121 parum
393 1080 577 1120 posthabita.

249 1132 324 1163 Ver.
356 1136 426 1164 998.
461 1134 614 1171 dissaepz't:
652 1139 693 1162 Π.
719 1134 862 1173 ιΙι“εεε])ι”ι,·
899 1133 935 1163 B.

205 1185 358 1224 dt'scepsit¹
375 1183 401 1213 si
417 1182 556 1213 collatori
572 1183 612 1213 sit
626 1183 830 1222 credendum,
853 1184 937 1224 quod

204 1245 288 1276 aegre
304 1235 468 1265 affirmem.

204 1287 297 1316 Forte
313 1284 512 1315 scribendum
532 1290 590 1314 est:

265 1369 320 1395 Δὲι·
331 1369 438 1401 diss-epit
449 1368 546 1399 uubeis,
558 1372 640 1399 atque
651 1368 713 1393 a'era
725 1369 811 1393 nubes.

702 1418 751 1447 BE
759 1427 896 1448 NTLmu
904 1428 931 1448 s:

202 1493 317 1535 quibus
332 1492 579 1523 divinationibus
602 1504 718 1533 paucos
742 1494 868 1524 habebit
890 1495 938 1525 vir

203 1555 350 1575 summus
364 1545 578 1574 assentientes.

249 1597 322 1626 Ver.
343 1600 433 1627 1000.
457 1608 535 1632 vero,
559 1598 646 1626 abest
672 1599 869 1638 IL—finiat:
897 1604 938 1628 Π.

192 1650 346 1690 finiatur.

247 1700 434 1730 Vei-,1002
457 1701 619 1741 flamina:
649 1699 689 1730 V.
713 1700 760 1730 ed.
783 1703 938 1741 flumz'1ze;

203 1751 241 1783 L.
263 1753 401 1788 lamiacu-
428 1751 646 1792 n.fulmine;
674 1752 713 1782 G.
730 1757 764 1783 Σ.
781 1752 938 1792 fulmina,

204 1805 252 1834 uti
268 1815 342 1834 sane
357 1803 474 1842 passim
489 1805 617 1833 turbant
633 1803 755 1833 codices
771 1804 804 1833 in
820 1804 869 1834 his
884 1815 937 1834 vo-

205 1855 340 1891 cabulis;
365 1860 407 1892 et,
438 1865 539 1894 quum
569 1860 654 1884 totus
683 1855 832 1884 orationis
858 1855 943 1886 color

208 1906 357 1946 utrinque
387 1906 565 1944 conveniat,
605 1917 688 1946 aegre
718 1906 845 1945 dixeris,
872 1913 943 1938 utra

208 1956 300 1987 lectio
316 1957 378 1987 utri
400 1957 441 1986 sit
463 1958 520 1986 hac
547 1957 708 1987 occasione
731 1958 935 1997 praeferenda:

196 2008 339 2048 fulmina
354 2008 439 2037 enim
451 2008 596 2039 habuerit
607 2009 789 2039 viridiorem
800 2010 939 2041 intellec-

208 2066 289 2098 tum,
306 2066 337 2089 et
351 2061 450 2099 po'e‘tae
466 2068 607 2091 mentem
618 2061 826 2093 similitudine
835 2063 939 2103 signa-

208 2111 281 2141 tiori
311 2112 469 2142 efficacius
498 2112 694 2151 depinxerit3
727 2114 781 2144 sed
798 2117 942 2155 flumina

206 2163 388 2193 facilitatem
413 2163 573 2204 quandam
600 2165 825 2196 Lucretianam
849 2173 942 2208 atque

209 2215 442 2255 simplicitatem
468 2217 602 2247 minime
625 2219 805 2249 accersitam
822 2231 887 2259 prae
911 2231 942 2250 se

209 2268 280 2305 fert,
297 2268 430 2308 ideoque
446 2269 645 2300 retinendam
660 2271 818 2302 duximus.

214 2319 452 2350 Affirmavimus
485 2328 592 2352 autem
621 2323 759 2354 colorem
789 2326 941 2355 sermonis

210 2370 336 2410 utrique
358 2370 484 2401 lectioni
506 2375 725 2411 percommode
748 2386 940 2417 cong1·ue1·e;

210 2425 253 2458 et,
269 2420 294 2450 si
310 2421 382 2450 huic
397 2421 490 2452 latius
501 2423 687 2455 declarando
702 2426 869 2466 paullisper
880 2428 940 2457 im-

211 2482 384 2509 moremur,
395 2483 496 2514 neque
505 2476 717 2506 aberrabimus
727 2477 765 2508 de
775 2479 941 2517 proposito,

211 2528 244 2552 et
258 2523 391 2562 gratiam
406 2523 536 2555 sortasse
550 2525 662 2564 lepidis
677 2538 695 2557 a
705 2528 871 2559 lecioribus
882 2529 942 2559 iui-

211 2575 326 2605 bimus.
374 2575 479 2615 Igitur
494 2578 572 2607 bene
595 2580 679 2609 clara
695 2582 846 2621 flumina.
892 2582 943 2612 Ita

212 2627 344 2665 Seneca,
362 2627 488 2667 Thyest.
505 2631 577 2658 355.

367 2706 422 2729 Aut
437 2705 509 2729 unda
521 2707 614 2737 Tagus
623 2706 705 2731 aurea

366 2744 439 2768 claro
451 2745 561 2770 devehit
573 2745 665 2770 alveo:

209 2816 243 2841 et
258 2811 413 2850 Avienus,
433 2812 520 2844 Arat.
538 2813 639 2852 phaen.
659 2817 750 2844 1009.

345 2898 404 2924 heic
416 2907 500 2931 equus
511 2901 624 2931 eminet,
635 2901 749 2931 heicque
761 2901 881 2926 comanti

244 2939 355 2966 cervice
366 2941 478 2974 erigitur
489 2943 566 2970 οἶαι-α
577 2944 656 2970 dator
666 2943 838 2976 Hippot-reum.

983 1030 1050 1060 Nec
1065 1030 1173 1059 minus
1184 1029 1224 1059 de
1228 1030 1421 1069 fulminibus
1437 1028 1480 1058 sic
1496 1027 1604 1067 po'etae.
1628 1027 1710 1059 Nos-

981 1088 1039 1119 ter,
1055 1081 1094 1111 vi.
1110 1085 1160 1111 85.

1011 1143 1078 1165 Sunt
1089 1143 1275 1172 tempestates,
1287 1144 1314 1164 et
1317 1139 1436 1171 fulmina
1448 1139 1518 1163 clara
1531 1139 1668 1163 canenda:

982 1194 1017 1218 ut
1032 1189 1181 1219 Lucanus
1195 1188 1303 1225 etiam,
1320 1189 1429 1218 Phars.
1447 1199 1473 1218 V.
1489 1193 1561 1219 630.

1365 1262 1414 1280 nec
1417 1255 1531 1287 fulgura
1539 1258 1653 1279 currunt

1044 1296 1160 1320 Clara—.

983 1356 1171 1384 Per-currere
1187 1364 1259 1383 vero
1271 1355 1413 1395 flumina
1431 1353 1549 1393 optime
1566 1358 1597 1382 et
1612 1352 1716 1391 saepis-

981 1405 1060 1435 sime
1090 1405 1163 1444 dici,
1197 1405 1268 1446 quis
1297 1404 1450 1445 deneget?
1479 1404 1557 1435 adeo
1587 1410 1623 1434 ut
1653 1415 1718 1434 uno

982 1458 1097 1488 Avieni
1106 1457 1287 1488 testimonio
1299 1467 1350 1487 me
1362 1457 1540 1496 praestiterit
1551 1456 1717 1495 contineri,

981 1511 1045 1540 orb.
1062 1509 1142 1540 desc.
1163 1513 1254 1541 1271.

1028 1577 1146 1601 Plurima
1157 1582 1290 1609 praeterea
1299 1577 1573 1610 percurruutstumina
1585 1581 1686 1602 terram

1029 1618 1148 1648 Petssidis,
1164 1622 1190 1642 et
1203 1618 1300 1649 rigidas
1312 1622 1426 1642 curvant
1438 1618 1549 1641 labentia
1561 1618 1637 1648 ripas.

987 1679 1120 1718 Rigidas
1145 1677 1265 1717 utique,
1289 1677 1388 1718 rigide
1412 1683 1528 1707 stantes
1551 1678 1590 1706 ob
1610 1676 1717 1707 altitu-

986 1729 1106 1764 dinem,
1124 1728 1294 1758 fluminum
1310 1729 1472 1758 velocitate
1487 1729 1611 1759 factam.

986 1785 1109 1814 Rursus
1123 1795 1245 1814 currere
1262 1783 1404 1824 fulmina
1422 1783 1517 1813 modo
1534 1793 1591 1813 nos
1613 1784 1716 1813 Luca-

986 1846 1046 1865 nus
1061 1836 1179 1873 docuit,
1206 1841 1236 1864 et
1258 1846 1332 1864 cum
1355 1835 1464 1864 multis
1479 1834 1548 1864 aliis
1566 1834 1720 1875 Virgilius

986 1887 1119 1924 docebit,
1139 1888 1213 1917 AEn.
1231 1886 1292 1916 viii.
1309 1891 1383 1918 592.

1275 1954 1370 1978 tonitru
1383 1961 1446 1978 cum
1459 1958 1539 1985 rupta
1551 1961 1673 1984 corusco,

1048 1995 1130 2026 ignea
1141 1994 1209 2017 rima
1220 1994 1322 2017 micans
1330 1993 1458 2025 percurrit
1469 1993 1571 2018 lumine
1581 1994 1695 2018 nimbos.

1028 2055 1103 2084 Ver.
1123 2057 1213 2084 1005.
1233 2055 1366 2093 possint:
1395 2053 1431 2083 P.
1449 2053 1490 2082 V.
1516 2052 1562 2083 ed.
1590 2060 1630 2083 Π.
1647 2064 1719 2092 pos-

986 2112 1066 2136 sunt.

1032 2156 1112 2186 Ibid.
1133 2157 1282 2186 labentia.

986 2209 1188 2248 scriptoribus
1203 2208 1242 2238 de
1253 2209 1444 2249 fluminibus
1460 2207 1613 2245 usurpari,
1631 2207 1719 2236 odio-

986 2272 1039 2291 sus
1055 2271 1167 2299 essem,
1184 2261 1209 2290 si
1224 2270 1388 2300 pergerem
1404 2259 1553 2297 exemplis
1568 2269 1716 2289 asserere:

985 2313 1091 2343 locum
1106 2319 1212 2342 tamen
1231 2311 1414 2349 Claudiani,
1446 2316 1482 2340 ut
1504 2310 1619 2340 rectius
1644 2320 1719 2340 con-

1369 2364 1502 2403 Legitur
1516 2363 1550 2392 in
1568 2361 1677 2392 Rufin.
1699 2362 1720 2393 i.

1329 2156 1426 2185 Hanc
1448 2166 1556 2185 vocem
1584 2155 1720 2195 antiquis

985 2366 1142 2403 sumatur,
1159 2365 1323 2404 proferam.

987 2420 1058 2446 214.

1018 2468 1065 2493 Hic
1076 2472 1166 2492 cantus
1177 2468 1285 2498 avium,
1297 2471 1320 2492 et
1331 2467 1436 2492 labentis
1448 2473 1589 2491 murmura
1601 2465 1670 2490 rivi.

988 2519 1098 2559 Vulgo
1114 2519 1272 2550 scribitur:

1018 2579 1067 2603 Hic
1078 2579 1174 2603 avium
1185 2581 1284 2607 cantus,
1297 2578 1410 2603 labentis
1421 2584 1562 2601 murmura
1573 2576 1632 2600 rivi.

988 2630 1068 2665 Quae
1098 2639 1192 2658 nemo
1221 2628 1331 2658 toleret
1357 2626 1532 2664 venustior3
1563 2632 1603 2662 et,
1633 2626 1719 2667 quod

986 2682 1141 2717 dedimus,
1159 2680 1377 2719 reponendum
1392 2686 1438 2709 est
1446 2679 1494 2709 vel
1504 2679 1609 2709 invitis
1619 2679 1717 2719 libris,

987 2740 1017 2763 et
1047 2739 1176 2763 centum
1207 2732 1313 2762 scribis
1343 2732 1602 2771 obstrepentibus.
1649 2732 1718 2761 Nec

988 2796 1052 2815 uon
1078 2795 1183 2814 versus
1213 2783 1367 2823 quosdam
1399 2783 1516 2814 Alcimi
1550 2784 1649 2821 Aviti,
1674 2784 1715 2814 iv,

989 2839 1060 2866 559.
1083 2835 1161 2865 utile
1176 2835 1270 2864 fuerit
1285 2835 1472 2872 admovisse;
1496 2846 1596 2875 quum
1611 2834 1715 2864 videa-

987 2894 1039 2917 tur
1054 2898 1091 2917 ex
1104 2887 1279 2917 imitatione
1288 2887 1427 2918 Lucretii
1438 2898 1611 2927 expressus,
1624 2892 1716 2926 atque

987 2939 1064 2970 adeo
1080 2946 1219 2971 nostram
1232 2939 1400 2971 lectionem
1414 2946 1552 2978 tueatur,
1569 2939 1668 2969 locus:

941 2999 1017 3029 Me
