1894 3253
195 244 287 283 288
690 238 751 283 T.
807 236 1187 284 LUCRETII

339 369 455 426 Ergo
476 367 591 408 finita
613 367 766 408 distant
786 368 946 409 ratione
966 377 1116 410 creata:

339 443 524 497 Ancipiti
546 443 742 498 quoniam
762 444 952 484 mucroni
973 444 1179 498 utrimque
1199 450 1396 484 notantur
1403 461 1415 492 ;

223 523 306 559 520
339 517 456 558 Hinc
475 517 666 567 flammis,
700 517 809 558 illinc
830 517 973 574 rigidis
993 519 1146 559 insessa
1164 518 1334 573 pruinis.

397 591 525 640 Quod
546 592 742 647 quoniam
763 592 901 641 docui,
934 607 1106 649 pergam
1127 600 1373 633 connectere
1392 606 1496 642 rem,
1526 606 1632 647 quae,

338 666 407 707 Ex
426 665 506 707 hoc
527 673 637 720 apta,
672 665 798 706 fidem
818 665 958 707 ducat:
993 667 1221 721 primordia
1242 681 1395 716 rerum,

340 740 456 781 Inter
476 755 517 780 se
538 739 657 780 simih'
679 755 771 795 quae
793 750 888 782 sunt
909 739 1089 795 perfecta
1108 740 1258 797 figma,

338 814 509 855 Infinita
530 814 678 855 cluere:
716 823 756 854 et
778 815 903 864 enim,
940 815 1133 856 distantia
1152 830 1279 870 quom
1301 815 1352 855 sit

221 893 302 930 5‘25
336 888 582 929 Formarum
604 887 736 937 finita,
773 903 936 929 necesse
957 896 1031 939 est,
1066 903 1160 944 quae
1183 888 1331 929 similes
1352 888 1447 938 sint,

195 1055 288 1085 lectio
304 1062 347 1085 est
364 1054 452 1087 codd.
470 1055 509 1084 V.
526 1054 577 1084 ed.
597 1055 633 1084 B.
650 1053 687 1084 L.
706 1054 752 1084 M.
772 1054 812 1084 O.
833 1060 867 1084 Δ.
885 1061 925 1085 Π.

195 1111 231 1137 Σ.
250 1113 294 1137 Ω.
311 1107 424 1147 quibus
448 1106 713 1137 consentientibus
727 1105 814 1135 haud
829 1106 925 1135 obsis-

195 1158 329 1188 tendum
345 1168 410 1187 esse
432 1157 600 1187 arbitratus
615 1167 699 1186 sum:
727 1157 801 1187 editi
817 1157 925 1197 vulga-

194 1219 254 1246 reS‚
278 1216 314 1238 ut
330 1209 427 1238 Vind.
445 1209 481 1238 P.
498 1208 646 1238 exhibent
660 1215 838 1248 utrumque;
864 1210 925 1238 for-

197 1260 318 1290 mulam
334 1261 499 1297 tritiorem,
523 1266 565 1296 et,
582 1260 628 1289 uti
645 1266 765 1298 putem,
781 1260 820 1289 ad
833 1260 924 1289 libra-

195 1311 313 1341 riorum
340 1318 467 1350 captum
494 1311 703 1349 importatam.
753 1311 924 1347 Nimirum,

196 1362 306 1402 religio
329 1363 409 1392 mihi
435 1362 495 1391 fuit
517 1364 771 1392 membranarum
786 1362 925 1392 testimo-

198 1414 288 1443 nium
311 1414 543 1452 opinationibus
567 1414 644 1442 meis
666 1413 927 1452 conjecturalibus

198 1468 391 1506 posthabere,
404 1466 545 1506 quamvis
558 1476 622 1495 non
635 1467 836 1505 ambigerem,
853 1477 926 1496 acu-

199 1529 272 1547 men
289 1528 396 1547 meum
409 1516 595 1555 ipsissimam
609 1517 707 1555 po'etae
723 1527 854 1546 manum
865 1517 926 1547 dis-

198 1570 334 1600 crerisse.
380 1569 445 1599 En!
472 1579 541 1598 eam
557 1569 630 1598 tibi:

259 1651 334 1675 Inter
344 1650 453 1682 ulmique
461 1651 551 1680 jacent
561 1658 567 1674 ι

197 1727 217 1757 i.
245 1738 270 1756 e.
298 1726 489 1766 interjacent
513 1737 547 1756 er
573 1724 704 1766 utraque
725 1732 830 1765 ])ανιυ;
859 1736 928 1765 quae

197 1779 293 1819 longe
308 1779 511 1809 usitatissima
526 1785 570 1808 est
587 1778 704 1817 ellipsis
716 1778 833 1818 lingua·¹
849 1779 926 1808 utri-

200 1840 299 1870 usque
330 1831 544 1869 scriptoribus;
578 1831 631 1860 sed
659 1831 770 1861 raritas
799 1831 929 1871 hujusce

198 1881 344 1911 formulae
360 1881 492 1911 librariis
507 1882 664 1921 imposuit.
709 1882 928 1921 Locupletissi-

199 1943 288 1963 mum
305 1940 350 1963 est
365 1933 398 1962 in
415 1934 495 1963 hanc
510 1944 576 1963 rem
593 1933 701 1969 Nonii,
725 1933 756 1963 ii.
774 1938 844 1963 882.
869 1940 928 1963 tes-

199 1985 386 2015 timonium:
413 1989 435 2003 ‘⁶
455 1985 608 2025 Uti-aqum
635 1996 691 2024 pro
707 1985 864 2025 utrinque,
881 1986 929 2015 vel

200 2040 223 2054 ‘⁶
239 2042 380 2075 utroque.
425 2036 580 2072 Hemina,
603 2036 708 2065 histor.
732 2036 784 2065 lib.
803 2037 841 2066 iv.
887 2037 927 2066 In

200 2091 221 2105 “
240 2086 397 2125 Hispania
413 2093 589 2127 pugnatum
601 2086 662 2124 bis;
687 2087 816 2127 uti-cique
832 2089 928 2117 nostri

201 2141 223 2155 “
240 2137 307 2167 loco
320 2137 431 2167 moti.''
478 2138 558 2172 Quae
570 2144 742 2177 sequuntur
757 2138 789 2166 in
805 2138 864 2167 isto
879 2149 926 2168 ar-

200 2188 306 2224 ticulo,
329 2194 403 2218 sunt
425 2188 672 2227 corruptissima;
694 2199 810 2218 nomen
833 2189 927 2228 scrip-

201 2240 277 2270 toris
307 2240 471 2280 cujusdam
499 2241 701 2278 continentia,
740 2247 771 2270 et
799 2241 929 2280 hujusce

204 2292 348 2323 dictionis
363 2292 448 2322 aliud
460 2292 647 2331 exemplum.
679 2292 812 2322 Fallitur
824 2298 928 2321 tamen

202 2345 429 2385 grammaticus
451 2345 484 2373 in
509 2344 657 2374 Heminae
680 2344 764 2374 loco:
790 2354 862 2373 nam
885 2343 927 2373 ibi

200 2406 260 2426 vox
276 2394 407 2436 utrt'z'que
429 2395 468 2425 ad
485 2395 551 2435 ejus
573 2395 766 2435 propositum
781 2395 859 2424 nihil
881 2395 927 2425 fa-

200 2450 254 2487 cit,
279 2459 337 2479 nec
352 2449 459 2479 referri
476 2449 567 2479 debet
589 2449 629 2479 ad
651 2449 818 2479 dictionem
839 2456 929 2488 parte

201 2501 461 2537 subintellectam,
496 2501 550 2530 sed
579 2501 619 2530 ad
642 2499 764 2540 pugm'i,
797 2511 866 2540 quae
895 2500 928 2529 in

200 2554 295 2582 verbo
309 2553 401 2582 tacite
423 2551 712 2591 comprehcnditur3
736 2551 775 2581 de
797 2562 859 2591 quo
881 2561 928 2581 re-

202 2604 275 2634 deas
290 2604 330 2634 ad
342 2605 363 2634 i.
384 2608 458 2634 545.
484 2610 514 2634 et
529 2604 570 2633 ibi
587 2608 804 2634 commentata.
849 2603 930 2633 IIaec

204 2661 310 2684 autem
325 2655 461 2685 formula
483 2666 520 2685 ex
546 2655 641 2685 unius
667 2654 781 2684 codicis
797 2655 929 2684 auctori-

204 2711 266 2735 tate
293 2706 367 2742 sola,
392 2708 431 2736 ob
457 2712 639 2745 perpetuam
664 2705 835 2735 scribarum
861 2715 929 2743 pro-

205 2758 389 2795 pensionem
415 2759 448 2788 in
477 2759 631 2788 rariorum
657 2768 731 2788 cum
759 2757 931 2787 trivialibus

206 2809 478 2846 commutationes,
494 2810 624 2839 omnino
638 2809 764 2839 Maroni
776 2809 929 2839 redonan-

207 2859 249 2888 ‹la
263 2865 319 2896 est,
345 2860 419 2889 [En.
435 2871 460 2890 ν.
478 2865 547 2892 469.
565 2861 618 2892 ubi
634 2861 749 2901 legitur
761 2868 884 2902 utroque
897 2876 905 2892 ,-

270 2933 478 2963 Jactantemque
488 2934 595 2966 uinique
605 2941 726 2967 caput—.

971 1053 1123 1084 Fortassis
1138 1053 1233 1083 etiam
1256 1054 1339 1083 calor
1355 1058 1386 1082 et
1389 1053 1511 1094 frigus,
1535 1063 1592 1092 pro
1613 1055 1697 1084 zonis

968 1105 1076 1135 calidis
1097 1105 1295 1145 frigidisque,
1318 1111 1398 1135 stare
1422 1111 1584 1144 poterunt:
1615 1105 1699 1146 quod

970 1158 995 1187 si
1010 1157 1111 1192 liceat,
1137 1171 1169 1187 -το
1193 1163 1336 1196 utrasque
1360 1156 1526 1186 stationem
1542 1167 1632 1187 suam
1646 1167 1698 1186 va-

971 1209 1122 1240 lidissime
1143 1209 1291 1239 tuebitur.
1336 1209 1521 1239 Videndum
1544 1215 1590 1239 est
1611 1209 1699 1240 insu-

969 1271 1033 1299 per,
1057 1271 1096 1290 an
1113 1270 1176 1290 non
1193 1260 1241 1290 vel
1257 1263 1333 1297 vias,
1350 1260 1395 1290 vel
1407 1256 1523 1300 pdrtes,
1546 1260 1630 1291 haud
1647 1271 1698 1291 va-

970 1311 1090 1340 lecimus
1100 1310 1240 1350 legitime
1255 1311 1496 1351 subintelligere.
1543 1311 1630 1347 Quid
1644 1313 1699 1341 ob-

972 1368 1043 1399 stet,
1082 1372 1141 1401 ego
1170 1361 1299 1401 quidem
1325 1361 1404 1390 nihil
1433 1362 1536 1392 video:
1573 1362 1702 1392 lectores

972 1413 1066 1442 velim
1085 1413 1238 1452 judicent.
1273 1413 1382 1450 Porro,
1405 1423 1461 1452 pro
1482 1424 1641 1451 summam,
1663 1413 1699 1444 L.

970 1476 1099 1495 summa.

1015 1516 1090 1545 Ver.
1108 1519 1179 1546 518.
1203 1518 1318 1546 distant
1335 1523 1455 1546 creata:
1482 1517 1501 1547 i.
1518 1528 1543 1547 e.
1568 1521 1589 1536 “
1605 1518 1637 1547 hi
1654 1524 1699 1548 te-

972 1571 995 1585 “
1011 1577 1100 1607 pores
1130 1567 1225 1597 medii
1250 1568 1294 1597 ita.
1322 1574 1476 1605 creantur,
1507 1575 1572 1599 tam
1601 1571 1699 1607 verni,

972 1622 994 1636 “
1011 1629 1104 1659 quam
1121 1619 1330 1655 autumnales,
1354 1625 1390 1649 ut
1412 1630 1448 1649 ex
1472 1621 1568 1661 aequis
1582 1621 1699 1652 distan-

973 1673 995 1687 “
1011 1670 1062 1699 tiis
1088 1670 1187 1710 frigus
1212 1671 1302 1706 inter,
1326 1677 1357 1700 et
1383 1671 1531 1710 calorem,
1553 1673 1700 1714 utrinque

973 1725 995 1740 “
1007 1722 1164 1762 jaceant.”
1210 1722 1293 1752 Tam
1308 1723 1398 1753 certis
1417 1723 1534 1754 scilicet
1547 1724 1702 1755 limitibus

973 1774 1125 1804 universae
1155 1774 1249 1804 totius
1272 1780 1392 1804 naturae
1418 1780 1519 1814 partes
1544 1775 1699 1806 distermi-

973 1832 1101 1864 nantur,
1125 1836 1160 1855 ac
1175 1826 1344 1856 vallantur!

1017 1878 1088 1908 Ver.
1116 1882 1188 1909 519.
1214 1880 1373 1918 Ancipiti:
1408 1878 1505 1910 Vind.
1529 1881 1701 1920 Ancipi.—

972 1932 1125 1960 vnum-oni:
1152 1930 1191 1960 P.
1209 1930 1245 1960 L.
1267 1941 1419 1966 mucrone
1443 1930 1498 1960 sed
1520 1931 1554 1960 in
1569 1934 1583 1961 ἰ
1598 1931 1702 1970 saepis-

975 1982 1054 2011 sime
1069 1982 1153 2020 apud
1169 1982 1353 2012 Lucretium
1375 1982 1453 2012 sexti
1468 1993 1557 2012 casus
1571 1983 1701 2023 hujusce

972 2032 1188 2062 declinationis
1210 2033 1428 2070 terminantur,
1451 2041 1483 2064 et
1503 2035 1536 2064 in
1559 2034 1702 2064 hocloco

972 2084 1020 2114 vel
1049 2095 1138 2114 casus
1163 2085 1272 2114 tertius
1301 2085 1451 2125 legitimae
1479 2085 1701 2116 constructioni

972 2147 1035 2167 non
1048 2139 1248 2177 repugnabit:
1268 2138 1399 2178 ideoque
1408 2139 1496 2168 nolui
1507 2140 1625 2170 caeteris
1634 2140 1699 2170 edi·

972 2190 1092 2219 toribus
1121 2200 1241 2219 morem
1267 2200 1359 2228 prave
1388 2201 1505 2230 gerere,
1538 2192 1700 2223 scribendo

973 2252 1114 2272 mucrone
1130 2249 1238 2271 contra
1257 2241 1406 2271 librorum
1431 2243 1570 2282 plurium
1592 2250 1698 2274 aucto-

973 2292 1316 2332 ritatem.-—utrimque:
1341 2293 1439 2323 Vind.
1465 2300 1499 2324 Δ.
1517 2301 1557 2325 Π.
1580 2301 1700 2326 utrum-

971 2355 1044 2383 qzce;
1070 2344 1112 2373 sic
1137 2350 1171 2374 ut
1196 2345 1374 2375 aberratum
1397 2352 1443 2375 est
1468 2346 1563 2376 etiam
1578 2346 1619 2377 ad
1634 2357 1698 2378 ver.

974 2400 1252 2428 515.—notcmtur:
1280 2405 1320 2428 Π.
1340 2405 1495 2431 vocantur.

1017 2448 1098 2478 Ibid.
1119 2451 1260 2480 mucroni
1274 2456 1433 2481 notantur:
1453 2451 1478 2490 j.
1495 2461 1520 2481 e.
1549 2456 1568 2469 “
1583 2458 1699 2491 puncto

975 2503 996 2517 “
1012 2500 1094 2530 facto
1109 2500 1313 2540 designantur
1335 2507 1427 2543 atque
1449 2502 1641 2533 finiuntur:''
1663 2509 1700 2533 ut

974 2551 1064 2582 docta
1087 2553 1126 2582 sit
1140 2553 1301 2583 translatio
1321 2564 1360 2583 ex
1386 2554 1644 2594 geometricarmn
1660 2553 1697 2584 li-

974 2613 1105 2633 nearum
1115 2604 1148 2633 in
1164 2604 1325 2643 superficie
1339 2604 1460 2635 tabellae
1474 2604 1686 2644 descriptione.

1018 2665 1092 2695 Ver.
1113 2668 1184 2696 520.
1215 2667 1342 2696 insessa:
1378 2665 1422 2696 sic
1446 2671 1479 2698 Σ.
1500 2671 1537 2695 ut
1561 2665 1698 2705 plerique

974 2716 1125 2753 editores;
1149 2723 1180 2746 et
1194 2716 1280 2746 haud
1294 2716 1388 2746 dubie
1401 2717 1444 2747 sic
1458 2716 1548 2755 po'e'ta
1560 2715 1694 2754 scripsit:

975 2770 1088 2810 insessa
1105 2768 1188 2804 dant,
1212 2779 1285 2798 cum
1299 2767 1430 2798 minima
1457 2766 1583 2807 quidem
1597 2767 1696 2798 varie-

974 2828 1045 2857 tate,
1064 2822 1158 2851 Vind.
1175 2822 1213 2851 Β.
1235 2822 1272 2851 L.
1297 2822 1344 2851 M
1372 2820 1418 2853 O:
1442 2825 1476 2849 Δ.
1501 2826 1542 2849 Π.
1566 2820 1696 2860 infimsa,

975 2874 1016 2903 V.
1033 2873 1079 2903 ed.
1098 2874 1133 2903 P.
1146 2876 1278 2909 intensa,
1303 2879 1346 2902 Ω.
1358 2873 1483 2908 obsessa,
1496 2871 1616 2902 codices
1627 2872 1696 2909 Pii;

976 2924 1060 2964 quod
1074 2924 1184 2954 eodem
1206 2933 1280 2954 curn
1303 2921 1429 2962 vulgata
1453 2922 1585 2953 lectione
1609 2923 1696 2953 redit,
