1894 3253
625 270 859 320 LIBER
903 267 1211 318 PRIMUS.

1585 273 1672 318 187

304 407 443 457 Posse,
465 406 542 447 nisi
563 421 588 446 a
607 406 725 446 terris
745 403 955 459 paullatim
977 401 1155 458 quoique
1175 399 1357 441 cibatum

301 481 433 523 Terra
453 481 538 522 det:
571 489 613 522 at
633 495 757 535 supra
777 479 932 520 circum
953 485 1091 534 tegere
1111 476 1253 517 omnia
1272 474 1442 524 coelum;

159 560 264 597 1095
299 556 378 606 Ne,
402 555 554 597 volucri
577 555 657 596 ritu
678 554 956 601 flammarum,
979 550 1135 591 moenia
1154 548 1302 591 mundi

153 713 233 742 hanc
259 712 440 742 varietatem
466 711 534 741 loco
549 710 690 751 Virgilii,
714 710 747 740 in
773 719 841 751 geo.
864 708 886 738 i.

151 767 224 795 427.
247 764 399 804 impulsos
411 774 488 794 esse:

174 827 251 850 Luna
262 825 420 851 revertentis
432 832 517 857 quum
529 824 648 857 primum
661 824 761 856 conligit
773 823 847 856 ignis.

192 886 265 916 Ver.
286 890 377 918 1091.
402 886 554 926 Spurium
569 897 634 916 esse
653 887 739 915 hunc
755 894 881 914 versum

146 938 335 976 pronunciat
350 938 527 975 Bentleius;
550 948 609 968 nec
635 937 722 968 libris
743 935 881 976 antiquis

147 990 339 1029 agnoscitur,
356 990 380 1019 si
397 989 531 1029 excipias
547 990 583 1020 L.
597 994 629 1019 et
645 993 681 1019 Δ.
693 988 732 1019 de
744 998 881 1028 quorum

145 1040 249 1079 priore
263 1042 464 1071 vehementer
478 1040 600 1078 dubito,
624 1051 665 1070 an
681 1039 813 1070 fideliter
833 1050 881 1069 re-

146 1092 379 1130 nunciaverint;
407 1092 539 1133 ideoque
568 1092 715 1122 cancellis
744 1091 880 1121 uncino-

147 1154 219 1174 rum
235 1144 506 1183 circumscriptum
521 1143 616 1174 volui.
640 1143 724 1174 Mihi
740 1143 878 1184 quidem,

145 1195 288 1236 quamvis
313 1196 453 1226 oratione
480 1196 530 1225 vix
557 1195 632 1225 satis
657 1194 799 1233 simplice
822 1204 879 1233 pro

146 1247 286 1278 Lucretii
297 1247 427 1288 ingenio
438 1246 593 1277 sententia
603 1245 801 1282 enuncietur,
815 1255 879 1274 non

146 1300 277 1330 omnino
293 1300 416 1331 videtur
431 1302 530 1334 νορειας
546 1298 762 1339 postulandus.
813 1298 877 1327 Ac-

144 1351 226 1391 cipio
241 1362 326 1389 sane,
352 1362 445 1383 sensu
461 1351 546 1381 haud
560 1350 772 1386 incommodo,
789 1349 878 1391 quasi

143 1403 256 1434 dixerit
270 1404 372 1443 po'eta,
400 1409 625 1445 argumentum
650 1405 688 1433 ab
708 1403 878 1433 adversarii

141 1455 292 1488 doctrinis
306 1458 338 1488 in
354 1468 430 1488 eum
444 1464 640 1498 retorquens:
669 1461 691 1475 ‘⁶
709 1458 792 1494 Imo,
812 1469 877 1488 non

143 1512 165 1527 “
179 1508 308 1539 flamma
321 1509 522 1540 solummodo
538 1515 683 1540 centrum
699 1509 791 1550 fugit,
823 1509 877 1540 sed

142 1563 166 1579 “
183 1561 279 1590 etiam
293 1566 416 1591 terrena
430 1561 494 1597 illa,
518 1561 632 1601 quibus
647 1561 793 1591 homines
807 1571 876 1591 ves-

144 1615 166 1630 ‘⁶
182 1618 308 1648 cuntur,
335 1623 401 1643 non
418 1618 553 1653 vergunt
568 1613 695 1651 penitus
719 1612 759 1642 ad
775 1612 876 1643 medi-

144 1667 166 1682 “
182 1674 250 1702 um,
277 1664 321 1695 sic
346 1671 383 1695 ut
408 1670 476 1695 tute
491 1665 638 1704 posuisti;
663 1665 797 1705 ideoque
823 1670 878 1696 tua

143 1719 166 1735 “
182 1716 222 1747 de
248 1716 354 1747 medio
380 1717 526 1747 omnium
546 1716 684 1757 quodam
710 1717 875 1753 sententia,

143 1771 166 1787 “
182 1778 269 1798 mera
283 1768 414 1798 evaserit
428 1768 692 1808 philosophorum
715 1768 876 1799 somnian-

142 1821 166 1837 “
181 1819 264 1849 tium
279 1818 452 1849 deliratio.”

185 1870 266 1901 Ibid.
292 1872 434 1901 mortalia
465 1873 554 1902 secla.
601 1871 755 1902 Gemellae
785 1871 871 1902 locu-

141 1921 242 1952 tiones
271 1921 355 1960 apud
379 1926 527 1960 ,nostrum
565 1922 681 1961 passim
712 1922 872 1963 leguntur.

142 1973 325 2004 AEmulatus
350 1979 396 2003 est
413 1973 617 2010 Claudianus,
645 1974 680 2004 in
707 1974 814 2005 Rufin.
841 1975 872 2006 ii.

141 2028 213 2057 475.

201 2086 260 2110 Huc
272 2089 332 2117 post
342 2086 484 2110 emeritam
499 2085 617 2110 mortalia
628 2086 711 2110 secula
722 2086 808 2112 vitam

201 2125 371 2151 Deveniunt:

138 2188 169 2213 et
186 2183 321 2213 Serenus
338 2182 537 2221 Samonicus,
555 2193 615 2213 ver.
631 2186 704 2215 559.
720 2184 764 2214 sic
779 2185 870 2216 casti-

138 2234 275 2274 gandus:

167 2293 241 2316 Tam
252 2292 318 2316 varii
328 2300 402 2317 casus
414 2293 534 2317 mortalia
544 2293 609 2317 secla
620 2293 748 2326 fatigant,

171 2333 210 2355 Ut
221 2332 273 2355 sint
284 2332 392 2356 diversis
405 2333 525 2358 obnoxia
535 2340 649 2365 corpora
659 2334 759 2358 morbis
767 2342 775 2358 ε

169 2373 246 2401 Saepe
258 2371 359 2396 etenim
370 2372 455 2396 nimio
466 2379 545 2396 cursu
557 2372 617 2397 fluit
629 2373 746 2404 impetus
756 2373 810 2398 alvi
817 2384 825 2405 ;

168 2411 267 2435 Frenat
278 2411 432 2436 commixto
441 2418 513 2443 quem
523 2412 639 2442 fervens
649 2412 762 2437 brassica
771 2414 844 2438 vino.

140 2470 262 2510 Vulgo,
286 2481 379 2510 quum
391 2470 503 2510 fier-vet.

138 2521 251 2562 Neque
276 2521 396 2551 interea
418 2532 509 2552 suam
531 2522 596 2552 vim
618 2533 682 2553 non
697 2525 813 2554 habent
834 2524 868 2555 in

135 2573 285 2603 Lucretio
308 2583 398 2602 voces
420 2575 499 2603 vesci
514 2584 530 2603 e
555 2573 648 2603 terra.
694 2578 716 2592 “
731 2574 869 2606 Dicebas

136 2627 158 2642 “
175 2624 282 2661 modo,
313 2623 605 2654 manifestissimum
632 2635 698 2655 esse
724 2625 867 2658 flammas

135 2677 157 2693 “
173 2686 192 2704 a
205 2674 311 2705 medio
327 2675 464 2712 differri;
486 2686 550 2705 non
567 2676 653 2705 enim
667 2676 757 2707 aliter
772 2680 867 2709 aether

135 2729 158 2745 “
174 2726 273 2766 signis
294 2726 489 2767 pingeretur,
520 2737 620 2768 neque
643 2728 769 2758 haberet
794 2730 866 2760 solis

136 2782 158 2797 ‘⁴
173 2779 297 2820 globus,
315 2791 378 2821 quo
389 2781 469 2811 vesci
484 2786 599 2820 posset,
615 2787 646 2811 et
660 2781 764 2811 lucem
775 2793 865 2812 suam

135 2833 158 2847 “
173 2831 371 2862 continuare:
399 2839 430 2862 et
445 2843 504 2873 ego
519 2832 654 2862 vicissim
669 2843 793 2874 quoque
808 2833 866 2864 tibi

85 2883 89 2885 ’
136 2884 158 2898 “
173 2880 404 2922 demonstrabo,
426 2884 572 2914 homines
595 2884 689 2914 etiam
712 2885 750 2914 iis
771 2885 862 2923 vesci,

136 2935 157 2950 ‘⁴
173 2943 243 2972 quae
257 2933 295 2963 de
316 2935 421 2966 medio
442 2942 498 2968 tuo
518 2936 734 2968 sustolluntur.
782 2937 864 2967 Haec

135 2986 156 3001 “
172 2984 252 3014 nihil
268 2985 399 3017 valentss'

974 707 1049 737 Ver.
1068 710 1161 738 1092.
1184 707 1271 738 Nec.-
1299 712 1339 736 Π.
1357 706 1441 742 Hec‚·
1466 704 1513 735 uti
1529 715 1602 736 sane
1622 704 1662 735 li-

929 766 1005 791 terae
1023 759 1205 800 majusculae
1221 761 1264 790 N
1272 765 1303 790 et
1327 760 1365 790 H
1385 759 1417 789 in
1441 759 1526 790 libris
1547 760 1662 799 passim

931 812 1171 843 commutationi
1196 812 1368 853 subjacent,
1396 814 1436 842 ob
1465 813 1514 843 vel
1543 813 1660 844 levissi-

926 875 1012 895 mam
1041 865 1133 894 lineae
1164 864 1364 894 horizontalis
1400 864 1657 896 declinationem:

925 916 1010 956 qued
1029 921 1147 946 norunt
1167 926 1288 954 omnes,
1311 915 1366 956 qui
1389 917 1587 946 membranas
1608 927 1662 946 ve-

926 973 1023 997 tustas
1038 966 1136 998 oculis
1151 977 1352 1006 usurpavere:
1379 967 1451 998 vide
1471 978 1528 997 nos
1543 967 1583 997 ad
1598 978 1659 999 ver.

926 1023 998 1050 580.
1022 1020 1152 1061 hujusce
1170 1018 1470 1057 libri—Caeterum,
1494 1021 1578 1050 hunc
1602 1020 1660 1050 eti-

926 1081 978 1101 am
996 1082 1121 1101 versum
1137 1082 1211 1101 cum
1226 1078 1374 1112 sequente
1390 1072 1554 1102 Bentleius
1569 1072 1660 1103 obelo

925 1123 1063 1153 confodit
1070 1135 1080 1161 ;
1104 1123 1196 1162 cujus
1214 1122 1336 1163 judicio
1362 1122 1395 1152 in
1411 1124 1469 1153 hac
1490 1134 1524 1154 re
1547 1123 1659 1154 saltem

924 1174 1041 1204 invitus
1066 1174 1212 1214 equidem
1234 1175 1478 1214 subscripserim:
1517 1176 1659 1207 conferas

924 1231 1067 1255 nostrum
1083 1225 1142 1255 sibi
1157 1225 1197 1255 ad
1212 1225 1243 1255 ii.
1264 1228 1443 1257 187—196.

968 1276 1049 1307 Ibid.
1075 1276 1280 1317 frundescere
1315 1287 1425 1307 ramos.
1482 1277 1657 1316 Arnobius,

922 1329 974 1359 lib.
1001 1329 1020 1359 i.
1044 1339 1073 1368 p.
1096 1332 1125 1359 2.
1145 1329 1199 1359 im.
1238 1331 1261 1347 “
1281 1328 1513 1359 Commendata
1535 1330 1656 1361 semina.

923 1384 945 1400 ‘⁵
962 1380 1055 1411 tellus
1072 1387 1194 1411 recusat
1216 1381 1365 1421 accipere,
1388 1386 1443 1412 aut
1453 1381 1654 1422 frondescere

923 1435 945 1450 “
961 1434 1082 1463 arbores
1098 1431 1257 1463 nolunt?'’

969 1485 1043 1514 Ver.
1072 1488 1164 1516 1095.
1195 1486 1274 1516 nisi:
1313 1491 1358 1516 Ω.
1392 1489 1651 1528 nece—quoique.-

923 1537 960 1568 P.
984 1540 1140 1578 quodque;
1168 1539 1209 1568 V.
1226 1538 1276 1569 ed.
1294 1541 1392 1576 cz‘nes,·
1417 1542 1450 1570 in
1470 1550 1584 1579 nempe
1599 1551 1656 1580 pro

921 1591 967 1627 ui,
984 1589 1017 1619 in
1032 1589 1118 1630 quod
1132 1589 1306 1620 admodum
1321 1590 1455 1630 proclive
1470 1591 1576 1621 scribis
1590 1597 1657 1621 erat

921 1642 1072 1670 aberrare.

977 1691 1058 1722 Ibid.
1095 1693 1249 1723 cibatum.-
1296 1702 1387 1723 sucos
1428 1692 1554 1729 scilicet,
1600 1693 1654 1733 qui

920 1743 1052 1782 proinde
1074 1754 1093 1773 a
1114 1743 1221 1774 medio
1243 1742 1449 1781 differuntur3
1473 1751 1509 1774 ut
1531 1751 1562 1774 et
1578 1745 1653 1784 ipsae

920 1797 1054 1833 arbores,
1073 1806 1091 1825 a
1106 1795 1173 1826 solo
1188 1796 1221 1825 in
1236 1796 1308 1826 a'e'ra
1322 1795 1480 1826 salientes:
1507 1796 1577 1826 vide
1591 1807 1651 1827 ver.

924 1849 993 1877 188.

963 1897 1036 1927 Ver.
1062 1901 1153 1930 1094.
1184 1898 1283 1928 Deest
1307 1907 1414 1928 versus
1440 1898 1478 1928 P.
1497 1898 1593 1929 Vind.
1613 1899 1651 1930 V.

918 1948 966 1978 ed.
984 1948 1031 1979 M.
1060 1949 1100 1979 O.
1124 1954 1160 1980 Δ,
1178 1956 1219 1980 Π.
1241 1954 1276 1981 Σ.
1299 1950 1350 1980 cui
1375 1950 1536 1981 emissioni
1562 1961 1650 1981 occa-

916 2001 1038 2031 sionem
1054 2001 1175 2031 dedisse
1190 2002 1432 2032 existimaverim
1447 2003 1584 2032 rationes
1603 2009 1651 2033 to.

916 2052 978 2082 tius
992 2052 1052 2082 loci
1071 2063 1135 2083 non
1159 2052 1232 2083 satis
1247 2052 1366 2094 liquido
1388 2053 1495 2084 scribis
1518 2053 1650 2085 librariis

915 2110 1081 2143 perceptas.

967 2156 1048 2187 Ibid.
1086 2159 1202 2188 circam
1240 2164 1338 2198 tegere
1378 2160 1481 2188 omnia
1521 2160 1646 2195 caelum,-

913 2208 1031 2247 templo
1050 2218 1107 2238 suo
1123 2219 1248 2248 nempe,
1266 2208 1315 2239 vel
1330 2209 1485 2249 laqueari:
1510 2210 1580 2240 vide
1596 2221 1647 2240 su—

913 2271 980 2299 pra,
1015 2260 1055 2291 ad
1085 2271 1161 2291 verr.
1193 2263 1264 2292 987.
1301 2264 1390 2291 1015.
1438 2261 1582 2300 Ovidius,
1613 2263 1648 2292 in

913 2311 1021 2352 magni
1036 2311 1138 2350 operis
1154 2312 1296 2342 exordio:

912 2373 984 2397 Ante
995 2379 1081 2402 mare,
1093 2376 1120 2397 et
1132 2373 1220 2403 teum,
1232 2377 1270 2404 et,
1284 2374 1357 2405 quod
1368 2374 1427 2406 tegit
1438 2374 1533 2404 omnia,
1544 2374 1644 2398 coelum,

956 2422 1031 2452 Ver.
1063 2425 1153 2454 1095.
1178 2424 1247 2453 Ne:
1287 2423 1326 2453 G.
1355 2423 1391 2454 P.
1417 2430 1457 2454 Π.
1487 2430 1531 2454 Ω.
1567 2425 1644 2455 IVec.

913 2473 976 2503 Pro
1005 2475 1130 2509 volucri,
1161 2473 1286 2504 multae'
1297 2473 1450 2504 editiones
1474 2476 1643 2513 volucrum,

911 2531 1020 2555 contra
1036 2525 1131 2556 fidem
1146 2528 1403 2556 membranarum
1423 2531 1454 2556 et
1475 2526 1644 2556 vetustissi-

911 2586 1036 2607 morum
1054 2577 1134 2618 typis
1160 2587 1389 2617 expressorum,
1416 2577 1511 2616 longe
1537 2578 1643 2608 minus

1120 2629 1277 2668 Exempla
1303 2628 1480 2660 consimilia
1509 2630 1639 2660 transla-

910 2680 1003 2711 tionis
1026 2683 1064 2711 ab
1079 2681 1147 2720 ipsa
1167 2692 1201 2712 re
1216 2681 1256 2711 ad
1278 2680 1322 2710 rei
1337 2682 1517 2720 qualitatem
1540 2692 1640 2722 quan-

909 2732 993 2770 dam,
1025 2733 1073 2762 vel
1102 2734 1380 2771 circumstantiam,
1418 2733 1451 2762 in
1481 2733 1641 2774 quibusvis

908 2784 1030 2824 paginis
1059 2783 1236 2820 abundant;
1270 2784 1373 2825 neque
1401 2784 1488 2814 aliud
1516 2785 1640 2825 quidvis

908 2834 1019 2874 poetici
1035 2835 1187 2865 sermonis
1208 2835 1348 2866 indolem
1370 2846 1388 2866 a
1409 2835 1513 2866 soluto
1527 2836 1637 2868 discri-

907 2887 1008 2917 minat
1023 2886 1185 2918 efficacius.

952 2938 1031 2969 Ibid.
1054 2941 1186 2970 volucri:
1212 2941 1371 2972 avolando
1393 2950 1528 2980 nempe3
1551 2939 1634 2970 unde

907 2989 1075 3031 Virgilius-3,
1092 2991 1167 3022 AEn.
1183 3001 1210 3022 v.
1227 2994 1299 3022 519.

912 2640 1075 2663 ποιητικως.

861 3048 930 3078 Nz
