1894 3253
548 241 783 290 LIBER
820 241 1240 291 SECUNDUS.

1564 248 1590 284 20

1597 248 1623 285 ἰαῦ

1630 247 1655 291 κῐ

297 374 449 425 Quoad
470 374 578 424 licet,
601 389 648 415 ac
668 375 797 429 possis
817 374 1013 429 reperire,
1037 374 1225 415 inolentis
1246 373 1341 414 olivi

182 455 263 492 850
295 449 515 499 Naturam,
538 448 692 489 nullam
713 463 806 504 quae
826 447 962 488 mittat
982 448 1150 488 naribus
1173 462 1332 488 auram:

297 524 437 574 Quam
458 523 641 564 minume
662 531 707 564 ut
727 522 854 577 possit
874 521 1025 562 mixtos
1046 521 1089 561 in
1111 536 1284 576 corpore
1304 520 1466 572 odores,

157 695 180 711 “
196 691 284 722 nardi
309 690 435 725 rorem‚”
459 694 490 718 et
523 692 546 707 ‘⁶
571 694 674 719 stactae
699 689 878 730 liquorem,”

154 744 271 784 optime
287 741 486 772 conveniunt.

196 794 276 826 Ibid.
299 799 404 824 nectar
428 793 556 823 naribus
586 793 684 823 halat.
731 791 883 822 Similiter

149 846 341 878 Prudentius
367 844 406 875 de
436 845 588 882 odoribus,
625 844 730 883 pei-ist.
755 844 785 874 ii.
808 847 882 875 585.

151 909 225 930 cum
240 896 362 928 enormi
378 895 572 933 credulitate,
596 902 627 925 et
644 896 702 926 sibi
717 895 880 926 familiari:

308 985 379 1016 Quin
390 985 445 1017 ipsa
456 985 537 1009 odorIs
549 984 694 1014 Qualitas-

311 1025 354 1049 His
367 1025 452 1055 nidor,
464 1025 513 1048 illis
523 1028 619 1054 nectar,
630 1027 679 1049 est.

154 1090 198 1120 Et
213 1088 340 1127 ibidem,
356 1099 386 1119 V.
405 1092 476 1119 280.

309 1162 439 1187 Redolentc
449 1165 537 1187 nectar
549 1168 664 1187 carcere.

201 1227 275 1257 Ver.
295 1230 368 1258 849.
397 1228 521 1260 Quoad:
548 1226 591 1256 sic
608 1230 643 1256 Δ.
661 1229 694 1256 Σ.
721 1230 765 1255 Ω.
795 1229 835 1259 et,
860 1223 886 1252 si

150 1288 222 1309 vere
243 1283 342 1308 taceat
369 1278 618 1315 Hamrcampus,
641 1276 678 1305 L.
702 1275 749 1304 M.
773 1274 886 1310 Aliter,

157 1329 350 1369 reliquorum
376 1327 542 1358 lectionem
570 1326 767 1365 accepissem,
797 1327 885 1365 quod.

157 1380 200 1411 In
222 1380 262 1410 V.
290 1379 337 1410 ed.
364 1378 468 1408 hiatus
493 1383 548 1414 est,
573 1389 610 1408 ac
637 1376 888 1407 desiderante.—

149 1434 266 1473 possis:
294 1436 329 1463 Δ.
339 1433 453 1471 Ροεεῖις
480 1429 568 1470 quasi
584 1429 731 1459 voluerit:

219 1505 316 1536 Quoad
326 1504 400 1533 licet,
411 1510 442 1528 ac
451 1503 530 1534 possit
540 1501 684 1534 reperiri—.

158 1579 248 1612 IMale
274 1579 418 1619 vulgares
444 1577 530 1615 editi,
555 1576 642 1607 libris
668 1576 826 1613 omuibus,
853 1581 889 1606 ut

156 1636 277 1671 putem,
302 1628 560 1670 repugnantibus,
581 1630 662 1667 potis
675 1629 888 1658 est.—inolen-

155 1686 213 1714 tis:
242 1689 282 1713 Π.
306 1684 461 1718 vz'olentis;
495 1691 551 1720 per
576 1679 703 1710 eosdem
726 1679 889 1709 literarum

157 1734 279 1765 ductus.
324 1733 365 1763 In
398 1742 488 1762 versu
518 1736 677 1772 sequente,
717 1737 761 1761 Ω.
795 1731 890 1760 habet

158 1788 300 1823 IVatura,
317 1791 347 1815 et
361 1787 489 1815 emittat.

201 1838 278 1867 Ver.
296 1840 368 1868 850.
391 1848 520 1867 auram:
547 1835 566 1865 i.
582 1846 608 1865 e.
631 1834 769 1865 odorem.
813 1833 887 1864 Vir-

163 1889 268 1930 gilius,
284 1898 352 1929 geo.
369 1888 407 1918 iv.
421 1891 494 1918 417.
513 1887 607 1917 simili
623 1897 696 1917 cum
711 1891 885 1916 venustate:

667 1963 695 1984 at
707 1960 744 1984 illi

222 2001 313 2026 Dulcis
329 2001 474 2033 conpositis
484 2000 593 2031 spiravit
605 1999 720 2023 crinibus
731 2007 809 2024 aura.

162 2077 252 2108 Hinc
267 2076 425 2116 intelligas
437 2075 660 2111 Prudenfium,
676 2076 807 2106 hamart.
819 2078 890 2107 297.

162 2138 257 2170 quem
272 2128 376 2158 nescio
391 2127 462 2168 quis
476 2127 575 2157 voluit
590 2136 805 2166 corrumpere:

192 2205 274 2230 Illum
285 2205 429 2237 pigmentis
440 2203 630 2232 redolentibuS,
642 2207 669 2228 et
680 2204 822 2236 peregrino

194 2245 316 2274 Pulvere,
326 2244 455 2270 femineas
465 2248 637 2276 spargentem
645 2244 761 2275 turpiter
770 2251 859 2268 auras.

166 2319 282 2350 Confer
305 2319 414 2358 hymn.
440 2318 472 2347 ii.
495 2322 568 2350 590.
611 2318 755 2359 Tragicae
777 2319 893 2349 fastum

169 2369 328 2407 orationis,
354 2369 392 2399 de
419 2368 550 2399 deorum
578 2370 896 2409 appropinquantium

171 2422 324 2458 odoribus,
339 2419 448 2450 irridet
465 2419 623 2457 Comicus,
642 2420 722 2450 Ran.
737 2424 809 2452 515.

454 2512 501 2534 εγω
515 2508 552 2533 γε·
567 2513 612 2528 και
626 2502 705 2535 δᾳδων
717 2502 743 2533 γ’
757 2511 799 2535 eps-5

209 2552 303 2576 AYPA
318 2561 354 2578 τις
367 2559 490 2578 ugernum-e
501 2560 693 2583 μυστικωτοιτη.

209 2596 276 2624 Am?
288 2607 369 2633 ηρεμω
381 2599 516 2628 ,enganna-53
529 2597 721 2632 ακρωω-ωμεθα.

171 2677 371 2717 Elegantiam
395 2686 467 2706 vero
493 2676 636 2706 dictionis
661 2678 834 2714 πτηξαντες,
861 2682 897 2706 ut

170 2729 203 2759 id
222 2729 321 2759 obiter
344 2739 502 2765 moneam,
527 2738 591 2758 non
614 2734 816 2767 perceperunt
832 2728 896 2758 edi-

169 2785 265 2810 tores:
285 2779 324 2810 de
337 2779 398 2820 quai
413 2790 470 2810 nos
484 2778 611 2809 videndi
623 2779 662 2809 ad
678 2780 756 2809 Euri
780 2802 786 2808 .
800 2778 898 2809 Herc.

172 2830 230 2861 fur.
251 2832 480 2869 976.—Porro,
505 2837 632 2862 venuste
649 2830 740 2861 Philo
778 2830 898 2869 udaeus,

173 2879 213 2910 ad
233 2881 264 2911 ii.
289 2893 319 2922 p.
342 2886 413 2913 268.
438 2883 494 2921 ἵνα,
525 2887 631 2913 ΑΤΡΑ
662 2895 732 2916 ‘nm
762 2888 899 2921 ωφελειας

177 2937 308 2977 ἑταρρεις,
335 2950 408 2972 turn
438 2950 546 2979 αρκυων
576 2921 704 2978 ληιφέῃς.·
739 2945 812 2967 Cum
836 2946 899 2976 quo

925 689 994 719 loco
1016 686 1171 719 committi
1195 696 1347 728 perquam
1369 686 1534 717 commode
1557 692 1655 727 potest

925 739 947 771 J
950 739 1099 775 uvenalis,
1121 738 1182 768 xiv.
1200 741 1272 768 204.

1215 827 1280 851 lucri
1291 827 1376 852 bonus
1387 830 1425 852 est
1436 827 1506 857 odor,
1517 834 1554 852 ex
1565 834 1594 852 re

959 867 1093 899 Qualibet.

930 944 1101 981 Caeterum,
1120 943 1335 974 Horatianum
1353 943 1442 981 iliud,
1466 943 1550 984 quod
1566 943 1656 983 pauci

929 995 1163 1033 intellexerunt,
1179 995 1228 1025 od.
1245 995 1277 1025 ii.
1294 998 1322 1024 8.
1339 994 1392 1025 fin.

1279 1072 1325 1092 tua
1339 1075 1372 1093 ne
1383 1069 1501 1093 retardet

1113 1110 1187 1132 Aura
1205 1108 1314 1132 maritos
1324 1116 1332 1138 3

929 1194 992 1224 quo
1015 1183 1095 1213 nihil
1111 1183 1238 1213 suavius
1245 1195 1254 1220 3
1278 1185 1317 1212 ab
1333 1182 1459 1213 Achille
1475 1182 1567 1212 Tatio
1588 1183 1658 1222 pul-

930 1236 1003 1263 chre
1018 1240 1146 1263 vocatur
1165 1235 1181 1266 ἡ
1198 1246 1236 1264 era
1251 1241 1370 1267 καλλες
1387 1240 1574 1264 ΑΠΟΡΡΟΗ·
1590 1234 1610 1264 i.
1629 1238 1659 1265 9.

931 1284 978 1314 ed.
996 1284 1114 1314 Boden.
1153 1284 1264 1314 Addas
1274 1284 1342 1323 jam
1356 1284 1446 1314 dictis
1460 1290 1566 1314 notata
1581 1284 1660 1315 mihi

930 1334 970 1365 ad
985 1345 1011 1365 v.
1031 1339 1101 1366 176.
1124 1335 1162 1364 vi.
1178 1339 1251 1365 220.
1274 1342 1305 1365 et
1327 1335 1404 1365 olim
1427 1335 1466 1365 ad
1483 1335 1571 1376 Virg.
1593 1345 1664 1376 geoq.

930 1385 969 1416 iv,
985 1388 1058 1417 417.
1091 1386 1238 1416 Lucretio
1254 1392 1360 1416 autem
1375 1386 1560 1416 illustrando
1574 1396 1661 1416 com-

930 1437 1045 1468 modus
1060 1438 1266 1476 superveniet,
1284 1439 1409 1468 Plinius
1425 1437 1529 1474 etiam,
1546 1437 1586 1467 ad
1597 1444 1661 1467 nat.

930 1490 1000 1519 hist.
1016 1490 1110 1520 xxxii.
1134 1494 1163 1520 2.
1193 1489 1232 1520 de
1261 1492 1522 1529 Torq›e‹lz'12e.·-“
1537 1500 1662 1520 necesse

933 1545 955 1560 ‘³
971 1543 1122 1572 habemus
1143 1542 1233 1572 fateri
1248 1543 1307 1572 hoc
1331 1541 1487 1580 exemplo,
1511 1552 1576 1571 esse
1597 1542 1662 1571 vim

933 1596 955 1611 “
971 1593 1119 1634 aliquam,
1135 1604 1206 1634 quae
1221 1595 1310 1624 odore
1325 1599 1462 1631 tantum,
1480 1599 1511 1623 et
1526 1592 1662 1634 quadam

934 1648 956 1662 ‘⁴
973 1644 1052 1675 αιινίὶ
1069 1645 1117 1675 sui
1133 1645 1280 1684 corporis,
1297 1644 1410 1674 afficiat
1425 1644 1597 1674 membra.’'

935 1696 1002 1726 Nec
1014 1696 1120 1735 paullo
1131 1696 1251 1726 diutius
1262 1696 1380 1736 pigebit
1389 1706 1512 1726 moram
1523 1695 1662 1734 traxisse,

933 1747 1010 1779 dum
1025 1748 1059 1778 in
1075 1754 1256 1778 transcursu
1270 1758 1428 1783 moneam,
1443 1758 1495 1778 me
1510 1747 1586 1778 olim
1595 1748 1662 1778 Lu-

933 1799 1003 1829 cani
1026 1799 1131 1829 locum
1155 1799 1328 1839 gemellum
1354 1798 1513 1829 verissima
1538 1799 1661 1839 conjec-

932 1850 1004 1880 tura
1029 1851 1209 1889 restituisse,
1234 1857 1265 1881 et
1289 1861 1394 1881 serum
1422 1861 1459 1880 ex
1478 1851 1664 1881 Burmanno

934 1901 1091 1940 didicisse,
1120 1902 1203 1943 quod
1235 1903 1371 1933 Heinsio
1401 1902 1510 1932 eadem
1539 1913 1664 1942 prorsus

935 1953 1081 1993 cogitatio
1104 1953 1263 1984 inciderat.
1309 1955 1413 1990 Quem
1428 1954 1532 1990 velim,
1558 1964 1664 1985 versus

936 2010 1034 2036 exstat
1049 2006 1157 2036 Phars.
1174 2016 1202 2038 x.
1221 2009 1290 2038 166.

1254 2093 1428 2124 multumque
1437 2093 1561 2118 madenti

966 2133 1093 2158 Infudere
1103 2140 1204 2162 comae,
1218 2134 1258 2157 cui
1270 2134 1392 2157 nondum
1403 2133 1513 2157 evanuit
1523 2139 1600 2161 aura,

967 2172 1131 2202 cinnamon,
1143 2172 1257 2197 externa
1268 2179 1318 2196 nec
1329 2171 1445 2203 perdidit
1456 2174 1519 2195 aera
1530 2171 1612 2196 terra.

936 2247 1057 2288 Vulgo,
1073 2249 1164 2287 quod,
1181 2252 1363 2285 corruptum
1376 2256 1395 2275 a
1409 2244 1560 2284 scriptura
1574 2247 1661 2285 quoi,-

937 2306 973 2330 ut
988 2301 1193 2330 Burmannus
1214 2298 1308 2328 etiam
1321 2297 1408 2328 vidit.
1455 2297 1665 2327 Animadver-

938 2355 984 2379 tat
1000 2356 1105 2379 autem
1120 2349 1226 2385 lector,
1252 2351 1338 2386 aera,
1361 2358 1426 2378 non
1447 2347 1555 2377 minus
1568 2357 1663 2387 quarn

939 2413 1031 2439 aura,
1047 2412 1103 2441 pro
1117 2404 1206 2432 odore
1223 2400 1306 2440 poni.

981 2462 1056 2492 Ver.
1073 2466 1145 2493 85‘2.
1163 2464 1334 2493 Concor-tos:
1362 2461 1400 2491 P.
1419 2463 1665 2491 Corinaeum.—

938 2520 1107 2545 contactos:
1134 2514 1171 2544 P.
1188 2514 1229 2544 V.
1258 2513 1304 2543 ed.
1328 2519 1518 2547 contractus;
1552 2511 1591 2541 O.
1619 2517 1665 2541 Ω.

939 2571 1124 2601 contractos‚·
1158 2564 1254 2594 Vind.
1280 2568 1312 2594 Δ.
1341 2570 1382 2593 Π.
1410 2568 1446 2594 Σ.
1477 2567 1666 2598 contractas,-

933 2617 1078 2665 ⁴fortassis
1105 2616 1259 2652 volebant,
1290 2621 1499 2646 contractans.-
1535 2619 1566 2643 et
1593 2614 1665 2651 hoc,

938 2669 1001 2698 nisi
1023 2667 1137 2698 melius
1156 2674 1236 2697 esset
1257 2667 1290 2696 in
1310 2666 1466 2704 manibus,
1489 2664 1575 2695 haud
1589 2674 1665 2694 con-

940 2719 1148 2749 temnendum
1172 2719 1381 2748 foret—viro:
1409 2722 1443 2748 Σ.
1472 2719 1557 2747 vires.
1602 2715 1667 2745 His

942 2770 1140 2800 varietatibus
1152 2769 1277 2799 Nonius
1286 2768 1419 2806 accedat,
1435 2767 1467 2798 ii.
1478 2770 1550 2799 915.
1569 2770 1591 2785 “
1607 2769 1640 2797 V
1639 2768 1666 2796 ἱ-

945 2825 967 2840 “
983 2834 1016 2852 ro
1038 2822 1133 2852 etiam
1158 2832 1216 2861 pro
1231 2824 1338 2853 virtute
1358 2821 1505 2852 naturali.
1548 2819 1666 2850 Lucre-

945 2877 968 2892 “
983 2873 1055 2910 tius,
1071 2874 1104 2904 ii.

976 2949 995 2962 ‘⁵
1009 2947 1191 2979 Coucoctasque
1200 2954 1248 2974 suo
1258 2954 1366 2974 servare
1376 2949 1398 2972 et
1409 2946 1530 2979 perdere,
1540 2941 1628 2969 viro-’⁵
