1894 3253
182 271 273 313 132

688 262 747 311 Τ.
802 261 1182 312 LUCRETII

206 399 230 438 7
237 401 289 437 35
322 396 409 438 Hic
430 405 582 444 tamen,
606 401 660 444 et,
684 409 808 449 supra
827 411 929 451 quos
949 396 1144 447 diximus,
1175 396 1388 439 inferiores

325 470 518 513 Partibus
539 469 702 526 egregie
721 470 874 520 multis,
901 471 1112 527 multoque
1131 472 1331 522 minores3

321 545 603 599 Quamquam,
626 544 756 585 multa
776 545 881 586 bene
901 561 949 587 ac
969 546 1164 588 divinitus
1185 548 1454 597 invenientes,

318 619 387 659 Ex
408 618 534 674 adyto
553 626 767 675 tamquam
788 620 938 670 cordis,
963 636 1159 677 responsa
1179 622 1330 663 dedere

318 693 522 743 Sanctius,
545 701 585 734 et
604 694 735 735 multo
755 694 865 735 certa
888 696 1053 737 ratione
1073 698 1220 754 magis,
1243 712 1369 753 quam

204 770 284 810 740
318 766 482 822 Pythia,
506 783 598 824 quae
619 768 782 823 tripode
802 784 854 810 ex
877 769 1025 811 Phoebi
1045 771 1244 827 lauroque
1263 771 1451 826 profatur
1459 789 1472 820 3

318 841 537 896 Principiis
556 849 695 883 tamen
716 843 760 883 in
780 858 918 885 rerum
939 844 1071 886 fecere
1091 846 1246 895 ruinas,

216 998 289 1030 Ver.
325 1001 395 1029 758.
426 999 518 1038 adyto
549 999 657 1029 cordis.
712 997 896 1039 Eleganter:

174 1062 276 1094 neque
305 1050 406 1081 multo
432 1050 523 1080 aliter
558 1050 683 1087 Statius,
715 1050 781 1081 silv.
804 1051 846 1082 iii.
870 1054 899 1082 5.

173 1107 224 1136 56.

368 1176 509 1207 fixamque
519 1176 600 1200 animi
609 1176 776 1207 penetralibus
787 1176 846 1200 imis

205 1219 291 1242 Nocte
303 1217 399 1247 dieque
411 1220 499 1240 tenes:

174 1290 268 1321 quem
282 1278 422 1319 sequitur
446 1277 650 1315 Claudianus,
677 1284 753 1318 rapt.
778 1279 865 1309 Pros.
882 1279 902 1309 i.

175 1335 248 1362 215.

374 1387 470 1412 Veneri
481 1388 569 1412 menti:
577 1388 717 1420 penetralia
730 1389 823 1413 nudat.

176 1437 285 1468 Variat
321 1436 554 1477 aliquantulum
590 1436 794 1475 Prudentius,
832 1448 901 1477 psy-

176 1491 277 1520 chom.
295 1493 322 1519 6.

207 1563 320 1592 Dissere,
331 1569 381 1587 rex
393 1565 493 1591 noster,
505 1568 558 1592 quo
570 1561 655 1585 milite
667 1561 767 1592 pellere
775 1561 865 1593 culpas

203 1605 279 1628 Mens
290 1606 393 1626 armata
404 1605 484 1633 queat
497 1602 581 1626 nostri
592 1602 625 1625 de
633 1601 739 1633 pecturis
752 1605 825 1626 antro
837 1610 846 1626 .-

176 1672 213 1696 ut
226 1665 357 1703 ibidem,
374 1676 435 1695 ver.
452 1668 522 1696 774.
539 1664 735 1704 perpulchre:

587 1745 607 1769 si
618 1746 724 1770 turbida
735 1746 847 1772 fratrem

205 1789 282 1812 Mens
293 1786 420 1818 impacati
431 1787 479 1810 sub
488 1785 592 1818 pectoris
604 1786 689 1811 oderit
700 1790 784 1811 antro.

176 1854 288 1893 Neque
318 1851 476 1891 eleganter
504 1851 610 1881 minus
641 1851 737 1889 Naso,
759 1857 832 1882 met.
855 1862 903 1882 xv.

180 1908 249 1935 145.

341 1976 463 2003 augusta:
476 1972 596 1997 reserabo
608 1972 710 1997 oracula
722 1971 819 1996 mentis.

182 2030 274 2060 Adde
289 2030 329 2059 sis
343 2030 364 2060 J
368 2040 535 2067 uvencum,
552 2040 659 2069 evang.
674 2030 744 2060 hist.
762 2030 800 2060 iv.
817 2033 867 2059 48.

209 2111 250 2136 Sic
262 2117 320 2135 vox
331 2110 435 2135 velatur
443 2110 522 2141 justae
540 2111 588 2133 sub
598 2109 716 2140 imagine
727 2110 804 2139 vitaz,

209 2153 300 2182 Atque
310 2149 390 2182 adytis
402 2149 490 2173 mentis
501 2149 623 2173 celantur
633 2149 738 2173 sordida
750 2149 840 2173 corda.

222 2214 296 2243 Ver.
317 2217 387 2243 740.
405 2214 540 2252 Pythia:
561 2213 599 2242 O.
618 2218 652 2242 Δ.
667 2219 706 2242 Π.
724 2217 756 2242 Σ.
776 2214 904 2252 ΡΙιῃΐῐ(ι;

183 2273 228 2297 Ω.
256 2266 362 2295 Philia
371 2278 381 2299 ;
409 2269 440 2293 et
466 2263 561 2292 simili
591 2263 784 2293 aberratione
809 2263 905 2293 codex

183 2318 258 2348 Stat.
274 2325 332 2346 sec.
348 2315 400 2345 xii.
417 2315 449 2344 in
465 2324 585 2344 musaeo
601 2314 795 2352 Britannico,
811 2324 905 2354 quem

179 2370 245 2408 ipse
261 2367 391 2404 contuli,
407 2365 447 2395 ad
459 2365 557 2395 Theb.
569 2366 606 2396 iv.
620 2369 691 2397 289.
707 2372 739 2395 et
750 2365 856 2395 scribae
867 2365 906 2396 ad

183 2422 277 2452 Corn.
302 2420 383 2458 Nep.
398 2419 420 2448 i.
442 2422 466 2448 1.
483 2422 512 2447 5.
537 2424 568 2447 et
590 2418 709 2448 Lucan.
732 2418 772 2448 vi.
791 2421 906 2448 425.—

180 2473 314 2512 tripode:
342 2470 388 2500 M.
407 2475 451 2500 Ω.
474 2471 605 2508 tripodi‚·
631 2468 729 2499 Vind.
747 2469 787 2499 V.
803 2468 850 2498 ed.
868 2469 905 2499 Β.

182 2524 222 2555 Ο.
240 2530 282 2554 Π.
301 2527 335 2553 Σ.
357 2523 596 2561 tripodis—ex.-
622 2521 658 2551 L.
682 2533 720 2556 a;
746 2521 800 2551 sed
822 2523 909 2551 abest

179 2572 357 2613 praepositio
380 2572 478 2602 Vind.
496 2572 534 2602 V.
551 2571 597 2602 ed.
615 2572 651 2602 B.
677 2578 716 2603 Π.
734 2577 768 2603 Σ.
792 2578 828 2602 ut
852 2584 909 2612 que

181 2626 277 2656 etiam
292 2625 332 2655 V.
348 2624 603 2664 ed.--q›rofatur.·
629 2623 728 2654 Vind.
740 2624 907 2665 profertur.

182 2677 259 2707 Hoc
273 2676 422 2706 ultimum
437 2687 501 2706 non
513 2682 630 2706 temere
642 2676 910 2715 contempsissem,

183 2730 209 2759 si
224 2728 330 2768 plures
344 2728 413 2758 libri
429 2729 637 2766 condicerent,
660 2735 696 2759 ut
718 2740 777 2759 vox
794 2730 910 2769 Pythia

184 2791 250 2811 non
264 2780 433 2819 vulgariter
450 2792 550 2821 neque
565 2782 729 2813 invenuste
746 2796 778 2813 oro
792 2784 910 2813 racione

184 2831 358 2871 respiceret.
403 2832 568 2872 Virgilius,
588 2835 659 2865 AEn.
675 2834 707 2864 ii.
727 2837 796 2865 115.

202 2912 323 2945 Suspensi
333 2913 500 2944 Eurypylum
511 2914 637 2939 scitatum
650 2915 756 2940 oracula
767 2915 862 2940 Phoebi

202 2953 334 2979 Mittimus
340 2961 348 2984 3
361 2953 435 2984 isque
446 2953 526 2985 adytis
535 2954 595 2980 haec
606 2955 692 2980 tristia
699 2956 771 2981 dicta
781 2959 899 2988 reportat.

945 1000 1048 1030 Editis
1057 1006 1162 1031 autem
1172 1000 1275 1040 potius
1284 1000 1546 1041 acquiescendum
1556 1008 1674 1042 putem.

945 1052 988 1082 Et
1003 1052 1065 1081 veri
1081 1052 1183 1082 simile
1206 1058 1262 1090 est,
1290 1053 1415 1091 po'etam
1441 1059 1583 1084 nostrum
1607 1064 1674 1084 me-

945 1113 1066 1133 morem
1082 1103 1177 1133 fuisse
1192 1104 1434 1144 epigrammatis,
1459 1105 1543 1144 quod
1570 1105 1679 1135 laudat

946 1157 1108 1196 Diogenes
1123 1158 1278 1195 La‘e'rtius,
1303 1168 1331 1187 Χ.
1354 1161 1404 1188 1‘2.
1430 1169 1531 1199 neque
1557 1158 1677 1188 incom-

946 1209 1038 1238 mode
1059 1209 1127 1248 jam
1158 1219 1243 1239 nunc
1273 1209 1441 1239 lectoribus
1470 1220 1674 1248 apponemus,

946 1270 1043 1298 quum
1060 1260 1099 1289 ad
1115 1260 1337 1290 illustrandum
1359 1260 1428 1290 libri
1456 1261 1585 1291 secundi
1600 1272 1673 1301 pro-

947 1310 1089 1348 onmium,
1105 1317 1144 1340 et.
1157 1321 1183 1341 v.
1202 1315 1293 1341 1128.
1316 1321 1381 1340 non
1397 1311 1477 1341 nihil
1492 1312 1600 1342 faciat:

987 1399 1115 1433 Ανθρωττω,
1130 1399 1245 1433 μιχθεκτε
1256 1411 1292 1425 τοι
1299 1409 1405 1435 Zapara,
1418 1411 1464 1426 και
1477 1401 1521 1426 διοι
1533 1401 1616 1435 κερδος

1024 1448 1157 1475 Asana-rou
1170 1457 1248 1473 mmm
1263 1457 1364 1482 αρχετε,
1375 1458 1421 1473 και
1435 1453 1556 1481 miss-ww

985 1496 1046 1522 Τοις
1062 1502 1140 1525 Φυσιος
1154 1494 1175 1520 δ’
1189 1495 1201 1520 o'
1213 1500 1306 1523 πλυτ-ος
1317 1496 1367 1529 ὁρον
1381 1506 1438 1521 τινα
1448 1498 1518 1527 βαιον
1533 1505 1637 1530 επισχει,

1027 1541 1061 1566 Αἱ
1073 1542 1097 1567 be
1110 1551 1178 1567 κενοιι
1189 1552 1277 1577 κρισιες
1289 1554 1336 1568 ταν
1351 1553 1485 1577 arripuere-ov
1499 1543 1557 1569 ὁδον.

988 1591 1062 1614 Τυτο
1075 1592 1195 1618 Νεοκλῆος
1207 1601 1298 1616 πηνα-ον
1312 1600 1381 1618 ‘texos
1393 1602 1407 1619 ν,
1418 1601 1490 1625 παρα
1502 1593 1594 1617 Μεσων

1026 1639 1128 1667 Εκλυεν,
1141 1649 1155 1666 η
1167 1637 1248 1666 Πυθυς
1261 1639 1283 1669 εξ
1297 1637 1357 1672 ispa-v
1370 1638 1491 1672 τριποὲων.

949 1717 1013 1748 Pro
1040 1730 1121 1753 τετυ,
1152 1716 1260 1746 malim
1293 1729 1404 1754 eruum,
1427 1723 1464 1747 ut
1489 1717 1676 1758 ambiguum

947 1771 1086 1800 evitetur.
1125 1770 1168 1799 Et
1183 1775 1325 1799 nostrum
1340 1771 1419 1799 bene
1434 1769 1591 1800 commisit
1605 1769 1676 1800 Ou-

947 1821 1136 1861 dendorpius
1152 1820 1192 1850 ad
1207 1821 1386 1858 Lucanum,
1403 1820 1442 1850 ix.
1460 1823 1532 1851 464.

979 1904 1035 1933 ille,
1047 1904 1097 1929 deo
1109 1903 1213 1935 plenus,
1224 1902 1306 1927 tacita
1319 1909 1400 1933 quem
1413 1905 1505 1927 mente
1516 1902 1635 1934 gerebat,

982 1944 1093 1974 Effudit,
1106 1944 1198 1975 dignas
1209 1943 1307 1974 adytis,
1319 1950 1333 1967 e
1344 1946 1453 1974 pectore
1467 1949 1555 1968 voceS.

991 2016 1066 2046 Ver.
1085 2018 1155 2047 741.
1168 2015 1273 2056 ficere
1288 2017 1406 2045 ruinas.
1439 2015 1603 2053 Horatius,
1621 2019 1678 2045 sat.

948 2066 981 2096 ii.
1001 2070 1028 2096 8.
1045 2070 1094 2096 54.

1010 2152 1124 2179 Interea,
1133 2156 1255 2181 suspensa
1267 2149 1352 2181 gravis
1363 2149 1452 2173 aulaea
1462 2148 1551 2173 ruinas

1012 2192 1042 2214 In
1054 2191 1173 2222 patinam
1178 2190 1272 2221 fecere.

951 2267 1061 2304 Porro,
1081 2266 1145 2296 vice
1155 2266 1272 2305 fecere,
1298 2269 1331 2295 Σ.
1346 2264 1464 2304 facere.

993 2318 1066 2347 Ver.
1084 2320 1154 2348 74‘2.
1177 2318 1300 2356 magnei
1315 2327 1433 2355 magno.
1465 2315 1536 2345 Has
1550 2315 1682 2346 delicias

949 2368 1098 2398 orationis
1123 2367 1280 2407 Virgilius
1310 2367 1405 2396 etiam
1431 2367 1598 2397 aemulatus
1623 2373 1682 2407 est,

949 2431 1015 2460 geo.
1031 2420 1050 2450 i.
1067 2423 1135 2451 190.

983 2490 1134 2519 Magnaque
1145 2493 1208 2511 cum
1220 2493 1310 2517 magno
1321 2485 1411 2510 veniet
1422 2485 1519 2509 tritura
1531 2485 1628 2510 calore.

954 2548 1096 2588 Uterque
1122 2547 1318 2578 Maeonidem
1342 2552 1416 2576 sunt
1440 2546 1538 2577 secuti
1553 2545 1680 2581 scilicet,

953 2599 1001 2629 ad.
1016 2599 1054 2628 11.
1072 2604 1106 2630 Σ.
1124 2602 1173 2628 26.

1215 2678 1301 2702 μεγας
1311 2673 1464 2702 petranum-ve
1472 2666 1600 2695 τανυσθεις.

955 2734 1040 2764 Vide
1055 2744 1125 2774 quae
1140 2743 1239 2772 nuper
1255 2731 1426 2763 notaverim
1441 2730 1480 2760 ad
1503 2729 1593 2760 Bion.
1610 2728 1631 2758 i.
1652 2732 1680 2758 8.

954 2786 1108 2822 —Porro,
1124 2785 1190 2815 vice
1202 2786 1349 2824 graviter,
1368 2788 1407 2812 Π.
1423 2782 1516 2810 habet
1525 2782 1658 2819 pariter.

999 2837 1079 2868 Ibid.
1102 2838 1234 2867 cecidere
1264 2836 1324 2864 ibi:
1358 2833 1376 2863 i.
1399 2842 1426 2862 e.
1460 2841 1551 2869 super
1580 2830 1682 2860 ruinis

955 2888 1192 2930 principiorum,
1220 2895 1295 2927 quas
1318 2883 1379 2924 ipsi
1393 2883 1541 2920 fecerant,
1567 2891 1680 2920 procu-

955 2943 1058 2972 buere.
