1894 3253
175 269 276 311 304

674 259 735 306 T.
788 254 1172 305 LUCRETII

319 391 522 439 Floribus,
544 388 783 431 umbrantes
805 387 1005 438 Matrem,
1027 387 1309 443 comitumque
1328 394 1544 432 catervam.

322 466 433 508 Heic
453 472 612 505 armata
631 478 793 514 manus,
820 463 993 505 Curetas
1013 462 1184 503 nomine
1205 461 1371 504 Graecei

206 547 290 583 630
321 540 439 589 Quos
458 548 692 582 memorant
714 539 935 596 Phrygios,
958 539 1066 579 inter
1087 552 1128 579 se
1148 545 1258 579 sorte
1277 538 1448 579 catervis

175 700 411 731 ΣΤΑΛΑΓΜΟῙ.
455 695 649 727 Laudandus
670 701 718 727 est
738 696 834 727 etiam
857 695 902 726 le-

176 750 259 791 poris
273 749 323 779 sui
338 747 540 784 Prudentius,
557 749 688 779 cathem.
707 759 734 779 v.
753 751 802 780 97.

223 818 323 850 Implet
333 820 420 843 castra
430 816 499 841 cibus
510 819 576 841 tunc
588 823 696 848 quoque
707 816 855 848 ninguidus.

177 874 242 906 His
256 874 408 915 perlectis,
436 875 633 913 obstupescas
647 884 721 904 sane
736 873 904 903 nonnullo-

175 937 250 958 rum
274 926 482 966 interpretum
505 925 647 963 inscifiae,
673 925 714 955 ad
741 924 905 963 Ovidium,

177 989 216 1010 ex
232 978 325 1010 Pont.
340 977 374 1007 ii.
394 981 421 1007 l.
436 980 489 1008 56.

301 1050 425 1079 Saxaque
435 1047 527 1072 roratis
537 1046 671 1073 erubuisse
683 1046 755 1071 rosis.

178 1106 243 1137 Adi
258 1106 373 1137 locum.
398 1106 524 1137 Leviter
542 1105 715 1146 Corippum
738 1104 906 1146 castigabo,

177 1158 219 1189 ad
232 1158 271 1189 iv.
291 1161 339 1188 ll.

403 1226 549 1257 medioque
558 1225 621 1255 fori,
632 1233 680 1257 quo
691 1224 778 1249 divite
789 1224 888 1249 dextra

207 1265 350 1296 Egrediens
360 1266 483 1297 princeps
493 1265 567 1290 sacra
578 1266 715 1289 trabeatus
726 1265 759 1288 ab
771 1263 832 1288 aula

209 1304 330 1334 Delicias,
341 1305 454 1336 vulgum
464 1304 567 1329 solenni
577 1310 692 1328 munere
699 1304 813 1333 donam,

208 1346 285 1369 More
294 1344 369 1368 nivis
378 1351 513 1376 sparsurus
525 1347 592 1374 erat,
601 1350 673 1368 nova
682 1343 785 1368 fabrica
795 1342 889 1374 surgit.

178 1408 280 1446 Libri,
295 1409 434 1439 Divitias
440 1423 451 1444 ;
470 1408 552 1438 male
564 1409 604 1438 ob
615 1410 708 1439 divite
719 1407 905 1446 praecedens.

180 1459 246 1489 Hae
259 1469 350 1489 voces
371 1459 511 1489 confusae
533 1464 607 1489 sunt
629 1458 725 1488 etiam
748 1458 789 1488 ad
816 1458 907 1489 Ovid.

178 1516 253 1541 met.
268 1510 331 1540 xiii.
348 1513 420 1540 851.
465 1510 509 1539 Et
523 1511 610 1550 vulgo
617 1526 628 1546 ,·
652 1509 738 1540 unde
753 1520 810 1540 nos
833 1510 908 1539 effe-

179 1561 279 1592 cimus
306 1563 447 1601 vulgum;
483 1561 503 1591 i.
527 1571 554 1591 e.
587 1563 719 1601 vulgum,
743 1561 792 1591 vel
814 1562 910 1600 vulgB.

182 1614 243 1645 Sed
257 1613 317 1644 loci
332 1614 530 1650 Latinorum,
553 1614 587 1643 in
607 1613 722 1654 quibus
737 1613 912 1644 locutiones

180 1677 199 1698 a
209 1669 277 1698 nive
293 1671 324 1696 et
333 1665 442 1707 pluvia
457 1666 614 1696 translatae
627 1666 837 1705 reperiuntur,
850 1676 910 1696 nu-

181 1718 363 1749 merosiores
377 1725 462 1758 sunt,
479 1726 514 1749 ut
524 1724 560 1749 ut
571 1726 720 1757 venustae,
733 1729 829 1760 quam
840 1728 911 1759 quae

180 1772 242 1802 huc
256 1771 422 1802 commode
433 1772 615 1813 congregari
627 1771 758 1811 possint:
779 1771 819 1802 ad
831 1780 910 1801 non-

179 1824 283 1855 nullas
294 1824 428 1855 sufficiat
435 1825 584 1856 lectorem
596 1824 750 1864 retulisse,
762 1823 913 1864 Preigero

181 1875 298 1917 magna
327 1886 364 1906 ex
393 1883 481 1916 parte
511 1883 690 1917 occupatas:
729 1876 841 1907 Claud.
871 1876 911 1906 de

180 1933 268 1967 nupt.
297 1927 387 1958 Hon.
413 1935 445 1958 et
470 1929 554 1960 Mar.
580 1933 651 1960 291.
676 1928 794 1959 consul.
818 1929 910 1958 Prob.

180 1982 232 2010 45.
258 1979 333 2010 Stat.
357 1980 424 2011 silv.
448 1991 475 2011 v,
501 1985 533 2012 5.
562 1984 634 2013 285.
657 1982 741 2012 Flor.
764 1981 796 2011 ii.
815 1984 843 2011 7.
864 1985 911 2011 14.

181 2029 320 2060 Martial.
336 2031 398 2061 viii.
414 2033 464 2062 78.
482 2035 510 2062 9.
550 2033 719 2069 Caeterum,
741 2032 913 2062 versiculus

184 2079 370 2120 Ovidianus,
400 2081 496 2112 modo
517 2082 673 2119 laudatus,
707 2089 738 2113 et
763 2083 910 2124 frequens

180 2131 356 2163 dictionum
370 2133 569 2172 permutatio,
595 2134 634 2164 de
650 2134 712 2175 qua
735 2145 848 2174 nuper,
870 2135 910 2166 ad

180 2193 241 2214 ver.
256 2188 330 2216 319.
352 2185 563 2223 suspicionem
587 2191 691 2215 movet
714 2195 779 2216 non
802 2187 909 2216 absur-

181 2234 266 2272 dam,
281 2235 466 2266 Lucretium
480 2237 540 2267 hoc
550 2236 646 2266 modo
660 2237 827 2276 scripsisse:

533 2304 723 2337 ninguuntque
734 2312 854 2330 rosarum

247 2342 365 2368 Roribus:

183 2401 223 2432 de
237 2401 299 2442 qua
313 2401 387 2432 satis
401 2403 442 2433 sit
455 2403 541 2443 prius
554 2404 688 2435 breviter
702 2404 912 2442 admonuisse,

184 2463 281 2494 quam
295 2453 337 2484 ad
351 2460 461 2485 caetera
475 2465 658 2496 pergamus;
675 2456 735 2486 nisi
747 2457 831 2497 quod
843 2458 911 2487 ani-

185 2514 276 2536 mum
289 2506 428 2538 advertat.
438 2506 536 2538 lector
546 2508 652 2546 velim,
662 2509 737 2538 huic
747 2511 914 2540 verborum

186 2556 342 2588 sodalitati
364 2568 490 2589 versum
514 2559 729 2599 Lycophronis
753 2561 914 2600 aptissime

185 2609 359 2648 concinere,
378 2611 461 2642 Cass.
479 2615 550 2642 876.

245 2681 304 2707 Ovb‘
317 2684 449 2709 OMBPIA
461 2693 593 2718 σμηχεσοι
604 2685 697 2713 §mmor
715 2685 835 2710 ΝΙΦΑΣ.

187 2741 318 2781 Νιφαιδες·
335 2757 487 2784 σταγονες,
509 2744 655 2783 ψεκαδες;
683 2744 872 2785 Ilesychius.

230 2792 306 2823 Ver.
322 2798 394 2826 628.
417 2798 591 2828 umbrantes
597 2813 608 2833 ;
629 2798 670 2827 V.
682 2797 730 2827 ed.
743 2799 915 2829 imbrantcs.

189 2851 380 2884 —catervcts‚
394 2848 530 2889 vulgati:
556 2850 609 2880 sed
626 2850 668 2880 V.
687 2849 734 2880 ed.
750 2850 786 2880 L.
805 2851 852 2880 M.
881 2856 916 2880 Δ.

191 2902 235 2928 Π.
252 2901 287 2930 Σ.
309 2905 438 2930 caterva.
478 2901 605 2940 Scripsit
616 2902 724 2943 utique
738 2903 916 2941 Lucretius,

191 2955 351 2983 catervam.
396 2952 519 2983 Auctor
535 2953 627 2991 Ciris,
644 2964 706 2984 ver.
727 2957 794 2984 143.

979 694 1062 722 Dum,
1074 693 1153 717 sacris
1165 696 1275 725 operata
1287 693 1358 722 deae,
1368 692 1483 722 lascivit,
1493 695 1522 717 et
1530 695 1610 718 extra

976 733 1099 757 Procedit
1110 733 1190 765 longe
1200 736 1312 756 matrum
1324 731 1490 764 comitumque
1499 735 1650 757 catervam:

947 782 1000 812 ubi
1018 782 1164 812 nonnulli
1178 781 1251 812 libri
1264 781 1374 812 itidem
1389 788 1509 813 caterva
1525 783 1676 821 praebent:

948 833 1022 862 hinc
1044 839 1150 863 autem
1180 840 1333 864 catervam
1363 839 1469 863 nostro
1498 833 1679 863 restitutum

948 885 1042 915 volui.

991 938 1069 967 Ver.
1094 941 1168 969 629.
1199 938 1336 967 Groecez':
1363 936 1418 974 sic,
1446 936 1485 966 ad
1511 942 1680 968 consuetu-

950 989 1057 1019 dinem
1073 989 1246 1030 antiquam,
1270 988 1369 1019 Vind.
1386 988 1425 1019 V.
1449 988 1497 1019 ed.
1522 988 1562 1019 O.
1588 995 1629 1019 Π.
1646 993 1682 1021 Σ.

952 1047 996 1072 Ω.
1019 1041 1134 1079 caeteri‚
1165 1043 1267 1076 Graii,¹
1295 1041 1380 1082 quod
1401 1040 1591 1071 vocabulum
1610 1051 1684 1081 pos-

950 1092 1022 1123 teris
1037 1092 1076 1123 ad
1088 1092 1213 1123 aurium
1225 1092 1417 1132 voluptatem
1429 1091 1609 1123 emollitum
1620 1102 1686 1123 esse

946 1147 1106 1187 judicem3
1124 1146 1204 1177 illud
1215 1152 1322 1177 autem
1337 1145 1423 1186 apud
1438 1146 1614 1187 indigenas,
1630 1147 1686 1188 qui

950 1211 969 1230 a
977 1200 1085 1240 primis
1099 1200 1283 1230 Graecorum
1295 1199 1479 1230 colonorum
1490 1199 1683 1238 exceperint,

948 1251 1166 1290 permansisse:
1193 1251 1263 1281 vide
1278 1251 1320 1281 sis
1339 1251 1443 1290 Steph.
1466 1251 1599 1291 Byzant.
1612 1261 1687 1282 cum

951 1302 1112 1342 Hesychio
1137 1303 1172 1332 in
1196 1312 1270 1332 voce
1293 1309 1423 1344 Γραικος,
1447 1308 1479 1332 et
1503 1302 1688 1342 interpretes

950 1354 1121 1395 utriusque.
1168 1354 1305 1393 Cyrillus
1318 1360 1425 1384 contra
1437 1354 1460 1385 J
1463 1354 1620 1392 ulianum‚
1633 1354 1686 1385 lib.

949 1405 969 1435 i.
984 1415 1013 1444 p.
1028 1408 1076 1436 10.
1088 1405 1144 1435 im.
1168 1405 1394 1445 *Εἰδομῆκοστῳ
1408 1418 1462 1436 ετει
1476 1419 1608 1448 rev-apra:
1621 1412 1689 1437 Μω-

952 1469 1029 1492 σεως,
1044 1458 1157 1490 Ἕλλην
1173 1457 1246 1487 οὕτω
1263 1464 1440 1496 καλεμενος,
1458 1458 1470 1486 ὁ
1488 1461 1687 1492 Δευκαλιωνος

953 1522 1003 1539 και
1021 1511 1134 1551 Πυρρας
1152 1521 1233 1546 παις,
1261 1522 1340 1550 αρχν,
1358 1522 1470 1549 εγενετο
1485 1523 1543 1544 τοις
1557 1511 1688 1543 ‘Enna

956 1573 1008 1594 τῆς
1025 1559 1133 1594 τοκιςδε
1151 1573 1345 1602 πρσςκγοριας,
1366 1573 1416 1590 και
1433 1574 1475 1591 τοι
1493 1567 1591 1591 παλαι
1607 1567 1691 1602 Γραι-

955 1625 1012 1645 κιις
1030 1617 1202 1651 λεγομέναις.
1249 1610 1356 1642 Adeas
1370 1611 1446 1642 item
1470 1611 1514 1642 A.
1535 1611 1691 1652 Gellium,

954 1663 976 1694 i.
996 1667 1046 1694 18.

1000 1716 1081 1747 Ibid.
1093 1718 1214 1747 nomine
1226 1722 1401 1747 memorant.
1424 1715 1563 1754 Ennius,
1575 1726 1649 1747 ann.
1661 1726 1690 1747 v.

1017 1776 1123 1801 Nomine
1135 1776 1260 1806 Purrlius,
1272 1775 1329 1800 utei
1339 1778 1488 1800 memorant.

1002 1824 1077 1855 Ver.
1105 1828 1178 1855 630.
1202 1831 1280 1855 sorte
1303 1826 1440 1856 catervis.
1487 1825 1549 1861 Sic,
1580 1830 1691 1865 utpote

955 1876 988 1905 in
1010 1875 1078 1906 loco
1108 1885 1233 1915 prorsus
1255 1875 1426 1916 deplorato,
1449 1875 1489 1907 ad
1523 1876 1693 1917 ingenium

956 1939 1051 1958 ausus
1061 1938 1131 1958 sum
1144 1928 1331 1968 confugere3
1344 1929 1574 1959 mutationibus
1582 1934 1690 1959 tamen

955 1980 1089 2010 minime
1104 1979 1249 2009 violentis
1263 1980 1328 2017 hic,
1338 1979 1386 2009 vel
1399 1979 1486 2018 alias,
1503 1979 1686 2020 indulgens:

955 2038 986 2062 et
1017 2042 1103 2062 meas
1132 2032 1292 2069 lectiones,
1324 2042 1398 2061 sane
1421 2042 1485 2061 non
1515 2031 1689 2062 admodum

953 2084 1109 2120 obscuras,
1125 2083 1211 2122 prius
1226 2082 1397 2112 illustratas
1411 2082 1504 2119 dabo,
1519 2092 1616 2121 quam
1631 2092 1685 2111 va—

953 2135 1078 2165 rietates
1093 2134 1239 2164 codicum
1254 2143 1445 2164 recenseam.
1491 2133 1613 2163 Valent
1627 2133 1687 2173 igi-

954 2193 1005 2217 tur
1019 2186 1097 2216 mihi
1113 2196 1202 2215 voces
1217 2192 1295 2216 sorte
1309 2191 1446 2216 catervas
1460 2186 1586 2222 ludunt,
1603 2188 1626 2203 “
1638 2185 1687 2215 lu-

956 2242 977 2256 “
995 2237 1076 2267 dunt
1089 2236 1278 2272 catervatim,
1301 2236 1470 2266 stationem
1488 2246 1614 2277 quoque
1629 2236 1688 2266 sibi

956 2292 978 2307 “
994 2288 1186 2329 assignatam
1207 2287 1421 2327 occupante;”
1456 2293 1488 2317 et
1509 2287 1689 2327 interpretis

957 2340 1060 2371 officio
1074 2340 1167 2380 fungi
1183 2339 1284 2380 quibit
1309 2339 1479 2379 Apuleius,
1503 2345 1581 2370 met.
1610 2349 1639 2370 x.
1661 2351 1691 2380 p.

958 2395 1028 2422 754.
1056 2390 1103 2422 ed.
1129 2391 1279 2422 Oudend.
1306 2400 1403 2431 quem
1425 2391 1532 2421 locum
1563 2391 1689 2421 Havet-

956 2453 1085 2483 campus
1107 2443 1262 2473 excitavit:
1289 2446 1312 2461 “
1330 2442 1416 2472 Nam
1439 2442 1537 2482 puelli
1560 2442 1689 2482 puellae-

957 2498 980 2513 “
996 2505 1069 2536 que,
1099 2495 1213 2525 virenti
1243 2494 1390 2525 fiorentes
1411 2493 1688 2533 aetatula,—Grae-

959 2550 981 2566 ‘⁵
997 2547 1138 2577 canicam
1151 2547 1299 2578 saltantes
1310 2547 1523 2587 pyrrhicham‚
1535 2546 1690 2586 dispositiS

959 2604 981 2619 “
998 2601 1254 2637 ordinationibus,
1271 2598 1399 2629 decoros
1417 2597 1556 2629 ambitus
1570 2597 1688 2626 inerra-

960 2656 982 2671 “
998 2651 1148 2683 bant—.''
1183 2651 1285 2682 Voces
1300 2658 1408 2682 autem
1421 2661 1484 2682 sors
1498 2655 1530 2679 et
1533 2648 1605 2691 fors
1620 2657 1689 2686 pas-

961 2704 1022 2734 sim
1051 2703 1214 2740 confundi,
1247 2712 1341 2733 nemo
1370 2702 1502 2743 ignorat.
1549 2699 1688 2738 Operam

963 2755 1053 2786 nobis
1067 2761 1099 2785 et
1115 2755 1250 2786 Ovidius
1265 2753 1402 2791 navabit,
1418 2757 1491 2782 met.
1510 2749 1574 2779 viii.
1592 2752 1665 2780 746.

991 2816 1069 2846 Saepe
1081 2814 1175 2844 etiam,
1185 2813 1309 2838 manibus
1321 2811 1398 2837 nexis
1408 2817 1441 2834 cx
1453 2807 1550 2837 ordine,
1561 2807 1652 2832 trunci

990 2855 1126 2880 Circuiere
1137 2855 1263 2879 modum.

959 2903 1036 2934 Jam
1051 2913 1123 2933 vero
1146 2904 1183 2934 P.
1210 2907 1354 2934 catervae;
1381 2907 1446 2928 non
1470 2897 1564 2928 male:
1592 2897 1689 2927 Vind.

963 2955 1001 2987 V.
1025 2955 1074 2986 ed.
1101 2956 1137 2986 L.
1166 2954 1208 2985 O.
1235 2958 1269 2984 Δ.
1288 2958 1328 2984 Π.
1346 2955 1380 2985 Σ.
1398 2957 1443 2982 Ω..
1475 2957 1629 2985 catervas,-
1652 2950 1689 2980 Β.
