1894 3253
639 300 874 350 LIBER
922 275 1340 352 SECUNDUS.

1641 312 1733 353 205

383 431 594 489 Tempora
613 441 893 492 conspargunt
911 434 1147 476 viridanteis
1166 435 1336 477 floribus
1354 433 1517 477 herbas:

385 506 474 549 Nec
494 508 638 549 calidae
657 509 774 550 citius
793 507 998 550 decedunt
1018 523 1191 564 corpore
1212 508 1361 560 febres,

238 687 325 707 mam
340 677 579 708 similitudinem
587 678 749 709 literarum
760 684 772 709 t
784 683 815 709 et
828 689 854 715 c,
870 686 965 718 quam

238 738 320 768 saepe
334 730 367 760 in
381 730 431 760 his
446 731 528 761 notis
544 731 617 762 alibi
633 731 803 772 tetigimus.

284 781 365 812 Ibid.

268 835 375 866 Propter
383 842 458 867 aque
468 835 571 866 rivum,
587 836 632 860 sub
643 835 722 860 ramis
732 835 828 861 arboris
838 835 907 861 altae.

238 881 281 914 In
293 883 404 914 eodem
415 885 535 923 Culice,
559 896 619 916 ver.
635 889 673 916 58
680 890 707 917 9.

268 941 369 967 Rivum
379 946 479 976 propter
488 951 574 976 aquae,
590 944 669 969 viridi
678 945 726 969 sub
737 944 876 970 frondc—.

236 989 342 1022 Verus
356 993 525 1034 Virgilius,
546 994 581 1024 in
596 1004 691 1034 opere
711 994 862 1033 maximo,
889 994 964 1024 AEn.

238 1042 290 1073 vii.
309 1047 378 1075 108.

299 1104 405 1136 Corpora
415 1105 556 1137 deponunt
566 1105 610 1130 sub
618 1105 697 1131 ramis
707 1105 804 1130 arboris
814 1105 883 1130 altae.

238 1160 428 1194 Theocritus
442 1170 549 1194 autem
563 1164 657 1204 plane
673 1164 823 1195 divinitus
834 1164 869 1194 in
884 1164 965 1194 hanc

236 1223 316 1252 rem,
339 1215 380 1246 id.
395 1216 445 1246 vii.
465 1220 534 1248 135.

276 1293 378 1320 Παλλοιι
390 1292 421 1323 δ’,
439 1293 542 1318 ‘AMIN
552 1292 636 1329 ὕπερθε
645 1303 722 1320 καιτοι
734 1303 838 1328 κριτος,
861 1293 966 1319 δονεαντο

275 1340 393 1374 Αιγεφοι,
413 1345 515 1366 :frasam
529 1346 564 1366 τε“
584 1351 612 1366 το
626 1340 649 1366 δ’
659 1341 756 1372 εγγυθεν
767 1341 824 1376 lepor
837 1341 907 1375 ὕδωρ,

275 1388 384 1420 Nauem
395 1389 418 1419 εξ
432 1398 526 1423 σιντροιο
536 1387 719 1423 κατειζομενον,
741 1389 896 1424 κελκρυσδεε

238 1453 287 1484 uti
309 1455 508 1486 scribendum
527 1455 619 1496 jubet
640 1456 839 1494 Eustathius,
862 1455 902 1487 ad
927 1456 966 1487 Il.

238 1512 265 1537 P.
290 1517 318 1545 p.
346 1510 438 1538 1151.
472 1508 643 1546 Caeterum,
665 1510 740 1550 ρησιν
765 1507 968 1538 commodule

237 1558 392 1597 prolixam
407 1569 445 1588 ex
457 1558 619 1598 Euripidis
635 1558 765 1597 Medea,
782 1569 844 1589 ver.
864 1563 968 1590 190—

240 1612 311 1639 204.
335 1619 392 1639 nec
418 1619 542 1648 prorsus
565 1610 817 1650 intempestivam
847 1615 964 1646 tamen,

239 1661 378 1691 admovit
400 1661 565 1691 Bentleius
572 1674 581 1699 3
602 1672 699 1702 quam
724 1662 824 1692 nihilo
846 1663 965 1701 minus,

238 1713 396 1744 brevitatis
411 1714 446 1743 in
454 1714 504 1744 his
512 1713 681 1744 levioribus
689 1714 866 1753 studiosior,
883 1715 968 1755 apud

241 1766 345 1805 ipsum
359 1766 511 1806 tragicum
535 1766 642 1796 lectori
658 1766 826 1807 legendam
847 1766 966 1807 linquo.

242 1818 342 1848 Hunc
358 1824 465 1848 autem
479 1818 585 1848 locum
597 1818 631 1847 in
646 1818 745 1848 oculis
760 1817 871 1848 habuit
887 1818 969 1849 Bo'e'-

241 1869 315 1908 tius,
330 1869 383 1899 lib.
398 1870 429 1900 ii.
446 1875 518 1899 met.
535 1874 564 1900 5.

334 1931 447 1954 Somnos
459 1929 540 1953 dabat
551 1929 624 1953 herba
635 1929 761 1959 salubres,

335 1972 431 1994 Potum
443 1976 551 2000 quoque
563 1969 678 1994 lubricus
688 1969 782 2000 amnis,

336 2009 451 2032 Umbras
461 2008 583 2032 altissima
592 2008 679 2041 pinus.

281 2063 357 2093 Ver.
372 2066 424 2093 51.
440 2073 564 2102 corpora
577 2069 697 2094 curant.
720 2062 887 2103 Virgilius,
897 2073 966 2104 geo.

239 2116 278 2147 iv.
295 2119 366 2148 187.

372 2178 433 2200 tum
444 2178 518 2200 tecta
528 2178 636 2207 petunt,
653 2178 713 2200 tum
725 2179 828 2208 corpora
840 2179 943 2201 curant.

242 2231 373 2271 Epicuri
388 2238 495 2263 autem
508 2233 605 2272 ipsius
620 2232 807 2264 modestiam
822 2233 856 2264 in
872 2234 968 2273 victu,

241 2287 334 2322 atque
355 2284 606 2322 temperantiam,
629 2285 673 2315 sic
699 2286 835 2317 suaviter
856 2292 889 2316 et
910 2287 968 2316 ho-

242 2333 368 2364 norifice
382 2335 560 2373 praedicavit
573 2337 597 2367 J
598 2337 748 2375 uvenalis,
771 2338 836 2368 xiii.
853 2341 924 2368 122.

273 2419 703 2430 ———-—-
714 2417 768 2435 non
780 2411 925 2442 Epicurum

274 2445 397 2476 suspicit,
413 2447 507 2478 exigui
516 2447 613 2472 laetum
625 2448 789 2480 plantaribus
801 2449 888 2474 horti:

244 2513 275 2538 et
289 2518 375 2546 mox,
401 2509 461 2539 xiv.
479 2513 551 2541 519.
573 2521 637 2541 non
659 2512 766 2542 minus
787 2512 874 2544 lauto
895 2524 970 2545 cum

244 2561 411 2600 praeconio,
428 2561 564 2592 versibus
588 2569 712 2593 nectare
736 2565 845 2604 quovis
871 2565 970 2599 dulci-

244 2614 358 2650 oribus,
382 2624 439 2643 nec
465 2624 542 2643 auro
564 2621 672 2645 contra
694 2616 787 2654 caris;
811 2628 888 2658 quos
902 2629 970 2649 me-

243 2665 325 2694 mori
347 2671 469 2704 pectore
486 2665 626 2705 figendos
643 2666 752 2706 juveni
773 2667 882 2707 cuivis,
904 2671 971 2700 haec

243 2714 373 2756 legenti,
389 2716 484 2746 etiam
495 2722 586 2756 atque
596 2717 691 2747 etiam
701 2719 966 2751 commendamus:

531 2797 656 2814 mensura
668 2793 761 2816 tamen
773 2798 835 2822 quae

245 2829 361 2854 Sufficiat
373 2829 478 2859 census,
494 2830 514 2853 si
525 2830 582 2860 quis
593 2837 638 2854 me
650 2831 782 2861 consulat,
799 2833 892 2858 edam:
903 2863 906 2867 ⁵

244 2869 275 2892 In
285 2874 417 2900 quantum
426 2871 490 2900 sitis,
501 2874 584 2902 atque
594 2871 689 2901 fames,
702 2876 728 2896 et
738 2871 837 2905 frigora
846 2878 970 2906 poscunt3

247 2908 396 2939 Quantum,
408 2909 531 2940 Epicure,
547 2910 596 2934 tibi
607 2910 694 2942 parvis
705 2911 808 2937 suffecit
820 2913 847 2937 in
859 2913 958 2944 hortis;

248 2946 386 2977 Quantum
398 2949 525 2974 Socratici
535 2954 665 2981 ceperunt
675 2955 738 2977 ante
748 2956 868 2984 penates.

292 3009 365 3040 Ver.
388 3013 438 3043 32.
460 3014 554 3045 anni:
580 3018 616 3046 Δ.
638 3026 736 3047 aura:
771 3021 801 3047 et
825 3027 900 3048 sane
921 3019 972 3049 vix

1008 672 1134 713 po'etam
1147 673 1197 703 vel
1210 684 1314 704 unum
1336 674 1415 705 mihi
1430 674 1604 714 protuleris,
1629 675 1662 706 in
1678 677 1736 708 hac

1008 726 1140 755 materie
1154 731 1323 764 versatum,
1347 728 1400 768 qui
1417 738 1480 758 non
1496 739 1594 767 aurae,
1618 728 1667 758 vel
1681 731 1737 760 Ze-

1005 779 1115 818 phyri,
1130 777 1221 808 flores
1232 779 1399 818 evocantis,
1416 780 1611 811 mentionem
1626 780 1734 813 faciat:

1011 830 1119 860 confer
1146 830 1251 870 ipsum
1284 831 1402 862 Carum
1432 832 1473 862 ad
1498 843 1525 862 v.
1558 835 1739 866 756—740.

1010 880 1104 912 Latet
1117 881 1247 923 aliquid,
1271 882 1305 912 ni
1321 882 1419 913 fallor.
1467 883 1499 913 Si
1514 883 1635 914 codices
1649 884 1738 916 addi-

1011 938 1126 969 cerent,
1163 933 1294 973 receptis
1324 939 1549 974 anteponerem
1579 935 1739 978 equidem,

1010 993 1081 1024 quae
1095 991 1281 1025 sequuntur:

1023 1053 1187 1084 Praesertim,
1204 1062 1287 1086 quom
1299 1058 1446 1087 tempestas
1456 1057 1572 1087 adridet,
1589 1060 1617 1082 et
1625 1064 1700 1082 aure

1024 1094 1141 1124 Tempore
1151 1098 1333 1126 conspargunt
1345 1096 1498 1120 viridanteis
1509 1096 1617 1121 floribus
1628 1097 1737 1122 herbas=

1009 1156 1028 1186 i.
1045 1166 1071 1186 e.
1087 1166 1144 1186 suo
1159 1158 1419 1196 tempore—anni
1443 1164 1559 1189 statuto
1585 1165 1741 1200 tempore;

1009 1217 1093 1236 aurae
1107 1218 1208 1238 vernce
1224 1208 1355 1238 scilicet:
1376 1216 1407 1238 et
1422 1209 1501 1239 forte
1517 1221 1558 1240 an
1566 1210 1649 1242 illud
1661 1215 1741 1243 anni

1009 1268 1047 1288 ex
1070 1259 1292 1299 hujuscemodi
1317 1259 1420 1300 glossa
1445 1260 1583 1301 quadam
1608 1262 1643 1292 in
1664 1273 1740 1294 con-

1010 1317 1133 1343 textum
1144 1313 1273 1344 venerit.
1323 1314 1478 1351 Catullus,
1502 1314 1582 1345 lxiii.
1600 1319 1674 1347 281.

1237 1394 1314 1418 quos,
1331 1391 1441 1420 propter
1456 1388 1572 1413 fluminis
1583 1390 1679 1420 undas,

1041 1428 1114 1451 Aura
1125 1426 1195 1458 parit
1196 1426 1275 1457 flores
1286 1427 1371 1459 tepidi
1380 1427 1498 1453 fecunda
1510 1429 1628 1453 Favonii.

1055 1485 1136 1515 Ibid.
1159 1492 1337 1526 tempestas:
1365 1486 1385 1516 i.
1410 1497 1436 1518 e.
1463 1487 1531 1518 dies
1554 1489 1650 1527 veris;
1674 1491 1742 1532 ὤρη,

1012 1537 1111 1566 Hom.
1130 1537 1169 1566 Il.
1188 1543 1216 1567 Β.
1234 1541 1306 1568 468.
1351 1538 1509 1570 Pacuvius
1531 1540 1615 1579 apud
1638 1540 1741 1571 Noni-

1011 1597 1077 1623 um,
1101 1597 1175 1618 voce
1189 1594 1292 1618 tueor:

1071 1656 1160 1687 Quam
1171 1658 1199 1680 te
1209 1659 1270 1687 post
1281 1656 1366 1680 multis
1376 1659 1455 1682 tueor
1465 1658 1663 1690 tempestatibus.-

1010 1704 1148 1744 phrasim
1174 1705 1292 1738 scilicet
1316 1706 1633 1748 pervulgatissimam,
1665 1717 1741 1741 πολ-

1013 1764 1078 1791 λαις
1110 1771 1134 1788 εν
1162 1759 1360 1796 ἨΜΕΡΛΙΣ,
1395 1758 1580 1790 Graecorum
1609 1761 1743 1801 tragico-

1011 1819 1084 1838 rum
1113 1809 1310 1839 transferens.
1356 1809 1469 1851 Neque
1498 1811 1588 1842 aliter
1617 1812 1744 1844 Tullius

1014 1860 1196 1890 Homerum
1210 1860 1356 1896 reddidit,
1378 1861 1418 1891 de
1434 1860 1494 1892 div.
1506 1862 1525 1892 i.
1543 1865 1592 1893 25.

1075 1920 1169 1944 Tertia
1180 1923 1209 1944 te
1219 1919 1324 1944 Phthiae
1336 1922 1468 1952 tempestas
1479 1920 1544 1946 laeta
1554 1921 1671 1947 locabit:

1012 1968 1053 2000 ad
1069 1969 1108 2000 IL
1126 1976 1148 2001 1.
1163 1973 1236 2000 565.

1091 2037 1120 2060 Et
1135 2035 1159 2060 δε
1172 2044 1213 2061 κεν
1225 2037 1333 2065 ευπλοῖἥν
1345 2035 1394 2070 Bam
1403 2040 1496 2065 κλυτος
1506 2039 1673 2069 Εννοσιγαιος,

1088 2091 1223 2117 ἯΜΑΤΙ
1235 2101 1265 2118 κε
1276 2103 1388 2127 τριτωτῳ
1402 2092 1475 2123 Φθιην
1487 2091 1596 2129 εριῖωλον
1607 2094 1713 2128 ἱκοίμην.

1015 2145 1081 2177 Ubi
1096 2145 1323 2177 animadvertat
1336 2146 1444 2185 lector,
1459 2147 1565 2186 velim,
1580 2148 1660 2178 illud
1675 2149 1741 2188 epi—

1012 2199 1121 2229 theton
1144 2197 1184 2228 de
1208 2200 1261 2229 deo
1290 2204 1488 2237 usurpatum,
1521 2206 1630 2230 κλυτον
1655 2199 1739 2238 dico;

1012 2249 1086 2280 hinc
1102 2250 1187 2279 enim
1203 2255 1307 2279 noster
1322 2249 1360 2280 de
1385 2251 1507 2287 Venere,
1530 2249 1549 2279 i.
1567 2253 1618 2280 41.

1042 2321 1104 2327 —
1113 2311 1207 2340 petens
1218 2307 1351 2339 placidam
1363 2307 1501 2338 Romanis,
1514 2307 1621 2337 incluta,
1632 2314 1739 2339 pacem.

1055 2371 1137 2401 Ibid.
1158 2377 1316 2411 tempestas
1331 2373 1462 2402 adridet.

1011 2429 1060 2453 tor
1075 2423 1286 2461 Mantuanus,
1308 2423 1363 2453 ecl.
1379 2423 1431 2453 vii.
1448 2425 1498 2454 55.

1507 2370 1657 2402 Similiter
1671 2381 1740 2412 pas-

1074 2496 1172 2521 Omnia
1183 2503 1256 2521 nunc
1268 2495 1392 2521 rident-.

1056 2559 1133 2590 Ver.
1159 2563 1211 2591 53.
1236 2565 1459 2600 conspargunt:
1492 2566 1532 2590 Π.
1558 2571 1628 2591 cum
1652 2571 1740 2601 spar-

1011 2613 1342 2651 gunt.—viridanteis.·
1371 2617 1415 2641 Ω..
1431 2613 1652 2643 viridantibus:
1677 2612 1739 2643 ele-

1014 2670 1124 2704 ganter
1138 2663 1253 2701 hercle,
1276 2668 1308 2692 et
1329 2662 1467 2692 fortassis
1489 2673 1573 2701 vere;
1597 2669 1633 2694 ut
1647 2664 1740 2694 intel-

1013 2715 1129 2755 ligatur
1143 2713 1330 2744 vocabulum
1347 2714 1385 2744 de
1399 2714 1506 2754 quovis
1521 2714 1611 2744 hilari
1625 2715 1740 2754 colore,

1013 2771 1214 2804 venustoque.
1271 2765 1321 2795 Sic
1354 2764 1546 2797 Claudianus
1575 2766 1615 2797 de
1643 2768 1740 2802 Iride,

1015 2824 1092 2858 rapt.
1109 2818 1196 2848 Pros
1213 2817 1245 2848 ii.
1264 2821 1332 2849 100.

1392 2885 1455 2903 cum
1467 2878 1578 2904 tramite
1589 2878 1664 2904 flexo

1077 2917 1176 2942 semita
1186 2917 1304 2943 discretis
1313 2917 1452 2943 interviret
1464 2919 1574 2943 humida
1586 2918 1698 2943 nimbis:

1015 2977 1084 3008 quae
1098 2965 1184 2996 haud
1206 2965 1328 3006 vulgari
1354 2967 1522 2997 Musarum
1540 2966 1644 3005 lepore
1665 2973 1739 2997 con-

1016 3025 1096 3050 tacta
1105 3028 1170 3049 esse
1181 3028 1252 3049 vere
1262 3018 1489 3050 affirmaverim.
1535 3018 1623 3049 Hinc
1634 3024 1740 3049 autem
