1894 3253
222 265 315 304 312

733 255 793 303 T.
837 254 1218 304 LUCRETII

363 388 483 437 Ossa,
516 401 655 438 cruor,
683 401 816 438 venae,
845 387 974 438 color,
1001 386 1170 437 humor,
1197 387 1367 437 viscera,
1391 388 1545 439 nervei,

364 461 652 511 Constituunt;
690 477 784 518 quae
805 470 903 504 sunt
922 477 1066 518 porr0‚
1102 461 1296 503 distantia
1315 461 1453 518 longe,

245 538 328 577 670
358 535 559 576 Dissimili
579 535 760 591 perfecta
779 536 913 595 figura
934 537 1249 592 principiorum.

417 609 530 651 Tum
549 625 691 666 porro,
727 627 1029 668 quaequomque
1048 612 1136 669 igni
1155 611 1364 653 flammata
1385 617 1635 661 cremantur,

359 683 405 724 Si
424 683 528 725 nihil
547 694 762 740 praeterea,
795 694 935 727 tamen
955 685 1046 726 haec
1066 686 1110 726 in
1130 700 1304 741 corpore
1324 685 1504 735 aluntur,

213 842 419 871 animantem:
457 840 495 870 P.
524 843 735 878 animantum;
769 842 897 882 optime,
920 842 947 872 si

213 891 336 922 codices
361 891 676 923 addicerent—una.-
704 893 743 923 P.
768 905 881 928 αηιιτης
909 898 945 924 Δ.

214 944 262 974 Μ.
278 955 385 982 unam,
407 950 443 974 ut
457 953 642 975 communes
657 945 733 975 editi
739 957 748 982 ;
772 945 945 975 mendosis-

212 996 299 1026 sime.
353 997 421 1027 Una
445 1006 559 1036 nempe
582 1008 659 1033 ossa,
684 1008 764 1028 unus
790 1008 895 1036 cruor,
916 1003 947 1028 et

211 1047 342 1088 reliqua,
366 1047 471 1078 valent
501 1051 523 1066 ‘⁶
547 1058 614 1079 ossa
635 1054 666 1078 et
688 1059 792 1086 cruor,
815 1054 881 1078 tam
905 1048 945 1078 si—

213 1103 236 1118 “
252 1099 352 1137 milia,
376 1107 413 1130 ut
428 1099 538 1130 eadem
560 1110 686 1139 prorsus
707 1101 741 1130 in
756 1100 954 1131 animalibus*

211 1154 235 1170 “
251 1152 398 1182 omnibus
421 1152 519 1182 videri
542 1153 676 1192 possint;
699 1159 729 1183 et
751 1159 870 1191 tamen,
892 1158 944 1182 ut-

211 1207 234 1222 “
251 1214 376 1245 cunque
391 1204 507 1241 affinia,
531 1204 570 1234 de
593 1205 754 1244 principiis
778 1211 846 1235 toto
867 1204 945 1235 coelo

209 1259 233 1274 “
250 1256 437 1286 distantibus
470 1256 742 1295 componuntur:”
780 1256 866 1286 unde
899 1256 944 1285 vis

210 1307 315 1337 omnis
335 1314 366 1337 et
380 1307 552 1346 proprietas
575 1318 631 1337 sua
653 1307 752 1346 po'etae
775 1317 944 1347 argumen-

209 1359 320 1389 tationi
336 1365 488 1390 constant.
533 1359 617 1390 Mihi
633 1360 719 1390 enim
735 1370 807 1390 vero
826 1359 944 1390 interea

210 1422 318 1442 caussa
350 1411 578 1451 depravationis
608 1412 742 1442 subolet:
784 1412 944 1451 displicuit

213 1464 322 1504 utique
347 1464 431 1494 nasis
453 1464 624 1494 scribarum
645 1464 880 1494 rhinocerotum
907 1476 944 1494 τε

211 1526 274 1545 una
291 1525 369 1544 usus
392 1515 426 1544 in
449 1524 583 1544 numero
606 1514 836 1552 multitudinis;
859 1514 948 1554 quasi

210 1566 343 1606 hujusce
360 1566 505 1597 formulae
519 1566 691 1606 specimina
713 1567 746 1596 in
762 1567 948 1597 Latinarum

209 1618 372 1649 literarum
401 1619 617 1649 monumentis
646 1630 711 1650 non
741 1618 944 1650 abundarent.

213 1669 319 1707 Silius,
343 1670 426 1700 Pun.
443 1670 507 1701 xiii.
532 1674 602 1701 196.

305 1728 355 1752 Sed
367 1734 422 1752 non
434 1735 488 1752 una
499 1728 561 1752 viris
571 1728 630 1752 tela.

210 1778 382 1813 Arnobius,
406 1777 458 1808 lib.
485 1778 523 1808 η’.
551 1789 580 1817 p.
612 1782 681 1809 195.
715 1782 737 1796 “
765 1778 832 1808 Aut
857 1779 943 1809 enim

209 1833 231 1847 “
248 1828 345 1858 nullis
360 1829 416 1858 erit
438 1831 581 1868 partibus
606 1836 853 1869 praesenS,—aut
868 1829 941 1860 ade-

211 1885 232 1899 “
250 1881 290 1910 rit
305 1883 376 1912 unis
392 1881 549 1911 tantum.”
590 1881 642 1912 Sic
658 1881 711 1912 ille
727 1882 810 1918 alibi,
828 1889 864 1913 ut
874 1883 940 1913 Lu-

208 1934 324 1963 cretius
339 1944 415 1963 suus
430 1944 504 1963 mox
520 1933 614 1973 infra,
637 1945 698 1964 ver.
716 1938 788 1966 917.
805 1935 847 1965 iii.
870 1938 943 1966 616.

210 1985 284 2014 Hac
301 1996 375 2015 usus
390 1986 564 2021 occasione,
587 1997 624 2015 ex
638 1986 735 2027 longe
748 1987 941 2026 corruptissi-

209 2036 271 2066 mis
296 2037 567 2068 emendatissimos
591 2038 671 2068 dabo
698 2049 803 2069 versus
825 2039 942 2070 Avieni

209 2097 360 2127 perquam
376 2087 534 2127 elegantes
548 2088 581 2117 in
602 2090 666 2119 orb.
691 2089 771 2119 desc.
792 2093 865 2121 501.
888 2091 942 2130 qui

209 2138 258 2168 vel
284 2138 460 2178 Virgilium
483 2145 643 2170 auctorem
666 2140 755 2170 nullo
770 2141 865 2171 modo
888 2141 941 2172 de-

211 2190 421 2221 decorassent:

225 2274 375 2298 Ambarum
386 2274 477 2298 medio
489 2281 600 2306 procera
611 2275 734 2307 Neapolis
741 2282 831 2301 arcem

227 2314 358 2346 Subrigit:
377 2314 446 2339 hanc
458 2322 559 2339 sursum
570 2322 636 2347 gens
647 2315 700 2341 late
711 2316 795 2347 prisca
804 2316 924 2341 virorum

225 2354 377 2386 Lotophagi
387 2355 537 2379 incumbunt
546 2365 554 2380 :
569 2356 703 2386 durosque
711 2358 872 2381 Nasamonas
879 2357 941 2383 inde

224 2394 329 2426 Adspice
339 2403 347 2418 .·
372 2395 446 2425 queis
468 2396 607 2426 quondam
628 2396 791 2428 populorum
813 2398 941 2423 examina

317 2435 405 2459 multa

225 2476 369 2499 Versavere
379 2474 466 2499 solum
475 2484 482 2505 ;
501 2475 579 2500 multo
589 2482 704 2502 sonuere
713 2484 761 2508 per
770 2484 848 2509 agros

223 2514 318 2538 Balatu
330 2514 462 2545 pecudes:
483 2521 555 2539 nunc
565 2514 613 2540 lati
621 2514 717 2547 jugera
727 2517 817 2548 campi

224 2554 267 2582 Et,
285 2560 366 2585 grege
377 2554 459 2583 nuda,
481 2558 574 2584 tacent,
594 2558 622 2579 et
633 2558 696 2579 sunt
707 2555 856 2580 cultoribus
865 2556 939 2581 orba.

223 2594 336 2618 Ausonis
345 2594 407 2618 haec
419 2595 487 2618 duro
499 2594 615 2618 vastavit
626 2595 742 2620 dextera
753 2595 822 2620 bello
829 2604 839 2626 3

225 2633 337 2657 Ausonis
344 2633 439 2658 invicti
450 2640 514 2665 gens
526 2634 627 2658 roboris
638 2641 692 2659 una
703 2641 751 2666 per
762 2635 856 2660 orbem

224 2673 304 2695 Anna
316 2672 395 2696 tulit:
413 2673 514 2704 pubem
527 2673 633 2698 Latiam
644 2673 716 2698 ferus
726 2673 831 2699 horruit
842 2676 924 2705 Ister;

226 2711 360 2735 Romanas
371 2711 471 2742 aquilas
483 2712 628 2736 Rhodanus
639 2713 749 2744 tremit3
767 2714 896 2740 Italidum
907 2716 935 2740 vi

224 2750 303 2779 Caesa,
321 2751 495 2783 paludivagos
507 2753 656 2777 Germania
667 2752 742 2779 flevit
752 2754 885 2780 alumnos.

207 2828 330 2859 Locum
356 2831 568 2869 pulchriorem
599 2834 686 2864 haud
712 2840 830 2865 temere
851 2845 938 2875 repe-

208 2879 276 2910 ries.
323 2880 364 2910 In
389 2891 451 2912 ver.
480 2887 508 2912 2.
537 2884 633 2924 vulgo
654 2885 782 2925 legitur,
804 2897 941 2918 mersum.

210 2931 251 2961 In
266 2941 326 2962 ver.
342 2935 371 2963 5.
394 2934 574 2970 induciam,-
598 2935 668 2967 vide
691 2947 753 2969 ver.
778 2940 850 2969 457.
895 2938 937 2970 In

989 853 1050 873 ver.
1067 846 1095 872 4.
1112 844 1234 882 Accipe.
1274 842 1315 872 In
1325 852 1386 872 ver.
1403 844 1431 873 5.
1447 844 1564 873 multos.
1602 842 1642 872 In
1658 852 1718 873 vet.

990 895 1152 933 7.jacent;
1181 894 1289 924 confer
1304 894 1394 934 Virg.
1410 904 1479 934 geo.
1502 894 1544 924 iii.
1561 897 1632 926 554.
1647 897 1720 926 555.

991 946 1032 976 In
1058 956 1119 976 ver.
1144 945 1203 975 ult.
1231 945 1377 986 denique,
1405 947 1525 976 flsoesta.
1572 946 1633 976 Sed
1653 946 1723 987 jam

989 996 1081 1027 video
1094 998 1153 1027 hoc
1169 996 1350 1036 exemplum
1365 1007 1430 1027 esse
1442 996 1547 1027 dubiae
1562 1003 1721 1028 construo-

990 1050 1092 1080 tionis.

1034 1102 1114 1132 Ibid.
1141 1113 1229 1142 quern
1244 1103 1287 1133 vis
1303 1104 1501 1133 animantem.

989 1154 1051 1184 tius
1065 1154 1190 1184 locutus
1204 1159 1261 1192 est,
1284 1159 1339 1184 sat.
1354 1153 1386 1184 ii.
1406 1157 1431 1184 1.
1447 1157 1497 1184 40.

1547 1102 1598 1133 Sic
1614 1102 1721 1133 Hora-

1213 1230 1259 1254 sed
1269 1229 1312 1253 hic
1323 1228 1408 1260 stylus
1418 1229 1491 1253 haud
1502 1232 1578 1261 petet
1593 1229 1663 1255 ultro

1019 1269 1176 1300 Quemquam
1187 1269 1353 1294 animantem.

1031 1341 1106 1371 Ver.
1122 1346 1194 1373 668.
1217 1345 1307 1373 color.
1358 1343 1408 1373 Sic
1430 1354 1525 1374 ausus
1547 1355 1619 1374 sum
1634 1344 1721 1375 resti-

987 1398 1085 1430 tuere,
1102 1393 1151 1423 vel
1166 1393 1272 1423 invitis
1287 1393 1383 1432 libris,
1400 1404 1457 1434 pro
1472 1395 1601 1436 vulgato
1622 1398 1718 1428 calor:

987 1455 1062 1474 nam
1077 1445 1116 1475 de
1130 1448 1227 1485 specie
1238 1456 1356 1485 rerum,
1373 1447 1472 1477 oculis
1487 1454 1720 1488 usur-patarum,

993 1496 1160 1526 Lucretius
1184 1496 1337 1536 disputan
1371 1504 1403 1528 et
1427 1498 1526 1529 nihilo
1549 1500 1652 1540 magis
1680 1500 1721 1531 ad

993 1558 1062 1578 rem
1072 1550 1155 1579 calor
1165 1548 1249 1584 facit,
1261 1559 1357 1590 quam
1361 1549 1480 1589 frigus.
1526 1551 1606 1581 Mox
1617 1552 1652 1582 in
1660 1554 1721 1583 hoc

993 1598 1074 1629 libro
1099 1599 1138 1630 de
1160 1602 1308 1632 coloribus
1332 1601 1510 1631 uberiorem
1532 1601 1721 1643 disquisitio·

989 1662 1063 1682 nem
1092 1652 1236 1684 instituit.
1286 1654 1359 1684 Hac
1389 1653 1611 1686 emendatione
1639 1656 1721 1687 nihil

989 1714 1054 1733 esse
1069 1705 1183 1734 certius
1198 1705 1355 1742 existimo,
1373 1711 1429 1735 aut
1442 1705 1527 1746 quod
1541 1705 1648 1737 minus
1658 1707 1722 1738 lec·

986 1755 1114 1792 toribus,
1136 1762 1298 1797 utcunque
1313 1756 1412 1786 cautis
1426 1757 1631 1798 morosisque‚
1654 1758 1718 1788 dis·

986 1806 1170 1845 pliciturum
1185 1814 1238 1838 est.
1284 1807 1336 1837 De
1355 1807 1493 1838 confusis
1515 1815 1621 1839 autem
1636 1811 1719 1840 calor

987 1865 1017 1889 et
1032 1861 1113 1890 color
1127 1859 1302 1890 videbimus
1317 1859 1357 1890 ad
1372 1860 1411 1890 vi.
1425 1862 1497 1891 722.
1514 1863 1606 1892 1107.
1620 1867 1653 1892 et
1664 1872 1718 1892 su-

986 1921 1041 1949 pra
1055 1910 1194 1941 diximus
1208 1911 1249 1941 ad
1264 1921 1324 1942 ver.
1335 1915 1387 1942 68.

1030 1962 1106 1993 Ver.
1124 1967 1196 1994 669.
1220 1963 1309 1993 Ferri
1333 1968 1464 2002 possunt
1489 1962 1632 2004 vulgata3
1664 1965 1720 1995 sed

986 2013 1173 2054 cogitabam,
1190 2025 1231 2045 an
1242 2014 1332 2044 litera
1346 2014 1386 2045 ad
1401 2014 1498 2045 finem
1512 2015 1618 2046 versus
1633 2016 1716 2056 elap-

987 2075 1021 2094 sa
1034 2070 1113 2095 esset
1119 2077 1129 2104 3
1152 2068 1169 2096 ἒ
1184 2075 1309 2105 nempe,
1325 2065 1375 2095 vel
1389 2072 1436 2097 et:

1168 2160 1231 2185 quae
1241 2158 1305 2178 sunt
1315 2161 1395 2185 porro
1408 2154 1535 2179 distantia
1546 2154 1636 2187 longe,
1653 2158 1676 2179 et

1001 2193 1128 2217 Dissimili
1138 2193 1259 2224 perfecta
1271 2192 1357 2230 figura
1368 2193 1571 2225 principiorum.

984 2264 1082 2294 Hanc
1096 2264 1298 2296 omissionem
1308 2264 1470 2296 multoties
1484 2266 1600 2297 factam
1614 2267 1648 2297 in
1658 2278 1717 2298 no-

983 2315 1111 2346 tissimis
1126 2322 1184 2347 est:
1213 2317 1252 2347 de
1270 2327 1333 2358 quo
1357 2323 1464 2347 tamen
1486 2318 1647 2359 integrum
1661 2330 1713 2351 ve-

985 2367 1043 2398 lim
1059 2367 1097 2398 sit
1108 2368 1267 2408 judicium
1283 2369 1458 2400 lectoribus.

1027 2420 1101 2450 Ver.
1119 2422 1190 2450 671.
1212 2422 1292 2451 Tum
1308 2431 1544 2461 quaequomque:
1565 2427 1606 2452 11.
1626 2424 1716 2454 Tunc

983 2483 1171 2512 quocunque.

1029 2523 1105 2553 Ver.
1124 2526 1196 2555 679.
1218 2525 1283 2554 Izaec
1295 2525 1329 2554 in
1341 2535 1463 2564 corpore
1471 2526 1611 2555 aluntur.
1634 2525 1714 2555 Leo-

984 2575 1094 2613 tiones‚
1117 2575 1151 2604 in
1174 2574 1293 2606 difficili
1309 2575 1468 2614 varietate,
1492 2575 1565 2606 dedi
1586 2584 1713 2615 operam

984 2628 1162 2667 admittere,
1185 2640 1262 2670 quas
1283 2630 1384 2670 major
1409 2629 1607 2669 probabilitas
1627 2638 1712 2660 com-

985 2681 1133 2712 mendare
1147 2681 1300 2720 videatur,
1324 2688 1356 2713 et
1378 2682 1440 2713 loci
1465 2691 1557 2722 scopo
1581 2690 1712 2711 consen-

985 2739 1102 2764 taneaS.
1157 2734 1201 2765 In
1226 2734 1413 2765 dictionibus
1434 2736 1499 2765 lzoec
1523 2735 1558 2763 in
1589 2743 1712 2772 empore

984 2785 1071 2815 nulla
1086 2785 1238 2816 librorum
1252 2792 1298 2817 est
1312 2785 1475 2817 dissensio:
1500 2794 1557 2823 pro
1567 2786 1710 2824 aluntur,

983 2835 1024 2867 L.
1038 2837 1087 2867 M.
1096 2839 1276 2876 traduntur,
1292 2836 1378 2877 quod
1391 2842 1473 2866 certe
1483 2835 1631 2866 vitiosum
1647 2842 1708 2867 est:

982 2888 1056 2918 hinc
1073 2888 1204 2918 Vossius
1219 2894 1356 2918 nostram
1371 2887 1555 2926 scripturam
1580 2889 1710 2919 aluntur

981 2939 1186 2979 conjectando
1198 2938 1319 2970 videtur
1333 2938 1482 2970 effecisse:
1508 2938 1545 2969 P.
1558 2938 1656 2970 vind.
1667 2938 1709 2968 V.
