1894 3253
536 251 770 305 LIBER
819 251 1239 303 SECUNDUS.

1535 258 1623 299 261

279 391 498 433 Oblectare
518 390 718 438 animum,
750 386 1008 441 subitamque
1028 394 1212 427 avortere
1232 398 1387 426 curam:

281 466 371 507 Nec
393 465 611 507 vitulorum
632 464 722 505 aliae
742 460 894 517 species
914 475 988 514 per
1007 460 1157 514 pabula
1177 460 1271 502 laeta

135 628 158 643 ·‘
174 628 384 661 consueverat,
406 628 437 652 et
460 631 557 662 usque
580 620 620 651 ad
645 620 726 649 hanc
752 620 862 648 horam

136 681 158 695 “
175 682 334 715 tantopere
349 673 600 705 delectabatur:’'
625 671 694 702 vide
706 677 860 707 nostrum,

135 727 175 758 ad
191 728 210 757 i.
226 731 276 758 85.
302 732 332 756 et
346 736 431 763 mox,
455 735 514 755 ver.
529 728 604 755 389.
652 722 776 763 Reliqui
791 732 859 753 om-

135 789 191 809 nes
206 778 287 816 libri,
312 779 559 817 ulla—queunt:
588 781 627 805 Π.
644 780 784 814 querunt.

182 830 262 861 Ibid.
286 831 438 861 Flumina
469 830 594 859 summis
623 829 710 867 ripis.
756 826 861 863 iilam,

139 881 215 912 AEn.
230 881 270 911 xi.
288 884 359 912 547.

169 957 497 982 ——sunxtm's
508 957 654 982 Amasenus
665 955 802 980 abundans

171 998 318 1029 Spumabat
330 997 401 1029 ripis.

666 1075 758 1105 Idem
771 1075 865 1105 Man-

180 1077 256 1107 Ver.
271 1081 343 1108 565.
359 1083 619 1108 avorterecuranz.

139 1134 266 1166 tuanus,
291 1128 366 1158 AEn.
382 1128 420 1158 iv.
435 1131 508 1159 594.

519 1198 596 1223 dictis
606 1201 727 1223 avertere
739 1205 824 1222 curas.

143 1261 312 1298 Caeterum,
335 1270 391 1300 pro
404 1262 545 1295 subitam,
571 1266 611 1289 Π.
627 1270 792 1295 summam;
815 1258 864 1288 in·

138 1315 279 1350 feliciter,
303 1320 368 1344 tam
390 1315 430 1344 ob
451 1315 587 1351 summis,
611 1313 695 1353 quod
712 1313 781 1353 jam
804 1318 864 1343 sta-

137 1367 198 1396 tim
211 1365 377 1404 praeiverit,
401 1375 497 1405 quam
517 1366 557 1394 ob
580 1364 812 1404 exquisitiorem
830 1375 867 1394 u-

137 1429 209 1449 sum
229 1418 375 1449 dictionis
395 1420 526 1448 subitam
550 1418 584 1447 in
598 1418 658 1448 hoc
673 1428 774 1456 versu,
797 1428 867 1458 quae

138 1469 221 1500 valet
234 1470 427 1510 utique;—“
448 1468 482 1498 id
504 1479 598 1506 curae‚
623 1469 707 1509 quod
727 1480 793 1500 eam
816 1480 867 1500 szc-

140 1521 266 1551 “biit'‘
324 1521 433 1557 Quum
463 1529 535 1549 vero
561 1520 628 1549 haec
658 1520 870 1559 interpretatio

139 1573 289 1603 latissime
303 1578 418 1612 pateat,
442 1577 472 1601 et
486 1571 641 1601 nonnulla
655 1571 717 1601 sint
732 1572 822 1602 nobis
835 1572 869 1602 in

142 1624 295 1666 pharetra,
318 1625 377 1654 hoc
391 1623 578 1654 vocabulum
599 1625 778 1663 spectantia,
801 1636 870 1665 quae

143 1684 270 1708 caeteros
283 1676 463 1707 Latinitatis
478 1676 632 1707 studiosos
646 1676 772 1707 latuisse
787 1677 872 1707 vide-

144 1736 252 1767 antur;
276 1739 328 1759 me
350 1739 416 1759 rem
439 1728 511 1758 viris
533 1728 774 1769 elegantioribus
789 1729 874 1759 haud

145 1781 353 1822 injucundam
390 1780 548 1810 facturum
585 1780 727 1818 arbitror,
766 1781 789 1810 si
820 1792 874 1820 per

146 1832 299 1872 quosdam
310 1837 450 1862 veterum
462 1831 556 1867 locos,
568 1832 630 1861 huc
642 1831 794 1868 admotos,
807 1832 874 1862 voci

146 1883 338 1915 illustrandae
361 1883 593 1924 aliquantulum
614 1884 763 1922 temporis
785 1884 873 1913 insis-

147 1944 228 1968 tam:
255 1938 328 1967 hinc
343 1937 428 1967 enim
443 1937 583 1978 digressi,
606 1944 731 1977 tyrones
745 1938 875 1977 propriis

147 1989 264 2019 viribus
279 1989 312 2018 in
327 1989 472 2019 futurum
494 1989 602 2019 omnia
617 1989 790 2019 consimilia
805 1990 876 2030 qui-

148 2043 228 2072 bunt
256 2041 480 2072 administrare.
527 2042 655 2071 Primus
681 2041 762 2072 adsit
787 2041 877 2072 nobis

149 2093 315 2133 Virgilius,
333 2093 408 2123 AEn.
425 2093 473 2122 vii.
491 2096 541 2123 67.

180 2162 314 2191 Examen,
330 2161 439 2185 subitum
451 2168 527 2186 ramo
538 2161 692 2192 frondente,
709 2162 854 2194 pependit:

150 2238 263 2266 nempe
293 2238 436 2265 examen,
470 2231 550 2268 quoti
579 2239 705 2258 ramum
735 2231 877 2260 subierat.

154 2280 281 2317 Statius,
304 2280 368 2310 silv,
383 2290 410 2310 ν.
426 2284 456 2310 5.
476 2284 546 2311 104.

215 2353 302 2376 Exere
312 2352 453 2377 semirutos
463 2353 542 2377 subito
554 2354 587 2378 de
592 2354 705 2386 pulvere
716 2355 817 2385 vultus,

214 2392 427 2423 Parthenope—2

154 2455 256 2494 pulvis
279 2455 400 2495 utique,
423 2456 476 2495 qui
498 2458 588 2487 desub
605 2462 741 2495 exortus,
764 2468 817 2488 eos
832 2469 879 2489 ve-

155 2510 215 2545 nit,
231 2506 379 2546 texitque.
425 2507 474 2537 Ibi
489 2507 731 2539 lamentabiliter
747 2516 879 2540 aestuan-

155 2566 222 2591 tem
238 2558 466 2589 Biarklandum
481 2559 596 2598 videas,

219 2642 358 2672 Quantum
371 2647 458 2671 neque
469 2644 527 2664 atro
539 2640 671 2666 delibutus
683 2643 809 2668 Hercules

219 2680 291 2704 Nessi
302 2685 407 2704 cruore.

158 2750 294 2789 Interea,
317 2751 475 2781 maculam
497 2751 657 2782 diluamus
678 2763 716 2783 ex
737 2753 881 2794 Lampri-

157 2803 221 2841 dio,
255 2804 295 2834 ad
322 2803 476 2834 Antonin.
530 2804 698 2845 Heliogab.
726 2811 797 2835 sect.
828 2809 879 2837 25.

159 2857 183 2873 “
199 2856 311 2886 Ebrios
319 2856 435 2886 amicos
446 2856 631 2897 plerumque
645 2856 822 2894 claudebat3
840 2864 882 2896 et,

159 2909 182 2924 ‘⁸
197 2906 295 2936 ειιόίιᾶ
311 2913 411 2943 nocte,
435 2914 466 2938 et
479 2908 652 2947 leopardos,
676 2914 707 2938 et
729 2919 817 2939 ursos
831 2919 884 2939 ex-

160 2959 183 2974 “
199 2963 344 2998 armatos,
359 2959 624 2991 immittebat—,²⁷
657 2959 793 2999 Nempe,
810 2970 883 2992 noc-

1151 615 1250 651 Libri,
1265 616 1370 646 subito.

903 670 976 697 548.
992 666 1134 697 similiter
1148 666 1319 706 capiendus
1334 672 1393 696 est:

904 621 946 653 te,
962 614 1107 655 ingressa.
1414 615 1575 654 Lucanus,
1590 615 1629 645 vi.

1283 748 1424 780 subitaeque
1435 748 1540 773 ruinam

968 788 1052 813 Sensit
1064 795 1143 820 aquae
1156 790 1270 814 Nereus:

905 872 974 902 quoe
986 861 1076 891 illum
1088 864 1264 892 intraverat.
1289 861 1378 892 Hinc
1387 861 1537 902 castigem
1549 860 1635 901 equi-

907 913 980 943 dem
998 912 1111 943 Rutilii
1127 913 1194 944 itin.
1210 913 1231 944 i.
1248 917 1319 944 548.
1336 913 1391 944 ubi
1407 913 1509 944 editur
1523 914 1634 944 subito.-

938 983 1049 1008 Parvula
1059 984 1188 1008 subrectis
1199 983 1314 1008 facimus
1325 983 1442 1008 tentoria
1452 983 1547 1013 remis;

970 1024 1148 1048 Transversus
1157 1022 1246 1047 subitis
1256 1023 1375 1047 culmina
1385 1026 1482 1047 contus
1492 1026 1564 1047 erat:

912 1087 1002 1117 nobis
1016 1086 1132 1117 scilicet
1147 1088 1299 1127 ingressis.
1334 1088 1445 1122 Celsus,
1461 1086 1480 1115 i.
1491 1088 1519 1116 5.
1538 1089 1559 1104 ‘⁴
1572 1085 1637 1116 Ne-

913 1142 935 1157 “
952 1149 998 1175 ve,
1013 1140 1146 1169 subitum
1162 1148 1201 1169 ex
1216 1138 1379 1177 repentino
1394 1137 1514 1173 nubilo,
1538 1137 1638 1177 frigus

912 1193 933 1207 “
950 1189 1147 1219 dimoveat:'’
1170 1189 1190 1218 i.
1206 1199 1232 1219 e.
1252 1189 1364 1229 frigus,
1386 1199 1424 1219 ex
1440 1188 1549 1219 nubilo
1564 1191 1635 1219 illa-

909 1248 983 1272 tum.
1027 1240 1123 1271 Unde
1138 1240 1307 1281 intelligas,
1327 1246 1358 1270 et
1373 1240 1462 1270 facile
1477 1240 1637 1278 emendes,

909 1291 989 1332 epig.
1008 1294 1056 1322 15.
1070 1291 1122 1322 lib.
1138 1291 1169 1322 ii.
1186 1291 1317 1323 Anthol.
1334 1291 1404 1323 Lat.
1420 1291 1611 1322 Burmanni:

943 1370 996 1393 Sub
1007 1372 1085 1393 tanto
1096 1369 1185 1393 subitae
1195 1372 1347 1401 stupuerunt
1358 1369 1478 1401 pondere
1488 1368 1580 1393 classes
1587 1376 1596 1398 ;

910 1434 929 1463 i.
946 1443 971 1463 e.
1000 1437 1020 1451 “
1036 1433 1155 1469 classes
1179 1444 1247 1473 quae
1261 1434 1419 1464 subierunt
1435 1438 1554 1462 tantam
1569 1442 1639 1462 mo-

912 1489 934 1502 “
948 1485 1012 1515 lein
1027 1485 1175 1515 montis.⁷’
1222 1485 1271 1515 Ibi
1294 1484 1465 1515 admodum
1486 1483 1640 1514 tumultu-

912 1543 1000 1567 antes
1014 1537 1118 1567 videas
1141 1537 1222 1567 viros
1247 1537 1396 1568 eruditos.
1442 1537 1550 1577 Vulgo
1564 1537 1642 1567 dant

913 1591 1020 1628 etiam,
1034 1596 1209 1621 sonuerunt.
1254 1589 1420 1620 Addamus
1435 1589 1577 1627 Florum,
1594 1589 1639 1618 iii.

918 1646 967 1672 10.
986 1645 1033 1672 14.
1057 1645 1079 1660 “
1095 1641 1235 1672 Tantum
1258 1641 1378 1680 pavoris
1400 1640 1540 1679 incussit,
1562 1641 1645 1670 intra

918 1697 940 1711 “
956 1693 1056 1731 ripam
1081 1694 1192 1730 subita,
1221 1693 1367 1722 Romana
1392 1692 1470 1722 vis.’'
1515 1691 1642 1729 Editur,

917 1745 1188 1775 subita—Lucem
1202 1744 1278 1774 libet
1292 1744 1374 1774 inter
1388 1745 1531 1774 tenebras
1545 1743 1643 1774 Vale-

917 1796 954 1825 rii
972 1796 1072 1826 Flacci
1088 1796 1246 1833 extollere,
1268 1795 1290 1826 i.
1308 1799 1381 1826 437.

919 1870 996 1899 Hinc,
1008 1876 1150 1895 numerosa
1160 1869 1290 1901 phalanx,
1302 1869 1388 1901 proles
1399 1868 1536 1901 Cyllenia;
1554 1871 1644 1894 certus

919 1910 1076 1940 AEthalides,
1092 1909 1186 1934 subitas
1197 1916 1280 1934 nervo
1291 1909 1432 1938 redeunte,
1448 1908 1556 1940 sagittas

918 1951 1069 1981 Cogere—t

919 2014 937 2044 i.
965 2024 990 2044 e.
1021 2020 1123 2044 certus
1152 2024 1273 2054 cogere,
1303 2013 1353 2043 vel
1378 2011 1576 2051 compellere,
1607 2013 1647 2043 ad

921 2075 1049 2104 scopum
1061 2066 1199 2105 sagittas,
1222 2075 1292 2105 quae
1309 2065 1436 2095 subeunt
1452 2073 1584 2093 nervum
1599 2074 1647 2093 re-

921 2117 1071 2147 deuntem
1086 2116 1126 2146 ad
1148 2116 1313 2146 stationem
1335 2126 1436 2153 suam,
1461 2121 1553 2156 atque
1575 2116 1649 2146 inde

921 2168 1050 2208 sagittas
1064 2167 1298 2207 propellentem.
1343 2167 1451 2204 Porro,
1475 2177 1534 2196 vox
1549 2178 1650 2206 cogere

922 2220 1137 2258 complectitur
1163 2230 1291 2249 sensum
1314 2218 1543 2254 multitudinis;
1565 2218 1651 2248 unde

921 2273 1014 2303 tacite
1030 2272 1188 2312 colligitur
1210 2282 1283 2301 eum
1298 2271 1394 2301 fuisse
1417 2270 1511 2300 etiam
1523 2272 1648 2309 gnavis-

922 2328 1031 2356 simum
1044 2323 1249 2364 sagittarium.

923 2378 1023 2408 Sabini
1045 2386 1147 2406 manes
1173 2375 1278 2412 Statii,
1302 2374 1400 2404 Theb.
1415 2373 1467 2404 vii.
1484 2377 1555 2404 409.
1578 2379 1651 2402 sunt

925 2433 947 2447 ‘⁶
964 2438 1081 2463 manes,
1098 2427 1151 2467 qui
1167 2426 1307 2466 sepulcra
1320 2425 1526 2461 deseruerint,
1543 2430 1578 2453 ut
1588 2430 1648 2454 ter-

925 2484 947 2498 “
963 2491 1015 2510 ras
1029 2478 1292 2519 i1zg7·e(1'erentur.”
1339 2478 1378 2507 In
1405 2476 1511 2507 Ovidii
1532 2476 1602 2506 fast.
1619 2476 1650 2506 ii.

926 2535 998 2562 286.

957 2605 1014 2635 Ipse
1024 2603 1088 2628 deus
1100 2603 1182 2628 velox
1191 2603 1339 2627 discurre-:e
1350 2602 1450 2633 gaudet
1460 2601 1486 2624 in
1498 2600 1557 2625 altis

986 2644 1133 2673 Montibus,
1150 2647 1177 2667 et
1189 2642 1284 2666 subitas
1296 2642 1415 2666 concitat
1426 2641 1484 2664 inde
1494 2640 1580 2670 feras;

927 2700 1137 2739 interpreteris
1166 2699 1271 2736 velim,
1307 2701 1330 2715 “
1354 2697 1447 2734 seraa,
1470 2707 1539 2737 quae
1561 2706 1652 2726 mon-

928 2756 948 2770 “
965 2758 1028 2782 tem
1040 2749 1220 2785 subierint‚''
1236 2749 1284 2779 vel
1293 2748 1486 2787 occuparint:
1505 2747 1548 2777 sic
1559 2747 1652 2777 etiam

926 2803 1097 2844 legendum
1126 2808 1181 2838 est,
1214 2804 1285 2833 inde
1315 2812 1372 2840 pro
1399 2803 1449 2832 ille
1457 2817 1468 2838 ,·
1506 2801 1589 2842 quod
1623 2807 1654 2830 et

927 2855 1082 2887 Heinsius
1096 2861 1168 2884 ante
1183 2864 1234 2884 me
1254 2853 1376 2884 dudum
1391 2853 1517 2884 viderat.
1561 2851 1652 2882 Idem

929 2908 1091 2947 Cythereae
1128 2911 1222 2943 vates,
1256 2905 1375 2935 nemini
1411 2902 1650 2944 posthabendus‚

927 2959 1013 2999 epist.
1030 2959 1081 2990 xii.
1098 2962 1149 2991 98.
