1894 3253
233 240 292 285 88

724 228 784 282 Τ.
832 232 1242 281 LUCRETII

376 369 533 411 Verum
553 367 692 408 animo
713 365 808 406 satis
827 364 919 406 haec
939 365 1108 421 vestigia
1127 380 1254 420 parva
1274 367 1412 423 sagaci

378 445 498 493 Sunt,
520 456 594 497 per
615 455 708 497 quae
728 440 858 496 possis
886 454 1134 496 cognoscere
1155 448 1305 482 caetera
1323 448 1424 481 tute.

259 523 339 559 405
373 518 565 572 Namque
585 530 720 565 canes,
742 522 789 556 ut
808 513 1059 570 montivagae
1079 529 1264 569 persaepe
1283 514 1389 555 ferai'

372 591 554 634 Naribus
573 589 804 639 inveniunt,
826 587 984 643 injectis
1003 586 1170 637 frunde,
1194 589 1365 643 quietes,

274 750 348 779 Ver.
361 751 434 779 401.
453 754 596 788 possunt.-
621 747 665 777 ita
682 751 716 778 Δ.
733 752 764 777 et
778 745 961 777 collationes
994 744 1095 786 fera'i,
1112 754 1208 785 quam
1223 744 1263 774 ad
1277 755 1380 782 canes,
1392 744 1588 785 aliquantulo
1603 745 1734 786 elegan-

232 799 429 838 Heinsianae,
446 809 541 840 quam
552 799 731 835 lectionem,
747 804 784 828 ut
799 797 958 838 exquisiti-

229 862 317 882 orem
340 851 494 881 sermonis
523 851 717 888 varietatem,
748 848 959 888 recipiendam

231 904 316 934 duxi.
363 902 431 933 Alii
455 913 588 942 possum.
633 902 677 932 Et
709 902 961 931 conmemorando

230 956 349 996 utique,
374 958 394 972 “
410 954 488 984 dum
504 952 826 989 commemorantur‚”
848 958 885 981 ut
899 961 960 981 ver.

229 1011 302 1036 515.
325 1005 409 1046 quod
424 1005 599 1035 faciliorem
614 1004 668 1034 dat
694 1002 960 1034 constructionem

230 1069 305 1089 cum
322 1072 363 1099 τῳ
374 1064 511 1098 possunt.
538 1064 577 1087 Π.
602 1062 633 1086 et
649 1062 683 1088 Σ.
699 1057 817 1086 habent
833 1067 960 1086 comme-

229 1113 384 1149 morandi,
401 1110 485 1150 quod
500 1109 736 1149 superscribitur
752 1109 847 1138 etiam
863 1108 895 1137 in
915 1108 961 1137 M.

272 1164 348 1193 Ver.
372 1166 443 1192 402.
456 1163 576 1204 fidem:
605 1161 640 1190 P.
668 1167 708 1190 Π.
739 1162 872 1200 quidem.
918 1159 963 1188 Et

229 1225 285 1254 pro
301 1217 475 1249 conradere,
493 1214 530 1243 P.
547 1214 588 1242 V.
601 1212 702 1242 ed..13.
721 1216 755 1241 Δ.
773 1216 809 1242 Σ.
830 1217 874 1241 Ω.
890 1222 960 1244 con-

229 1269 367 1301 tradere;
388 1265 485 1295 Vind.
501 1267 680 1295 contrudere
690 1277 699 1294 :
716 1262 801 1303 quod
812 1263 963 1292 ultimum

231 1328 295 1348 non
310 1328 435 1357 prorsus
451 1315 695 1356 abjudicandum
707 1315 874 1350 videretur,
891 1314 961 1353 plu-

228 1369 315 1399 ribus
328 1368 515 1399 testimoniis
538 1367 720 1404 suffultum,
747 1366 773 1395 si
797 1376 861 1395 non
886 1371 965 1395 esset

232 1421 321 1450 omni
337 1431 374 1451 ex
391 1426 476 1459 parte
492 1425 623 1449 venusta
650 1424 681 1448 et
703 1418 826 1458 integra
842 1424 965 1456 recepta

231 1472 333 1503 lectio.
361 1473 544 1509 Conmdere,
560 1469 648 1510 quasi
664 1469 804 1509 undique
819 1468 965 1508 colligere

232 1530 494 1565 argumentorum
524 1521 704 1562 congeriem
744 1526 776 1551 ct
813 1531 962 1551 acervum.

234 1576 373 1614 Persius,
389 1575 429 1605 vi.
445 1573 501 1604 ult.

297 1636 435 1664 Inventus,
448 1633 607 1665 Chrysippe‚
617 1633 658 1657 tui
669 1632 760 1656 finitor
770 1631 861 1656 acervi
870 1640 878 1656 :

234 1683 408 1714 Horatium
422 1682 571 1712 imitatus
597 1688 637 1712 Π.
653 1681 789 1721 denique
804 1680 868 1718 dat,
892 1691 963 1711 con-

232 1738 341 1767 dicere.

277 1788 352 1818 Ver.
369 1790 439 1817 403.
462 1787 578 1825 sagaci.
625 1785 699 1815 Hoc
714 1784 903 1815 vocabulum
926 1785 965 1815 de

232 1840 359 1870 canibus
369 1837 508 1868 maxime
523 1836 686 1876 proprium
702 1842 884 1876 usurpatur:
904 1847 964 1866 un-

232 1891 271 1920 de
287 1901 412 1920 accessu
428 1889 552 1927 decoro,
568 1894 604 1918 ut
614 1888 694 1918 nihil
703 1899 807 1928 supra,
820 1888 966 1928 facilique

233 1942 266 1970 in
283 1947 467 1981 sequentem
482 1940 750 1979 comparationem
768 1941 868 1971 Carus
881 1940 965 1970 dela-

224 1993 326 2027 bitur.
374 1992 521 2029 Plautus,
540 1992 633 2021 Cure.
650 1992 670 2021 i.
689 1996 716 2022 2.
737 1995 785 2022 17.

263 2061 353 2084 canem
364 2066 418 2083 esse
429 2058 499 2082 hanc
511 2058 620 2089 quidem
632 2058 717 2090 magis
729 2065 776 2090 par
786 2058 854 2083 fuit:
866 2064 950 2090 sagax

223 2131 226 2133 Δ
264 2101 363 2123 Nasum
375 2098 465 2122 habet.

233 2149 371 2186 Ennius,
382 2158 454 2178 ann.
466 2158 494 2178 x.
506 2146 590 2187 apud
600 2148 742 2185 Festum,
752 2157 826 2177 voce
835 2150 965 2185 nictare,

233 2202 276 2233 sic
302 2200 440 2230 fortassis
462 2209 526 2229 non
548 2199 631 2229 male
654 2199 838 2229 concinnari
854 2199 949 2238 possit
955 2213 964 2237 5

233 2258 265 2284 et
280 2252 344 2291 ipse
361 2251 456 2281 etiam
471 2251 709 2291 grammaticus:

265 2323 284 2336 “
296 2319 354 2350 Vel,
365 2320 468 2345 velutei
478 2320 530 2351 qud
543 2318 604 2343 endo
617 2318 712 2343 vinclis
724 2318 847 2344 venatica
859 2325 965 2350 pernox

266 2364 285 2377 “
297 2363 368 2394 Apta
377 2361 457 2391 solet,
466 2361 488 2387 si
500 2360 571 2384 forte
581 2359 650 2384 feras
662 2367 698 2384 ex
709 2367 771 2383 nare
780 2358 878 2390 sagam

265 2407 284 2419 “
296 2405 390 2435 Sensit,
401 2410 468 2428 voce
480 2402 526 2426 sua
537 2402 632 2432 nictat,
650 2401 790 2432 ululatque
801 2400 836 2424 ibi
847 2404 932 2425 acuta.

235 2468 257 2483 “
275 2463 371 2495 Unde
387 2468 433 2493 est
447 2462 514 2502 ipsa
525 2461 710 2502 gannitio:”
742 2462 850 2491 Ululat
860 2466 967 2491 autem

234 2522 340 2553 (teuta,
365 2521 402 2545 ut
423 2515 457 2544 in
472 2525 570 2544 rauca
588 2524 701 2544 sonans
716 2512 854 2553 Virgilii,
879 2518 910 2542 et
924 2512 964 2542 si-

234 2568 370 2598 milibus,

275 2619 350 2648 Ver.
372 2622 443 2649 404.
466 2624 576 2649 caetera
593 2616 680 2647 deest
694 2616 727 2646 in
746 2622 790 2646 Ω.

276 2671 355 2701 Ver.
369 2674 442 2702 405.
457 2673 655 2710 wizonlz’vagae:
675 2671 712 2700 B.
731 2676 770 2700 Π.
783 2671 962 2708 noctivagae,

234 2732 298 2752 non
315 2722 463 2760 absurde3
480 2722 578 2753 vind.
590 2723 766 2761 montivagi.
791 2721 857 2750 Pro
858 2720 961 2760 jercz'i,

235 2773 272 2802 B.
293 2772 418 2812 sormi,-
449 2774 488 2803 G.
511 2774 548 2804 L.
574 2774 622 2803 M.
641 2773 769 2814 ferare:
807 2772 962 2808 volebant,

234 2823 355 2862 opinor,
371 2823 498 2863 ιΐσνανῑι,
523 2824 542 2854 i.
559 2835 584 2854 e.
597 2824 763 2865 ferarum:
789 2834 885 2864 quam
900 2824 962 2854 lec-

232 2875 353 2905 tionem
376 2874 505 2904 fortasse
529 2875 562 2904 in
585 2881 768 2906 contextum
791 2875 964 2906 consultius

233 2926 431 2961 admiseram,
457 2925 517 2955 nisi
542 2926 626 2966 quod
651 2941 683 2957 τα
713 2929 899 2966 montivagce
923 2925 962 2956 ad

1003 796 1065 825 tius
1081 796 1188 826 referri
1207 795 1360 835 videatur,
1375 801 1410 826 ut
1421 796 1486 836 ipse
1503 797 1683 836 Lucretius,
1696 809 1727 829 n.

1007 851 1097 878 1080.
1392 842 1395 843 ⁷

1037 908 1157 932 Invenies
1165 908 1201 932 sic
1213 908 1392 940 montivagum
1400 915 1480 940 genus
1491 916 1546 934 esse
1549 909 1670 940 ferarum
1681 918 1690 934 .-

1005 962 1037 984 et
1065 956 1182 986 ibidem
1212 968 1273 987 ver.
1297 960 1369 989 597.
1399 957 1549 988 similiter.

1006 1007 1103 1037 Herc.
1120 1008 1185 1037 OEt.
1206 1011 1274 1038 157.

1099 1066 1152 1090 Vix
1164 1070 1272 1098 gratum
1282 1067 1362 1098 pst-ori
1374 1066 1524 1098 montivago
1532 1073 1640 1092 nemus.

1006 1115 1125 1145 Videas
1141 1115 1235 1145 etiam
1259 1115 1354 1145 Ovid.
1375 1115 1443 1145 fast.
1458 1115 1489 1145 ii.
1512 1119 1584 1146 216.
1608 1121 1639 1146 et
1662 1116 1736 1146 hinc

1006 1168 1122 1207 pendet
1139 1168 1268 1206 Statius,
1287 1168 1367 1198 Ach.
1382 1168 1402 1199 i.
1419 1171 1491 1199 450.

1602 958 1732 996 Seneca,

1419 1237 1496 1261 litora
1507 1236 1628 1261 multum

1070 1277 1234 1308 Mourivagae
1244 1277 1343 1301 dilecta
1355 1277 1413 1301 dea:
1424 1284 1430 1300 ε

1009 1335 1027 1366 i.
1045 1347 1069 1366 e.
1086 1336 1223 1365 ferarum
1240 1335 1396 1365 venatrici.
1444 1336 1550 1374 Atque
1565 1336 1624 1364 hoe
1639 1345 1738 1374 punc-

1009 1387 1048 1416 tis
1064 1387 1262 1426 peculiariter
1288 1387 1445 1426 dispositis
1468 1386 1643 1416 cavendum
1658 1386 1739 1416 exis-

1008 1439 1125 1469 timavi.
1172 1440 1259 1469 Hinc
1285 1446 1391 1469 autem
1418 1439 1531 1468 Silium
1553 1438 1739 1476 emendabo,

1009 1491 1043 1520 in
1057 1491 1138 1521 Pun.
1155 1491 1197 1521 iii.
1215 1494 1287 1521 996.
1303 1490 1374 1520 loco
1388 1490 1628 1528 appositissime:

1038 1559 1105 1588 Ceu,
1117 1557 1214 1589 pernix
1227 1564 1289 1581 cum
1303 1557 1385 1581 densa
1397 1557 1470 1589 vagis
1481 1557 1620 1582 latratibus
1627 1557 1725 1590 implet

1038 1600 1157 1623 Venator
1169 1599 1281 1623 dumeta
1294 1600 1396 1628 Lacon,
1407 1601 1453 1622 aut
1466 1598 1552 1630 exigit
1564 1599 1678 1630 Umber,

1040 1641 1109 1662 Nare
1121 1645 1214 1669 sagax,
1226 1645 1241 1662 e
1252 1638 1311 1661 colle
1322 1637 1406 1666 feras;
1425 1638 1566 1669 perterrita
1578 1638 1632 1663 late

1039 1678 1155 1710 Agmina
1167 1678 1349 1709 praecipitant,
1362 1677 1482 1702 volucres
1489 1677 1644 1708 formidine,
1655 1679 1736 1703 cervi.

1010 1735 1131 1775 Vulgo,
1147 1737 1240 1766 calle:
1267 1741 1298 1765 et
1319 1735 1368 1764 hae
1390 1744 1480 1764 voces
1502 1733 1743 1764 confunduntur

1011 1787 1105 1817 etiam
1121 1788 1152 1817 in
1170 1787 1270 1823 Livio,
1287 1786 1371 1816 xxxi.
1383 1790 1435 1816 42.
1454 1789 1483 1816 8.

1055 1841 1132 1870 Ver.
1150 1843 1222 1870 406.
1247 1840 1384 1880 injectis:
1410 1838 1515 1879 vulgo,
1532 1840 1661 1869 intectas
1668 1854 1678 1873 ‚·
1698 1838 1741 1868 V.

1010 1892 1058 1923 ed.
1085 1894 1118 1923 in
1142 1895 1227 1923 tectis
1233 1907 1243 1927 ;
1272 1892 1311 1921 B.
1340 1892 1478 1921 intectis:
1505 1889 1651 1919 volebant
1673 1889 1742 1919 sine

1010 1944 1116 1979 dubio,
1141 1945 1263 1984 injectis
1270 1957 1280 1977 ‚-
1307 1942 1436 1972 naribus
1459 1941 1568 1981 utique
1583 1941 1742 1971 intromis-

1009 1995 1050 2024 sis
1076 1995 1109 2023 in
1134 1994 1295 2024 frondem:
1324 1997 1343 2011 “
1361 2004 1393 2023 se
1416 1993 1527 2023 fronde
1553 1993 1742 2023 intrudenti-

1011 2049 1033 2062 “
1050 2045 1146 2074 bus:''
1184 2055 1248 2083 prae
1287 2044 1378 2083 cujus
1415 2043 1556 2072 lectionis
1585 2042 1741 2083 elegantia

1010 2095 1113 2124 sordet
1124 2095 1303 2135 vulgatum:
1332 2100 1362 2123 et
1378 2094 1421 2123 ita
1436 2093 1566 2123 demum
1582 2093 1741 2123 edendum

1010 2157 1075 2176 esse
1091 2146 1202 2182 statui;
1228 2156 1285 2175 nec
1301 2145 1395 2184 lepidi
1411 2145 1540 2175 lectores
1555 2156 1620 2175 non
1636 2145 1742 2175 statim

1011 2204 1085 2229 sunt
1110 2198 1351 2228 sincerissimam
1373 2197 1511 2227 Lucretii
1541 2198 1742 2237 scriptionem

1010 2250 1156 2291 agnituri.
1202 2248 1340 2279 Triviale
1356 2254 1414 2286 est,
1430 2254 1462 2278 et
1476 2248 1596 2288 ingenii
1607 2249 1742 2289 cujusvis

1009 2314 1027 2334 e
1041 2303 1142 2342 plebe,
1159 2302 1207 2332 vel
1222 2301 1345 2340 pueruli
1360 2299 1586 2338 versificatoris,
1600 2314 1633 2331 <ro
1645 2303 1741 2332 intec-

1009 2354 1196 2396 tasfronde:
1223 2353 1343 2383 caeteris
1357 2358 1463 2382 tamen
1486 2350 1572 2382 libn's
1594 2352 1741 2383 omnibus

1009 2406 1151 2436 inhaeret.

1013 2458 1205 2488 Conversam
1219 2457 1365 2496 phraseos
1381 2456 1527 2496 figuram,
1551 2466 1664 2495 nempe
1679 2457 1738 2485 ali-

1009 2510 1084 2549 quid
1113 2510 1241 2539 naribus
1265 2509 1405 2549 injicere,
1437 2507 1507 2546 plus
1529 2507 1626 2537 semel
1649 2501 1739 2536 'dedit

1012 2560 1192 2591 Scribonius
1207 2561 1346 2601 Largus:
1373 2567 1409 2591 et.
1419 2570 1507 2600 aeque
1521 2561 1600 2590 bene
1611 2557 1672 2588 dici
1684 2567 1738 2596 po-

1010 2619 1069 2644 test
1084 2624 1173 2644 nares
1188 2614 1222 2643 in
1238 2614 1353 2652 aliquo,
1377 2611 1426 2641 vel
1448 2613 1482 2641 in
1504 2610 1638 2649 aliquod,
1663 2609 1738 2649 inji-

1007 2677 1087 2696 cere:
1114 2664 1183 2694 vide
1199 2674 1256 2694 nos
1270 2663 1310 2693 ad
1324 2663 1354 2693 ii.
1372 2667 1443 2693 802.

1008 2717 1094 2747 Naso
1109 2716 1237 2747 lectioni
1261 2721 1373 2746 nostrae
1398 2720 1444 2744 est
1469 2711 1638 2752 appositus,
1662 2717 1737 2743 met.

1007 2771 1049 2801 iii.
1068 2774 1140 2802 249.
1166 2770 1205 2800 de
1226 2770 1354 2801 canibus
1382 2767 1534 2797 Actaeona
1555 2765 1737 2795 ¹devoranti.

1007 2825 1078 2853 bus:

1008 2890 1135 2920 Undique
1144 2888 1333 2916 circumstant3
1346 2885 1485 2915 mersisque
1495 2884 1521 2908 in
1531 2887 1629 2916 corpore
1637 2884 1733 2912 rostris,

1007 2929 1157 2953 Dilacerant
1169 2926 1225 2951 falsi
1237 2926 1378 2951 dominum
1389 2925 1437 2949 sub
1448 2924 1565 2957 imagine
1577 2923 1663 2949 cervi.
