1894 3253
590 245 824 295 LIBER
867 243 1175 294 PRIMUS.

1544 254 1633 294 103

281 378 384 420 'Esse
404 387 620 435 utramque
641 378 717 420 sibi
738 394 812 434 per
832 393 888 429 se,
911 392 1155 433 puramque,
1177 390 1341 417 necesse
1360 383 1432 417 est.

282 453 408 504 Nam,
430 453 720 510 qufiquomque
745 462 860 494 vacat
880 453 1072 507 spatium,
1094 450 1207 506 quod
1227 451 1350 492 inane
1368 465 1576 501 vocamus,

288 528 450 583 Corpus
471 528 517 569 eii
538 543 623 568 non
645 536 718 568 est:
751 527 831 583 qufi
858 541 986 581 porro
1006 540 1214 581 quomque
1235 534 1347 567 tenet
1367 540 1409 567 se

168 605 251 642 510
288 602 467 658 Corpus,
490 601 537 643 efi
557 617 732 643 vacuum
752 615 1013 656 nequaquam
1035 607 1195 641 constat
1216 600 1350 641 inane.

284 677 390 718 Sunt
410 677 540 733 igitur
561 675 704 727 solida,
728 691 775 718 ac
796 676 882 717 sine
902 675 1033 725 inani,
1057 688 1234 729 corpora
1253 675 1401 729 prima.

338 750 561 800 Praeterea,
583 750 781 806 quoniam
800 749 950 807 genitis
970 749 1014 789 in
1035 748 1157 789 rebus
1177 748 1301 788 inane
1320 756 1397 798 est,

278 824 500 866 Materiem
521 825 677 866 circum
697 823 870 866 solidam
891 831 1081 865 constare
1101 837 1265 863 necesse
1285 829 1362 863 est:

277 898 366 941 Nec
386 915 450 941 res
470 900 550 942 ulla
569 908 704 956 potest
724 899 819 942 verz‘i
840 900 1000 941 ratione
1018 898 1187 954 probari

164 977 245 1014 515
280 973 467 1030 Corpore
488 976 611 1016 inane
631 991 705 1016 suo
726 975 872 1024 celare,
895 983 1018 1029 atque
1038 973 1149 1014 intus
1168 971 1337 1021 habere,

279 1048 323 1089 Si
343 1063 445 1100 non,
467 1050 579 1105 quod
600 1049 780 1100 cohibet,
803 1049 981 1090 solidum
1002 1056 1191 1090 constare
1211 1046 1428 1102 relinquas.

134 1205 158 1222 “
174 1203 358 1235 sortiuntur:
384 1205 470 1235 unde
500 1211 530 1235 et
558 1212 672 1236 atomos
696 1210 862 1244 perpetuas

132 1261 155 1276 “
172 1258 292 1295 dicunt,
308 1259 382 1299 quia
396 1259 552 1298 simplices
573 1268 658 1294 sunt,
680 1268 737 1288 nec
752 1258 861 1297 recipi-

134 1313 156 1328 “
171 1316 230 1341 unt
245 1312 450 1342 sectionem.’'

176 1362 251 1392 Ver.
269 1366 339 1393 508.
356 1363 565 1404 qudqnomqne
577 1371 665 1395 vacat
674 1379 684 1395 .·
705 1365 744 1396 V.
760 1365 808 1396 ed.
825 1366 862 1395 B.

134 1425 323 1455 quocumque
336 1423 428 1447 vocat.

175 1467 249 1497 Ver.
266 1471 337 1498 510.
360 1478 571 1508 nequaquam:
599 1468 641 1498 V.
659 1468 707 1499 ed.
732 1475 763 1499 ut
785 1481 862 1509 qna-

131 1530 221 1559 quam
230 1533 239 1553 ;
259 1509 286 1549 ⁴i.
303 1528 328 1548 e.
345 1521 432 1557 haut,
448 1530 503 1558 pro
518 1521 618 1550 haud.-
638 1519 722 1549 unde
735 1519 863 1550 fortasse

133 1569 178 1599 sic
192 1569 364 1610 legendum
380 1576 439 1600 est:

162 1672 224 1679 ·-—
234 1659 265 1684 ρὲι
277 1667 393 1685 vacuum
405 1660 474 1684 haud
486 1660 623 1692 quaquam
635 1660 744 1685 consistit
755 1660 843 1685 inane.

134 1738 221 1770 Nam
235 1749 324 1769 voces
335 1745 434 1770 consto
451 1746 482 1769 et
496 1742 624 1770 consisto
640 1739 792 1770 confundi
811 1750 859 1770 so-

131 1790 210 1828 lent,
227 1797 262 1820 ut
276 1801 351 1820 mox
366 1791 406 1820 ad
420 1800 481 1821 ver.
498 1794 570 1821 875.

176 1842 257 1872 Ibid.
279 1853 409 1872 vacuum
426 1845 538 1877 inane;
564 1848 600 1872 ut
621 1851 695 1872 mox
711 1852 772 1872 ver.
789 1846 860 1873 521.

130 1895 223 1924 inane
249 1899 370 1924 vacaret
377 1908 388 1928 ;
415 1898 446 1922 et
466 1892 609 1923 imitatus
632 1900 678 1923 est
695 1893 862 1933 Virgilius,

131 1944 171 1974 ad
203 1945 277 1974 AEn.
309 1944 360 1974 xii.
391 1948 464 1976 906.
503 1944 589 1984 quod
620 1945 861 1984 Havercampus

133 1996 217 2036 prior
229 1997 370 2027 monuit:

160 2080 235 2103 Tum
248 2078 312 2110 lapis
323 2078 377 2109 ipse
388 2078 438 2102 viri
447 2085 566 2102 vacuum
577 2077 711 2110 perinane
722 2078 840 2102 volutus.

132 2149 282 2180 Similiter
308 2149 481 2187 Amobius‚
504 2149 556 2180 lib.
573 2149 603 2180 ii.
619 2160 648 2189 p.
665 2152 782 2181 57.-“
799 2149 859 2180 Ioci

131 2206 153 2221 “
169 2202 254 2231 illius
268 2201 449 2240 hospitium,
470 2201 556 2242 quod
570 2203 683 2232 habeat
696 2212 763 2232 rem
787 2202 858 2232 nul-

133 2258 155 2272 “
171 2253 247 2291 lam,
263 2259 295 2283 et
308 2253 348 2283 sit
363 2255 457 2284 inane
471 2263 508 2283 ac
522 2254 683 2285 vacuum.”

174 2306 248 2334 Ver.
266 2308 336 2335 511.
360 2306 489 2336 Horum
500 2316 665 2345 corporum
676 2306 860 2347 primigeni-

134 2365 236 2391 orum,
267 2356 330 2385 sive
359 2362 548 2395 atomorum,
579 2358 738 2388 uberrima
764 2363 862 2388 exstat

133 2412 225 2447 atque
242 2406 489 2438 luculentissima
504 2408 670 2448 descriptio
684 2409 767 2448 apud
784 2410 860 2440 Plu-

135 2458 288 2494 tarchum,
313 2457 351 2487 de
371 2458 450 2496 plac.
475 2459 551 2498 phil.
574 2460 593 2490 i.
616 2464 645 2491 5.
670 2471 766 2501 quam
791 2461 862 2491 ideo

134 2520 302 2549 apponam.
337 2515 474 2552 Ετικερος
488 2517 627 2547 Nemnis,-
644 2516 789 2550 Αθηνωιος,
806 2527 861 2543 κα-

134 2575 175 2592 τα
192 2567 367 2604 Δημοκριτον
383 2569 589 2603 φιλοσοφήσας,
616 2572 668 2604 εφη
691 2578 745 2599 τας
762 2579 859 2607 αρχας

133 2626 189 2643 ‘NV
204 2627 298 2650 qumy’
315 2626 442 2653 O'filfhoe‘l'oe
459 2621 540 2654 λογῳ
555 2616 697 2657 θξωρῆᾳα,
719 2630 860 2657 αμξτθχα

133 2677 209 2702 zius,
225 2678 383 2705 αγεννητα,
395 2665 488 2702 αΐδια,
501 2670 644 2709 αφθαρτα,
659 2681 708 2698 ετξ
720 2669 860 2709 θραυσθῆ-

134 2729 175 2746 ἳαί
191 2715 339 2760 Σμναμξῖα,
363 2730 412 2748 ΒΤΞ
434 2717 619 2758 δλαπλασμθῖ
646 2732 677 2749 tx
703 2732 758 2749 των
775 2733 861 2762 μίμων

134 2769 242 2807 laem,
267 2771 310 2800 εντ’
327 2772 527 2803 αλλωωθηναι·
552 2784 616 2801 mou
642 2769 663 2801 δ’
684 2784 763 2802 αντα
779 2778 862 2812 λογῳ

132 2818 274 2860 θεωρητα.
320 2826 423 2852 Tawroe
437 2834 488 2861 μεν
500 2835 542 2852 «τοι
554 2824 682 2853 κινεισθαι
698 2835 722 2853 εν
735 2837 776 2862 τῳ
791 2835 861 2863 >moy

135 2882 186 2900 και
201 2869 246 2901 Bm
261 2884 298 2902 τε
313 2885 388 2903 neve·
410 2886 474 2904 ειναι
489 2873 516 2904 δε
533 2887 583 2904 και
598 2887 671 2905 αυτ-α
687 2887 720 2906 cro
736 2887 810 2906 κεναν
824 2888 858 2905 a·

137 2933 232 2963 ῒεφθν,
249 2935 298 2953 zm
315 2937 355 2955 ⁶?oe
369 2938 497 2965 ffallkoe‘roe
512 2939 623 2969 dffhpoe·

181 2982 269 3013 Vor..
287 2983 313 3014 Ι.

949 1203 1025 1232 Ver.
1048 1205 1119 1233 512.
1141 1203 1270 1241 genitis:
1308 1200 1406 1231 vind.
1437 1201 1478 1230 V.
1509 1200 1559 1232 cd.
1593 1208 1636 1232 n.

902 1255 1044 1293 gem'lus;
1074 1257 1109 1282 Δ.
1129 1254 1280 1291 genitust;
1307 1251 1403 1287 unde,
1427 1251 1577 1292 quoniam
1602 1252 1637 1282 P.

908 1306 947 1335 Β.
963 1310 998 1337 A.
1022 1315 1087 1334 non
1103 1310 1279 1345 agnoscunt
1293 1310 1335 1335 est
1353 1303 1392 1334 ad
1408 1303 1504 1334 finem
1520 1303 1639 1343 versfis,

906 1357 992 1387 haud
1012 1356 1147 1387 deterius
1166 1356 1262 1396 legas,
1286 1361 1318 1385 et
1332 1365 1456 1386 summe
1470 1355 1638 1396 probabili-

908 1414 967 1447 ter,
984 1409 1024 1439 ad
1040 1410 1127 1439 hunc
1142 1408 1288 1439 modum:

936 1505 1078 1533 Praeterea,
1089 1503 1217 1535 quoniam
1225 1502 1339 1535 genitum
1351 1505 1386 1527 est
1397 1502 1425 1526 in
1436 1503 1513 1527 rebus
1523 1501 1612 1527 inane.

906 1581 1000 1609 inane
1015 1585 1074 1609 est:
1101 1578 1200 1609 Vind.
1216 1579 1258 1608 V.
1275 1578 1323 1608 cd.
1342 1579 1379 1608 B.
1401 1585 1442 1608 n.
1460 1582 1494 1609 Σ.
1518 1580 1636 1613 inanes,

907 1630 1027 1660 coalitis
1042 1641 1156 1669 nempe
1171 1629 1300 1659 vocibus
1315 1631 1409 1659 inane
1427 1628 1463 1659 ’st
1486 1634 1522 1658 ut
1544 1638 1638 1667 supra

902 1685 1010 1722 genita
1028 1683 1065 1713 ’st
1080 1682 1195 1712 codicis
1220 1687 1255 1711 A.
1282 1691 1353 1721 quae
1375 1680 1528 1719 scriptura
1542 1680 1638 1710 etiam

905 1736 938 1765 in
965 1735 1095 1765 vetustis
1118 1733 1348 1772 exemplaribus
1377 1733 1500 1762 excusis
1521 1733 1637 1772 passim

905 1788 1031 1817 obtinet.

950 1839 1024 1868 Ver.
1041 1841 1113 1869 515.
1135 1838 1282 1868 solidam:
1311 1836 1350 1867 G.
1367 1837 1478 1867 solide:
1506 1842 1538 1866 et
1552 1838 1639 1867 abest

906 1896 946 1921 est
965 1890 1002 1920 B.

948 1941 1022 1971 Ver.
1039 1943 1112 1971 514.
1130 1946 1244 1979 potest:
1272 1939 1309 1969 B.
1326 1945 1431 1979 potes:
1458 1937 1557 1969 voluit
1571 1939 1635 1969 for-

904 1999 984 2023 tasse
993 1995 1084 2033 polis.

949 2046 1022 2075 Ver.
1039 2048 1110 2076 515.
1134 2045 1232 2075 celare
1246 2049 1354 2083 atque:
1382 2049 1423 2073 Π.
1446 2045 1549 2074 cedere
1572 2055 1637 2074 nec.

906 2097 949 2126 Et
965 2097 1002 2126 B.
1028 2096 1061 2125 in
1085 2101 1233 2136 sequente
1256 2105 1346 2124 versu
1370 2095 1464 2124 habet
1485 2097 1635 2132 solidam,-

903 2153 939 2177 ut
956 2153 989 2177 A.
1007 2147 1040 2177 in
1060 2157 1121 2177 ver.
1141 2149 1212 2178 517.
1228 2157 1295 2185 nec,
1314 2155 1371 2186 pro
1386 2148 1458 2176 nisi.

948 2200 1020 2230 Ver.
1032 2203 1105 2231 518.
1121 2206 1231 2231 tectum
1240 2214 1250 2230 :
1270 2200 1313 2229 sic
1325 2200 1363 2230 P.
1375 2210 1449 2229 cum
1460 2199 1634 2230 collationi-

904 2253 962 2282 bus
978 2251 1175 2289 Heinsianis,
1198 2251 1341 2292 quamvis
1356 2261 1420 2281 non
1436 2251 1510 2280 satis
1525 2250 1634 2291 liquet,

906 2315 947 2334 an
973 2305 1022 2333 hae
1049 2314 1105 2342 pro
1127 2303 1331 2334 varietatibus
1354 2302 1445 2333 codd.
1473 2302 1569 2333 MSS.
1593 2312 1635 2332 an

906 2355 1037 2395 propriis
1052 2355 1109 2384 viri
1124 2354 1255 2384 maximi
1278 2354 1477 2395 conjecturis,
1501 2363 1578 2394 quas
1601 2353 1635 2384 in

905 2409 1057 2440 librorum
1072 2409 1231 2449 margines
1245 2409 1391 2439 manibus
1403 2419 1467 2438 non
1479 2407 1634 2447 parcenti-

905 2464 964 2492 bus
980 2462 1168 2500 conferebat,
1192 2462 1255 2492 sint
1279 2461 1440 2492 habendae.
1486 2461 1635 2499 Impense

904 2514 1006 2553 piacet
1020 2515 1086 2544 haec
1101 2514 1204 2553 lectio,
1228 2525 1292 2553 prae
1316 2514 1508 2554 reliquorum
1528 2524 1633 2545 exem.

904 2566 1039 2605 plarium
1057 2581 1098 2607 τῳ
1112 2578 1227 2605 rerum,
1250 2566 1387 2596 dictione
1402 2566 1633 2604 supervacanea

903 2628 1028 2658 prorsus
1039 2625 1070 2649 et
1083 2618 1196 2658 ineptia.
1231 2618 1357 2648 Phrasis
1371 2623 1482 2648 tectum
1497 2620 1634 2650 cohibere

906 2670 1041 2700 vicissim
1056 2670 1224 2709 respondet
1239 2683 1296 2704 «rm
1312 2670 1420 2705 celare,
1439 2675 1532 2709 atque
1547 2671 1631 2701 intus

905 2722 1014 2751 habere
1029 2721 1063 2751 in
1078 2731 1141 2751 ver.
1159 2723 1230 2752 515.

949 2771 1022 2802 Ver.
1051 2775 1122 2802 520.
1155 2778 1263 2802 coetera
1277 2786 1286 2802 :
1326 2778 1366 2802 Π.
1396 2775 1630 2804 ceterum—dis-

903 2825 1083 2853 soluantur:
1121 2823 1161 2853 V.
1187 2823 1235 2854 ed.
1269 2824 1483 2854 dissonantur:
1522 2830 1564 2863 et,
1594 2824 1630 2855 in

903 2884 993 2904 versu
1008 2873 1211 2914 praecedente,
1229 2881 1273 2905 Ω.
1289 2875 1382 2906 habet
1397 2881 1544 2906 constant.

946 2927 1021 2958 Ver.
1037 2930 1109 2959 521.
1132 2929 1160 2959 εἰ
1174 2929 1262 2964 nihil,
1279 2927 1328 2959 vel
1341 2930 1399 2968 nil,
1414 2934 1503 2961 esset:
1522 2928 1574 2960 sic.
1588 2929 1634 2960 G.

884 2988 921 3019 H
