1894 3253
547 243 779 295 LIBER
828 236 1243 291 SECUNDUS.

1552 238 1643 279 265

292 382 427 425 Unius
446 380 499 422 ad
520 386 673 422 certam
692 377 867 418 formam
887 373 1114 430 primordia
1137 384 1291 420 rerum,

178 462 261 498 380
293 456 490 498 Dissimili
511 456 616 496 inter
637 468 678 494 se
698 450 874 508 quadam
895 448 1063 489 volitare
1083 445 1229 503 figura.

348 530 544 573 Perfacile
564 536 623 570 est
642 527 767 569 animi
788 524 947 566 ratione
967 521 1174 562 exsolvere
1193 519 1328 568 nobis,

290 605 385 655 Qua
406 619 451 645 re
471 603 686 644 fulmineus
707 600 835 641 multo
855 595 1102 653 penetralior
1122 595 1245 650 ignis,

289 680 429 728 Quam
449 686 603 726 noster,
624 675 739 724 fluat,
762 689 784 714 e
805 671 908 713 tedis
928 668 1187 712 terrestribus
1207 675 1333 711 ortus.

287 753 439 796 Dicere
459 751 569 793 enim
589 749 719 805 possis
739 747 942 789 coelestem
962 744 1142 787 fulminis
1162 743 1317 799 ignem,

174 914 248 937 Stare
258 910 325 936 adeo
335 909 462 934 miserum
474 911 528 934 est:
546 910 660 940 percunt
671 906 783 938 vestigia
795 905 870 930 mille

174 954 245 978 Ante
255 950 362 982 fugam,
378 950 569 980 absentemque
589 948 650 973 ferit
667 948 754 980 gravis
771 946 870 978 ungula

255 997 392 1022 campum.

147 1055 198 1085 De
214 1054 369 1084 velocibus
384 1053 470 1093 equis
485 1053 517 1082 in
531 1052 629 1082 stadio
637 1051 872 1088 concertaturis,

144 1105 263 1144 phrasis
273 1106 377 1144 gravis
388 1106 504 1144 ungula
520 1103 570 1133 vix
585 1103 658 1133 satis
672 1101 873 1132 accommoda

145 1159 275 1190 videtur.
322 1159 516 1199 Cogitabam,
540 1169 580 1188 au
603 1158 645 1188 sic
669 1156 793 1188 rescribi
817 1155 870 1185 de-

145 1212 227 1249 beat,
249 1216 341 1251 atque
356 1210 431 1240 alias
446 1210 586 1249 pluribus
601 1210 732 1239 asserui:

161 1298 223 1306 ——
232 1286 423 1315 absentemque
434 1283 502 1308 levis
513 1283 594 1315 pavit
605 1283 705 1315 ungula
716 1290 855 1314 campum.

187 1348 268 1378 Ibid.
289 1349 420 1378 bibulam
438 1358 575 1377 arenam.

148 1400 168 1430 ἰ.
188 1404 255 1431 114.

621 1346 788 1386 Virgilius,
801 1356 869 1387 geo.

173 1476 335 1502 conlectum
346 1477 490 1502 humorem
501 1476 586 1501 bibula
599 1476 707 1501 deducit
724 1476 814 1500 arenci.

186 1548 267 1578 Ibid.
296 1550 402 1587 pavit.-
440 1548 460 1578 i.
493 1558 519 1578 e.
549 1547 657 1577 sternit
664 1560 674 1585 ;
711 1558 730 1577 a
762 1548 874 1577 Graeco

148 1612 235 1635 aeoetw,
251 1599 432 1638 interposito
447 1598 615 1639 digamma.
662 1598 804 1628 Plinium
820 1608 872 1628 ex-

148 1651 289 1686 scribam,
306 1657 348 1688 et,
365 1650 398 1680 ni
410 1650 512 1688 fallor,
529 1650 771 1680 emendatiorem
784 1649 874 1686 dabo,

149 1709 211 1733 nat.
227 1703 296 1733 hist.
315 1703 355 1732 ix.
377 1705 497 1732 12.—“
514 1712 623 1742 eaque,
648 1701 770 1732 defossa
791 1708 876 1732 extra

149 1757 172 1773 ‘⁴
189 1764 284 1794 aquas
306 1759 338 1783 et
359 1759 502 1792 cooperta
523 1752 617 1790 terra,
639 1752 785 1792 adpavc'tc‘z'
805 1763 875 1792 pec-

146 1808 170 1823 “
186 1811 251 1835 tore
268 1811 297 1835 et
313 1804 522 1844 complanata,
537 1804 687 1835 incubant
701 1804 874 1834 noctibus.”

151 1857 261 1897 Vulgo
276 1857 399 1896 legitur,
426 1868 463 1887 ac
484 1859 601 1896 pavita.
646 1857 767 1886 Vocem
787 1856 874 1886 adhi-

150 1909 244 1937 buere
270 1908 364 1937 etiarn
390 1907 480 1945 Cato,
511 1907 550 1937 de
573 1918 606 1937 re
631 1913 706 1938 rust.
734 1907 816 1938 xviii.
847 1911 875 1939 7.

155 1959 275 1996 Cicero,
306 1959 344 1989 de
370 1959 463 1989 divin.
493 1959 524 1989 ii.
551 1962 600 1989 54.
638 1959 762 1989 Plinius
787 1959 876 1998 alibi;

150 2022 224 2042 cum
241 2011 395 2048 Varrone,
416 2010 455 2041 de
470 2021 502 2041 re
518 2017 592 2041 rust.
607 2011 628 2041 i.
646 2015 696 2042 51.
742 2013 877 2051 Erpavz'·

146 2070 206 2098 tus,
230 2073 286 2102 pro
300 2065 475 2102 erpabidus,
501 2063 598 2093 critici
617 2063 815 2102 probabiliter
830 2074 877 2093 re·

147 2115 280 2145 stituunt
299 2115 414 2153 Gellio,
441 2114 480 2145 ad
492 2115 512 2145 i.
528 2119 556 2145 8.
576 2114 628 2145 fin.
645 2116 698 2145 ubi
712 2116 876 2154 nonnulla,

146 2167 226 2196 hanc
244 2177 310 2196 rem
334 2166 531 2206 attingenda,
559 2166 737 2197 Gronovius
759 2167 875 2197 admis-

151 2217 224 2247 cuit.
269 2218 341 2247 Hac
361 2222 468 2247 autem
491 2217 652 2247 occasione
667 2218 751 2247 viam
772 2219 877 2249 tritam

151 2267 306 2307 Virgilius
333 2273 438 2298 tenere
467 2268 575 2304 voluit,
602 2279 660 2299 nec
689 2270 877 2310 magistrum

151 2329 245 2348 suum
259 2319 410 2358 comitari,
427 2320 466 2350 ad
481 2320 536 2351 ecl.
552 2321 593 2350 ix.
614 2325 663 2352 45.

328 2397 411 2422 insani
418 2398 531 2430 seriam,
543 2401 608 2430 sine,
627 2400 701 2425 litora
709 2401 816 2432 fluctus.

194 2460 271 2489 Ver.
295 2463 366 2491 578.
401 2469 555 2493 constant:
598 2469 632 2494 Δ.
658 2471 791 2495 constat:
826 2466 879 2496 sed

157 2511 278 2549 dubito,
305 2522 346 2541 an
373 2512 415 2542 sic
438 2520 540 2544 noster
554 2515 713 2555 reliquerit
735 2516 881 2547 ultimam

156 2576 194 2594 τε
210 2565 338 2594 Natura
354 2564 503 2604 syllabam
519 2566 562 2596 ita
577 2567 759 2605 productam
775 2568 808 2598 in
823 2570 880 2599 hac

155 2613 264 2644 saltem
280 2615 397 2645 caesura
411 2616 523 2647 versus.

200 2666 274 2696 Ver.
289 2670 361 2697 580.
384 2670 529 2707 quadam.
577 2669 627 2699 Ita
648 2680 686 2700 ex
705 2671 882 2712 conjectura

159 2716 315 2748 edendum
342 2729 406 2749 esse
428 2720 566 2760 judicavi
573 2733 582 2758 ;
604 2721 651 2751 vel
677 2721 762 2752 libris
779 2723 882 2752 omni-

157 2773 227 2811 bus,
253 2780 407 2815 quotquot
433 2783 518 2814 sunt,
544 2776 793 2815 reclamantibus,
818 2779 885 2809 vice

157 2823 275 2864 vulgati
303 2830 452 2866 quaedam.
500 2828 574 2858 Non
601 2828 688 2859 aliud
716 2829 796 2860 sinet
824 2831 884 2861 loci

158 2884 279 2914 scopuS‚
323 2884 354 2908 et
390 2890 479 2910 mens
514 2881 685 2911 certissima
721 2882 883 2921 scriptoris.

160 2925 258 2960 Quasi
293 2927 424 2962 dixerat:
475 2936 496 2952 “
526 2933 626 2964 Haud
663 2933 882 2973 dubitandum,

915 908 937 924 “
953 903 1113 946 quandam
1141 913 1207 933 esse
1233 901 1343 942 figurae
1369 897 1579 930 differentiam
1606 897 1640 927 in

915 961 937 977 ‘⁵
954 956 1143 996 primordiis,
1167 960 1327 995 utcunque
1349 952 1507 982 minutam
1523 957 1553 981 et
1568 951 1641 980 sub-

916 1011 939 1026 “
956 1008 1056 1038 tilem:
1092 1012 1128 1036 ut
1151 1016 1248 1046 grana
1271 1004 1452 1044 parvissima
1478 1001 1643 1038 frumenti,

918 1063 939 1077 “
956 1057 1164 1098 perfunctorie
1179 1056 1339 1095 spectanti,
1351 1053 1525 1085 consimilia
1534 1052 1643 1082 viden-

918 1114 939 1129 “
956 1117 1021 1147 t11r;
1045 1109 1110 1147 sed,
1135 1108 1287 1138 intentius
1302 1106 1506 1143 considerata,
1525 1098 1645 1134 ¹nonni·

916 1165 937 1180 “
954 1161 997 1191 hil
1015 1159 1229 1199 discrepantiae
1246 1159 1278 1187 in
1294 1157 1405 1187 formis
1420 1154 1587 1196 produnt.”

960 1212 1040 1242 Ibid.
1062 1213 1195 1242 volitare.
1229 1209 1373 1247 Script0r‚
1390 1208 1511 1237 solutus
1526 1206 1646 1244 metris,

915 1264 1042 1294 dixisset
1055 1274 1125 1297 esse,
1143 1261 1190 1291 vel
1206 1266 1355 1296 constare,
1371 1259 1567 1298 simpliciter3
1591 1258 1646 1288 sed

915 1316 1022 1346 omnia
1033 1314 1172 1353 lepidum
1190 1312 1354 1353 ingenium
1370 1311 1412 1342 sic
1422 1311 1538 1351 profert
1554 1321 1646 1340 orna-

917 1368 1003 1398 tiora.
1050 1365 1160 1396 Simile
1196 1364 1354 1403 specimen
1388 1363 1488 1393 comis
1524 1361 1646 1392 artificii

917 1419 1072 1460 Virgilius
1086 1417 1236 1452 exhibuit,
1252 1416 1292 1446 ad
1307 1415 1362 1446 ecl.
1379 1415 1397 1445 i.
1416 1417 1464 1445 77.

935 1498 993 1520 Non
1005 1502 1054 1527 ego
1067 1502 1113 1519 vos
1125 1493 1248 1525 posthac,
1260 1491 1338 1516 viridi
1348 1491 1481 1522 projectus
1492 1490 1518 1513 in
1530 1492 1620 1518 antro,

935 1535 1052 1560 Dumosfi
1061 1534 1168 1566 pendere
1180 1532 1273 1565 procul
1285 1532 1319 1556 de
1329 1538 1395 1562 rupe
1406 1530 1512 1554 videbo.

919 1600 1006 1629 Hinc
1032 1597 1160 1637 picturis
1186 1594 1398 1631 vividissimis,
1424 1599 1518 1633 atque
1542 1601 1648 1622 veram

921 1652 1052 1682 Naturae
1085 1649 1220 1688 speciem
1257 1646 1471 1681 referentibus,
1510 1644 1648 1674 floridior

920 1703 1020 1742 po'e'sis
1035 1701 1186 1732 enitescit.
1223 1699 1305 1728 Vide
1320 1707 1406 1734 mori,
1422 1696 1460 1726 ad
1476 1707 1537 1726 ver.
1553 1699 1625 1727 490.

964 1755 1038 1784 Ver.
1053 1756 1123 1783 581.
1149 1758 1190 1782 Π.
1212 1757 1248 1781 ut
1262 1751 1396 1790 vulgatae
1411 1748 1579 1785 editiones,
1592 1748 1648 1777 ha-

918 1808 970 1837 bet
980 1807 1052 1846 jam
1069 1809 1138 1844 post
1156 1810 1198 1834 est
1204 1819 1214 1839 ,·
1240 1808 1271 1832 et
1285 1801 1401 1832 omittit
1416 1802 1509 1831 nobis.

964 1856 1044 1886 Ibid.
1068 1857 1160 1886 Forte
1176 1853 1362 1894 legendum:

951 1932 1078 1959 Perfacile
1088 1935 1127 1957 est
1138 1931 1221 1956 animi
1236 1931 1340 1956 ratione
1351 1930 1492 1956 exsolvere
1501 1930 1586 1954 nodos.

1423 1980 1648 2010 Bmumus.

924 2062 1128 2103 Ingeniosum
1144 2062 1297 2091 habemus
1311 2065 1342 2090 et
1353 2057 1586 2099 perelegantem
1601 2056 1650 2087 lu·

922 2127 1002 2148 sum,
1047 2115 1193 2146 Phrasim
1216 2115 1291 2145 alibi
1317 2114 1483 2144 Lucretius
1508 2111 1652 2142 adhibuit

921 2179 1009 2206 sane;
1023 2168 1077 2198 sed
1088 2168 1139 2198 hic
1154 2167 1214 2197 loci
1229 2167 1337 2196 minus
1351 2165 1515 2204 patienter,
1531 2170 1567 2193 ut
1582 2173 1653 2192 mea

921 2219 980 2249 fert
995 2219 1160 2256 sententia,
1176 2219 1279 2248 nasuti
1295 2217 1418 2257 judices
1433 2215 1585 2245 tulissent.

964 2272 1039 2302 Ver.
1054 2275 1128 2301 582.
1141 2271 1334 2310 ficlnzineus:
1353 2269 1397 2298 V.
1414 2267 1649 2307 ed.f11lminez's;

922 2324 958 2354 L.
976 2324 1025 2354 M.
1036 2325 1227 2364 flumineus;
1254 2321 1294 2351 de
1309 2319 1371 2360 quai
1393 2318 1652 2355 commutatione,

922 2375 1026 2405 videas
1049 2374 1068 2404 i.
1094 2373 1411 2412 29‘2.—penetralior:
1438 2371 1474 2400 P.
1490 2368 1587 2399 Vind.
1613 2369 1652 2398 B.

926 2427 965 2457 O.
982 2432 1016 2456 Δ.
1035 2432 1075 2456 Π.
1097 2432 1140 2456 Ω.
1158 2426 1365 2465 penetralizcs;
1392 2433 1457 2452 non
1480 2421 1579 2451 male:
1607 2420 1652 2450 V.

924 2477 971 2508 ed.
983 2477 1356 2517 penetrabilius—Quis:
1385 2475 1424 2504 G.
1443 2475 1522 2512 igne.

968 2529 1048 2559 Ibid.
1071 2530 1257 2569 penetralior
1281 2528 1379 2566 ignis;
1410 2530 1445 2555 ut
1465 2525 1652 2564 penetralem

924 2584 1037 2621 ignem,
1062 2581 1081 2611 i.
1108 2584 1179 2612 556.
1205 2587 1236 2609 et
1257 2579 1414 2619 penetrale
1427 2577 1547 2618 frigus,
1578 2575 1652 2605 ibid.

924 2642 986 2663 ver.
1005 2636 1079 2664 495.
1104 2631 1246 2666 Ovidius,
1263 2635 1336 2660 met.
1352 2628 1416 2658 xiii.
1433 2630 1505 2658 857.

1089 2707 1191 2732 coelum
1199 2713 1306 2738 sperno,
1317 2709 1344 2730 et
1352 2703 1504 2736 penetrabile
1504 2703 1620 2735 fulmen.

971 2780 1044 2810 Ver.
1059 2783 1131 2809 585.
1160 2779 1291 2809 Punctis
1307 2777 1396 2808 aliter
1410 2775 1565 2816 dispositis
1580 2774 1652 2805 dedi

927 2842 1054 2870 operam
1069 2831 1234 2867 declarare,
1258 2831 1388 2860 verbum
1399 2831 1486 2870 fluat
1510 2828 1550 2858 ad
1565 2836 1654 2857 voces

927 2886 1008 2922 ignis
1013 2883 1187 2925 fulmineus
1203 2883 1298 2914 etiam
1312 2883 1419 2913 referri
1433 2883 1561 2920 debere;
1584 2888 1653 2918 quae

927 2940 1072 2965 venustas
1101 2934 1284 2974 interpretes
1308 2935 1412 2966 latuit:
1448 2935 1518 2966 vide
1546 2934 1651 2964 locum

902 2994 959 3023 se
