1894 3253
218 305 246 347 §i
690 302 783 345 AD
826 300 1217 343 LECTOREM.

212 435 467 470 nestamento
486 424 691 467 fedissimo
710 422 861 472 futura,
884 430 925 463 et
943 421 1128 478 paritura
1139 435 1266 476 porro
1286 422 1457 464 taedium
1470 424 1701 469 lectoribus.

216 503 300 553 Sic,
336 501 514 556 exempli
547 498 695 557 gratia,
732 498 765 539 si
791 512 982 552 pueorum
1009 496 1268 538 offendissem
1300 512 1378 553 pro
1401 512 1634 552 puerorum,
1662 509 1704 543 et

205 577 368 631 proessz‘s
386 591 464 631 pro
476 576 640 628 pressis,
657 581 779 629 atque
793 573 961 628 hujusce
981 571 1124 613 farinae
1145 572 1321 614 subinde
1342 573 1440 623 alia,
1462 574 1587 616 malui
1607 589 1705 617 con-

210 652 414 692 ticescere:
447 649 560 705 quod
579 648 706 689 nihilo
726 648 862 689 minus
882 647 1141 689 monendum
1162 647 1310 698 habeo,
1333 663 1386 689 ne
1405 649 1706 703 pretiosissimis

210 724 455 781 quibusdam
475 723 738 765 varietatibus
750 723 985 765 fraudatum
998 738 1039 764 se
1053 722 1180 763 lector
1193 722 1375 764 curiosus
1387 731 1515 778 putet.
1578 723 1707 766 Hanc

209 800 321 855 prius
354 799 590 849 editionem,
625 813 749 854 quam
780 797 882 838 mihi
912 796 995 839 fors
1016 811 1107 837 eam
1127 797 1319 838 obtulerit
1339 811 1422 838 aere
1440 797 1612 852 proprio
1641 813 1707 840 re-

208 874 461 925 dimendam,
510 875 553 914 in
595 888 707 914 meos
743 887 837 914 usus
872 871 1205 913 commodaverat
1243 887 1295 912 ex
1335 871 1580 913 bibliotheca
1622 873 1706 928 ejus

209 946 572 1004 sumptuosissima,
604 954 645 987 et
664 946 1002 1001 exquisitissimiS,
1025 960 1147 986 omne
1167 960 1312 1002 genus,
1334 946 1446 987 libris
1467 946 1703 1001 adimpleta,

209 1023 421 1064 CLAYTON
445 1022 765 1062 CRACHERODE:
798 1021 860 1060 vir
879 1020 1043 1077 egregie
1055 1028 1096 1061 et
1117 1029 1305 1061 accurate
1318 1021 1477 1071 doctus,
1493 1020 1564 1062 sed
1579 1036 1706 1077 prop-

205 1105 269 1137 ter
288 1111 452 1137 morum
473 1095 716 1150 simplicium
737 1093 1069 1135 candidissimam
1090 1094 1344 1143 suavitatem,
1368 1102 1408 1134 et
1421 1095 1546 1135 animi
1560 1095 1703 1152 benig-

204 1171 376 1211 nitatem
395 1169 564 1210 homine
583 1169 743 1209 literato
764 1168 948 1224 dignam,
970 1168 1092 1222 longe
1112 1167 1334 1216 laudatior3
1367 1183 1491 1223 quam
1512 1168 1702 1211 onmibus

205 1244 372 1299 quidem
392 1243 630 1284 mortalibus
650 1242 769 1298 plene
790 1255 949 1297 semper
970 1241 1083 1291 solet,
1106 1241 1207 1281 mjhi
1241 1249 1379 1283 autem
1414 1243 1537 1284 etiam
1571 1258 1698 1298 pecu-

206 1319 372 1369 liariter,
394 1328 601 1373 praestare.

260 1466 420 1522 Optimi
441 1465 621 1521 ejusdem
641 1465 716 1505 viri
736 1465 970 1506 humanitas
999 1477 1066 1505 me
1098 1463 1284 1504 devinxit
1304 1464 1471 1520 insuper
1491 1473 1696 1506 monstra-

204 1542 316 1582 tione
343 1541 383 1582 V
377 1547 498 1581 enetce
517 1540 721 1590 editionis,
744 1554 837 1595 quae
857 1539 977 1580 tertia
997 1547 1071 1589 est,
1094 1548 1133 1579 et
1153 1539 1396 1594 Hieronymi
1414 1539 1589 1583 Avancz'z'
1604 1538 1701 1581 curii

203 1623 423 1671 procurata
441 1615 595 1670 prodiit
615 1613 727 1670 apud
747 1614 908 1664 Aldum,
930 1621 1088 1668 quartae
1103 1612 1263 1663 formae,
1278 1628 1389 1654 anno
1404 1613 1468 1655 M.
1490 1614 1548 1655 D.
1573 1614 1701 1655 Mon·

204 1691 400 1731 stratione
429 1690 535 1739 dixi3
568 1704 665 1730 nam
696 1704 790 1730 usus
821 1688 988 1729 ulterior
1020 1702 1342 1743 supervacaneus
1377 1687 1530 1738 fuisset,
1569 1703 1697 1744 quum

203 1763 446 1819 profiteatur
466 1764 614 1813 editor,
638 1779 679 1804 se
699 1763 855 1804 nullum
877 1762 1085 1817 exemplar
1115 1762 1329 1818 antiquum
1360 1761 1592 1803 adhibuisse
1612 1777 1699 1803 ma·

204 1852 262 1878 nu
283 1838 495 1892 scriptum,
519 1837 589 1879 sed
619 1837 935 1878 conformavisse
964 1845 1124 1877 textum
1144 1851 1196 1877 ex
1218 1836 1469 1885 Veronensi3
1501 1836 1700 1891 parallelis

202 1911 375 1952 aliorum
396 1912 640 1965 scriptorum
660 1911 773 1960 locis,
799 1926 893 1951 cum
915 1911 1145 1952 Aristotelis
1166 1910 1372 1965 operibus,
1395 1910 1560 1966 aliisque
1575 1910 1702 1966 scrip-

205 1985 255 2026 tis
275 1993 473 2034 veterum,
496 1985 540 2024 in
561 1983 787 2025 subsidium
807 1984 1052 2024 convocatis.

264 2133 418 2175 Denuo
438 2132 544 2188 typis
576 2147 694 2174 cusus
726 2140 786 2174 est
819 2131 1034 2174 Lucretius
1072 2132 1259 2181 Venetiis,
1290 2131 1334 2171 in
1366 2130 1509 2172 iisdem
1539 2131 1696 2172 aedibus

207 2208 384 2257 Aldinis,
406 2205 536 2248 forma
558 2205 816 2255 duodecima,
840 2220 950 2247 anno
973 2204 1202 2246 M.D.XV.
1224 2219 1279 2246 ex
1308 2205 1544 2246 recensione
1573 2213 1695 2261 atque

207 2280 538 2338 castigationibus
559 2280 733 2321 Andreae
753 2280 954 2334 Naugeriz'
967 2298 979 2319 .·
1010 2280 1081 2335 qui
1096 2279 1302 2320 nullorum
1323 2280 1479 2320 interea
1498 2279 1695 2320 librorum

208 2355 340 2397 MSS.
360 2355 552 2410 praesidio
573 2370 615 2395 se
634 2354 841 2396 suffultum
858 2369 942 2395 esse
954 2354 1171 2409 praedicat3
1205 2362 1245 2395 et
1265 2353 1522 2394 solummodo
1555 2359 1584 2379 ‘³
1607 2369 1698 2394 cur-

210 2435 240 2455 “
263 2430 336 2470 sim
358 2429 521 2479 dicitur,
554 2438 723 2484 propter
753 2430 879 2484 ipsius
911 2430 1213 2484 occupationes,
1247 2436 1287 2469 et
1321 2428 1600 2482 importunam
1620 2428 1696 2468 im-

210 2509 239 2529 “
261 2518 495 2559 pressorum
515 2502 829 2553 festinationem,
866 2511 1003 2544 tamen
1025 2511 1227 2552 accurate,
1249 2502 1533 2543 1·ecensuisse.''

267 2650 338 2691 Ad
359 2650 519 2692 Aldz'nae
537 2652 685 2707 prioris
705 2666 894 2693 normam
913 2653 1086 2695 Juntina
1115 2652 1371 2708 potissimum
1391 2648 1616 2704 composita
1635 2648 1692 2688 vi-

209 2726 347 2774 detur3
381 2739 472 2779 quae
492 2725 622 2767 lucem
643 2726 744 2768 vidit
764 2728 980 2768 Flwentioe
999 2741 1110 2768 anno
1143 2726 1378 2768 M.D.XII.
1412 2724 1455 2764 in
1486 2722 1566 2778 qua
1600 2722 1694 2763 licet

210 2798 447 2842 exornanda
468 2801 613 2843 Petrus
635 2804 838 2844 Candidus
868 2818 909 2844 se
941 2808 971 2828 “
992 2804 1157 2844 vetustis
1188 2799 1487 2856 exemplaribus
1517 2798 1692 2839 collatis'’

210 2889 329 2921 usum
348 2873 558 2930 glorietur,
590 2886 630 2920 et
661 2883 690 2905 ‘⁴
713 2878 837 2920 obelis
867 2879 1048 2920 Pontani
1078 2878 1333 2931 Marullz‘que
1353 2882 1504 2916 temere
1524 2872 1691 2915 inducta
