1894 3253
174 223 268 264 366

667 218 726 265 Τ.
776 217 1157 265 LUCRETH

319 350 590 404 Terramque,
612 356 653 389 et
673 349 813 399 solem,
836 349 992 399 lunam,
1015 364 1144 399 mare,
1166 358 1330 400 caetera,
1352 366 1446 406 quae
1467 363 1575 403 sunt,

182 429 285 465 1085
320 425 417 466 Non
438 439 522 464 esse
544 424 679 474 unica,
702 424 773 466 sed
793 439 967 466 numero
988 425 1119 482 magis
1139 425 1405 475 innumerali3

320 498 670 554 Quandoquidem
690 499 786 540 vitae
806 499 1000 554 depactus
1021 499 1220 540 terminus
1240 499 1318 540 alte

319 573 429 614 Tam
448 583 589 615 manet
608 574 715 626 haec,
738 584 778 616 et
798 583 884 616 tam
907 576 1047 616 nativo
1069 589 1242 630 corpore
1262 581 1470 624 constant,

319 647 459 697 Quam
478 663 608 706 genus
629 664 767 699 omne,
791 650 904 705 quod
923 650 1000 690 hiis
1020 650 1249 707 generatim
1269 649 1390 690 rebus
1411 648 1636 690 abundans.

376 723 485 771 Quae
505 723 611 764 bene
631 725 798 781 cognita
817 725 849 766 si
869 734 1023 774 teneas,
1047 724 1209 765 Natura
1228 724 1390 766 videtur

175 882 270 914 dmm
299 883 334 909 Δ.
353 880 502 917 abundat,
527 884 563 909 ut
589 890 774 910 communes
791 880 902 911 editio-

175 942 245 961 nes:
271 931 324 961 sed
347 931 532 970 prudentius
548 931 670 961 videtur
692 932 735 961 ita
750 932 903 968 exhibere,

175 990 211 1014 ut
226 985 355 1014 verbum
372 984 600 1014 substantivum
615 995 673 1024 pro
689 985 780 1015 solito
796 985 903 1015 subin-

176 1035 346 1076 telligatur,
367 1046 461 1075 quam
479 1037 706 1066 contumaciter
720 1037 806 1066 libris
828 1037 908 1076 opti-

175 1088 236 1117 mis
251 1094 282 1117 et
296 1087 438 1126 pluribus
460 1087 543 1117 nolle
559 1098 682 1118 morem
696 1098 812 1128 gerere.

220 1140 300 1170 Ibid.
327 1141 407 1170 Haec
431 1146 476 1170 est
503 1140 671 1170 sententia:
701 1144 723 1158 ‘⁵
742 1141 826 1170 Nam
853 1140 907 1170 illa

177 1195 198 1209 “
215 1202 278 1221 non
300 1192 406 1222 minus
428 1192 519 1221 initia
541 1193 687 1227 habuere,
711 1199 741 1222 et
764 1193 908 1222 habitura

176 1246 199 1260 “
214 1249 288 1272 sunt
303 1243 410 1278 finem,
433 1253 528 1282 quam
551 1253 653 1282 genus
675 1253 769 1272 omne
785 1244 906 1273 anima-

177 1297 199 1312 “
215 1294 305 1329 lium,
329 1305 399 1334 quae
421 1300 504 1329 sunt,
529 1294 778 1334 unumquodque
794 1294 828 1324 in
851 1305 907 1324 suo

177 1350 200 1365 “
215 1357 343 1386 genere,
356 1353 421 1376 tam
438 1346 627 1375 innumerali
643 1346 806 1376 numero.”
825 1347 906 1376 Rec-

178 1405 246 1428 tum
263 1398 382 1435 fuisset,
408 1401 428 1414 “
447 1397 552 1432 Quam
569 1407 670 1437 genus
688 1407 782 1427 omne
797 1400 906 1427 harum

179 1455 201 1470 “
218 1462 332 1487 rerum,
348 1449 432 1489 quod
447 1449 586 1478 abundat
601 1449 806 1488 generatim?

180 1505 261 1534 Haec
277 1510 382 1533 autem
396 1513 459 1532 non
476 1509 564 1532 erant
579 1502 764 1540 omittenda,
782 1504 821 1532 ob
836 1513 906 1542 pra-

178 1566 249 1585 vam
266 1555 564 1595 interpretationem,
579 1555 679 1584 Fabro
695 1561 907 1584 commentam

178 1608 305 1639 scilicet.

224 1661 297 1691 Ver.
324 1664 416 1691 1089.
441 1661 577 1690 ridetur.-
610 1660 650 1689 V.
678 1659 725 1689 ed.
753 1662 907 1690 modetur:

179 1725 250 1754 quae
266 1713 427 1753 scrsptura,
453 1713 492 1753 (si
516 1712 595 1742 liber
609 1712 739 1752 quilibet
762 1712 853 1750 alius,
877 1712 910 1742 in

179 1776 240 1795 ver.
261 1769 352 1796 1091.
370 1767 448 1803 agit,
471 1774 528 1803 pro
542 1775 643 1803 agere,
661 1763 822 1804 dedisset,)
839 1775 909 1803 par-

179 1818 216 1848 ca
231 1818 407 1847 mutatione
423 1817 455 1846 in
472 1823 604 1847 movetur
619 1816 748 1852 detorta,
773 1816 912 1847 multum

180 1870 345 1910 elegantiae
361 1870 394 1898 in
410 1869 515 1898 locum
530 1869 767 1907 importavisset.

224 1922 299 1951 Ver.
318 1924 410 1952 1091.
445 1921 549 1949 Voces
577 1919 632 1950 suci
655 1931 712 1960 per
736 1919 850 1950 desunt
870 1920 910 1950 V.

184 1974 399 2004 ed.—omnz·a.-
428 1979 471 2002 Π.
488 1983 573 2002 omne
588 1984 618 2001 α.

227 2024 308 2054 Ibid.
331 2026 463 2054 dominis
478 2025 623 2063 superbis.
648 2024 753 2061 BIaro,
771 2024 846 2054 AEn.
858 2025 909 2054 xii.

183 2080 254 2107 236.

215 2157 278 2184 Nos,
289 2153 375 2186 patria
385 2153 490 2183 amissa,
502 2153 609 2177 dominis
618 2160 712 2185 parere
722 2154 833 2186 mperbis

215 2196 395 2226 cogemur—.

227 2259 304 2288 Ver.
331 2261 423 2288 1092.
456 2255 628 2298 tranquill&
639 2271 648 2286 .·
688 2263 728 2287 Π.
756 2264 799 2288 Ω.
824 2264 911 2288 tran-

183 2312 348 2352 quillaque.

227 2363 303 2392 Ver.
323 2365 412 2393 1093.
430 2362 590 2400 placidum
612 2372 723 2391 oevonz:
749 2361 790 2391 V.
805 2361 852 2391 ed.
870 2361 911 2391 O.

189 2420 224 2447 Δ.
242 2421 282 2445 Π.
304 2419 340 2445 Σ.
363 2415 488 2454 placido
513 2425 590 2448 aevo;
624 2413 644 2442 i.
661 2423 686 2443 e.
709 2423 764 2452 per
789 2413 913 2443 facilem

187 2466 407 2500 mutationem,
432 2466 588 2504 placidom
615 2475 705 2495 aevom
717 2478 728 2494 .·
753 2464 822 2494 vide
851 2475 913 2494 ver.

186 2519 432 2548 652—multum
462 2527 618 2546 serenum:
652 2516 695 2546 sic
719 2516 768 2546 Pii
798 2516 918 2548 codices

188 2568 327 2609 quidam,
344 2574 375 2598 et
392 2574 436 2599 Ω..
452 2567 505 2597 sed
522 2567 618 2598 vind.
636 2567 676 2597 V.
694 2567 740 2598 ed.
757 2569 794 2598 L.
812 2569 860 2599 M.
877 2569 915 2604 Q.

191 2627 231 2650 Π.
250 2626 283 2651 Σ.
307 2622 433 2650 multam
459 2630 613 2654 serenam,·
642 2620 677 2649 P.
697 2620 735 2650 Ο.
764 2625 798 2651 Δ.
823 2622 915 2651 vitam

189 2683 323 2703 serenam
333 2687 343 2703 .·
367 2682 404 2701 ex
420 2672 642 2708 recentiorum,
658 2678 693 2701 ut
708 2678 795 2711 puto,
811 2683 917 2703 emen-

189 2723 323 2753 datione.
369 2723 507 2763 Elegans
521 2730 567 2753 est
582 2723 709 2761 locutio,
725 2726 853 2754 multum
871 2735 915 2755 se-

190 2785 296 2805 renum
305 2790 315 2810 ;
341 2785 397 2804 nec
413 2775 562 2805 debuerat
576 2775 730 2805 solicitari.
782 2776 832 2806 Sic
844 2776 916 2806 Ho-

190 2826 298 2863 ratius,
314 2824 363 2854 od.
379 2825 398 2854 i.
416 2830 464 2856 25.
481 2829 510 2857 5.

286 2903 354 2933 Quae
367 2901 438 2932 prius
449 2902 555 2927 mustum
564 2904 655 2934 facilis
664 2905 793 2930 movebat

282 2942 425 2967 cardines:

1616 879 1684 910 Nec

947 879 1002 910 ubi
1024 877 1178 909 videndus
1203 882 1249 908 est
1265 876 1429 908 Bentleius
1456 885 1569 909 noster.

949 942 1014 962 non
1030 931 1174 969 Plautus,
1196 931 1284 969 Capt.
1300 929 1332 959 ii.
1349 933 1376 959 2.
1393 933 1443 960 22.

1149 1016 1316 1041 quamquam
1329 1015 1383 1032 non
1395 1007 1503 1032 multum
1515 1008 1567 1032 fuit
1584 1007 1686 1032 molesta

1109 1050 1238 1075 servitus:

954 1121 990 1144 ut
1017 1114 1112 1144 etiam
1129 1113 1204 1144 Aul.
1220 1113 1251 1143 ii.
1273 1116 1300 1143 1.
1317 1115 1346 1144 5.
1370 1114 1498 1144 multum
1525 1114 1680 1152 loquaces.-

951 1172 982 1196 et
996 1166 1069 1195 alibi
1085 1165 1234 1195 similiter.
1282 1164 1382 1201 Hinc,
1403 1163 1442 1194 ad
1458 1163 1589 1203 Virgilii
1606 1163 1682 1193 AEn.

954 1217 995 1247 xi.
1012 1221 1062 1248 49.
1091 1216 1291 1246 suavissimos
1305 1226 1424 1245 versus:

982 1290 1015 1312 Et
1026 1296 1098 1313 nunc
1109 1289 1153 1314 ille
1165 1289 1287 1320 quidem,
1299 1296 1344 1320 spe
1355 1288 1464 1313 multum
1475 1291 1570 1320 captus
1581 1287 1666 1318 inani,

982 1329 1044 1352 Fors
1056 1331 1083 1353 et
1096 1331 1160 1352 vota
1172 1328 1249 1357 facit,
1260 1328 1439 1358 cumulatque
1451 1328 1544 1352 altaria
1553 1327 1644 1352 donis:

952 1401 1061 1430 malim
1079 1400 1226 1440 equidem
1252 1401 1381 1430 multum
1405 1410 1478 1429 cum
1497 1402 1589 1430 inani
1607 1399 1686 1440 jun-

952 1462 1035 1492 gere,
1053 1461 1150 1491 quam
1166 1461 1238 1480 cum
1254 1457 1370 1489 captus.

996 1503 1071 1532 Ver.
1088 1505 1178 1532 1094.
1195 1512 1315 1540 regere:
1344 1507 1385 1530 Π.
1399 1512 1521 1540 gerere.-
1547 1501 1595 1531 uti
1608 1511 1688 1540 saepe

952 1554 1052 1584 solent
1067 1555 1134 1583 haec
1159 1552 1310 1582 vocabula
1335 1552 1496 1582 confundi.
1542 1552 1631 1582 Hinc
1654 1553 1689 1583 in

954 1606 1091 1636 editione
1106 1604 1417 1645 mea-elegantiorem
1434 1604 1473 1634 ad
1490 1604 1606 1635 codicis
1625 1605 1688 1636 lec-

954 1659 1074 1688 tionem
1104 1657 1269 1687 reformavi
1298 1656 1518 1697 Virgilianum
1550 1667 1687 1697 versum,

957 1711 1032 1741 AEn.
1049 1710 1101 1740 xii.
1119 1713 1190 1740 206.

1135 1784 1233 1810 dextra
1245 1787 1383 1816 sceptrum
1394 1790 1459 1808 nam
1470 1783 1542 1808 forte
1553 1783 1661 1816 regebat.

956 1866 1076 1906 Vulgo,
1100 1867 1240 1906 gerebat:
1269 1864 1322 1895 sed
1345 1864 1425 1894 illud
1448 1863 1543 1903 longe
1565 1863 1686 1894 doctius

955 1924 986 1947 et
1012 1917 1207 1958 exquisitius,
1233 1916 1272 1947 ad
1298 1926 1444 1946 normam
1463 1915 1607 1955 Pindari,
1635 1914 1686 1946 Ol.

955 1970 974 2000 i.
994 1974 1041 2000 18.

1072 2044 1217 2074 Θεμιστειον
1230 2040 1255 2068 ὃς
1269 2041 1435 2065 ΑΜΦΕΠΕΙ

1075 2089 1252 2113 ΣΚΑΠΤΟΝ
1270 2097 1290 2113 εν
1305 2091 1451 2120 πολυμαλῳ

1074 2137 1189 2168 Σικελιᾳ.

957 2214 1053 2244 Hanc
1068 2213 1260 2250 varietatem,
1289 2212 1394 2242 codice
1420 2210 1595 2249 addicente,
1622 2222 1686 2242 non

956 2265 1130 2295 debuerant
1158 2264 1291 2295 editores
1324 2263 1440 2293 Ovidio
1468 2262 1619 2302 invidere,
1647 2263 1688 2294 ad

957 2317 1024 2348 fast.
1041 2317 1080 2347 iv.
1097 2320 1168 2348 594.

988 2392 1076 2423 Quam
1088 2397 1173 2420 nunc,
1185 2393 1212 2415 te
1224 2389 1288 2415 coeli
1298 2393 1403 2421 sceptra
1414 2392 1521 2421 regente,
1531 2388 1598 2413 tuli?

961 2467 1074 2497 Plures
1097 2466 1180 2503 libri,
1203 2472 1336 2501 tenente;
1360 2475 1398 2494 ex
1421 2464 1531 2505 glossa.
1575 2465 1619 2494 Et
1634 2465 1687 2495 de-

961 2518 1057 2548 miror
1073 2517 1247 2547 Heinsium
1265 2527 1330 2546 non
1351 2516 1518 2555 arripuisse
1541 2526 1687 2546 consum-

959 2575 1077 2599 matam
1093 2575 1287 2599 venustatem
1302 2568 1454 2606 lectionis,
1481 2577 1577 2608 quam
1596 2567 1687 2598 meli-

960 2631 1028 2651 ores
1043 2621 1113 2651 libri
1138 2631 1213 2651 cum
1238 2620 1374 2650 editione
1393 2618 1495 2658 prima
1510 2618 1686 2657 suppedita-

960 2675 1047 2712 bant,
1079 2673 1118 2703 ad
1148 2672 1289 2713 ejusdem
1318 2682 1416 2702 amor.
1440 2671 1483 2701 iii.
1505 2674 1532 2700 1.
1551 2674 1598 2700 15.
1619 2669 1687 2700 loco

959 2728 1075 2756 tenebat
1083 2741 1094 2761 ;
1118 2725 1202 2765 quod
1217 2724 1328 2755 itidem
1343 2730 1390 2754 est
1404 2734 1441 2753 ex
1457 2723 1654 2763 glossemate:

992 2809 1075 2832 Laeva
1086 2814 1183 2832 manus
1192 2810 1316 2839 sceptrum
1327 2806 1381 2830 late
1391 2803 1479 2836 regale
1489 2801 1622 2827 movebat.-

960 2893 1084 2922 nempe,
1114 2896 1218 2922 ενωμα,
1243 2888 1370 2913 mams-
1393 2888 1466 2909 cum
1489 2877 1637 2909 facilitate
1658 2884 1689 2909 et

960 2935 1120 2976 majestate
1134 2935 1269 2976 quadam
1293 2932 1414 2969 mansa,
1443 2931 1530 2973 quasi
1545 2930 1685 2970 plenissi-
