1894 3253
241 233 335 274 348

744 228 804 274 T.
846 227 1224 280 LUCRETII

387 358 514 408 Ante,
537 357 673 413 aliquo
692 365 903 415 tamquam
925 370 1062 416 partu,
1084 378 1207 419 quam
1227 365 1416 420 proditur
1435 378 1551 412 extra
1558 388 1571 421 ς

385 431 502 472 Huic
523 432 617 472 satis
638 431 736 473 illud
757 434 849 484 erit,
871 435 1041 489 planum
1060 436 1207 488 facere,
1230 447 1352 494 atque
1370 442 1561 496 probare,

386 504 484 545 Non
505 504 594 546 fieri
614 515 796 560 partum,
820 508 898 548 nisi
918 510 1093 551 concilio
1112 521 1208 553 ante
1228 523 1369 556 coacto
1376 534 1388 566 ;

271 583 351 620 935
386 578 475 620 Nec
495 579 722 635 quidquam
742 584 972 624 conmutari
993 584 1079 625 sine
1099 587 1316 629 conciliatu

384 653 640 708 Principiom
646 673 658 705 3
692 666 902 711 nequetmt
922 658 1040 700 ullius
1061 663 1244 716 corporis
1265 679 1349 704 esse

388 728 540 769 Sensus
560 737 656 770 ante
677 731 808 785 ipsam
828 734 1011 789 genitam
1031 743 1222 776 naturam
1243 738 1477 780 animantis:

384 801 610 853 Nimirum,
635 805 730 860 quia
750 808 939 848 materies
959 808 1126 864 disjecta
1144 819 1306 853 tenetur

384 876 510 927 Aere,
531 878 786 930 fluminibus,
809 883 942 932 terris,
967 884 1157 939 terraque
1177 887 1342 936 creatis5

267 955 351 991 940
383 950 488 1002 Nec,
511 967 731 1010 congressa
750 955 893 1006 modo,
916 957 1068 999 vitaleis
1089 960 1392 1002 convenienteis

229 1130 394 1167 proditur.-
419 1128 462 1159 sic
493 1128 530 1159 P.
558 1130 597 1160 Ο.
623 1134 657 1161 Δ.
683 1136 727 1162 Ω.
758 1132 813 1162 alii
842 1144 962 1173 omnes,

230 1181 396 1217 proditum.

278 1230 361 1260 lbid.
382 1233 486 1271 aliquo
512 1238 668 1272 tamquam
694 1242 808 1273 partu:
834 1237 853 1266 i.
877 1248 902 1267 e.
927 1244 961 1267 ut

1040 1135 1170 1162 AEaciden
1182 1136 1257 1162 furto
1265 1138 1322 1167 jam
1335 1141 1448 1163 noverat
1459 1145 1513 1163 una
1522 1139 1614 1164 latente

1038 1176 1179 1201 Deidamia
1190 1177 1287 1202 virum.

1006 1246 1128 1286 Vulgo,
1154 1251 1294 1280 latentem
1301 1265 1311 1286 ‚·
1338 1250 1442 1280 virum
1457 1261 1571 1290 nempe
1585 1254 1734 1283 occultum

234 1285 303 1310 tum
319 1281 449 1311 demum
465 1282 568 1312 vivere
584 1289 614 1312 et
628 1285 742 1314 sentire
765 1285 903 1324 incipiat,
927 1287 960 1316 iu
1003 1298 1154 1329 latentem·

234 1331 300 1371 ipso
309 1332 416 1371 partus
431 1333 562 1363 articulo
577 1340 607 1363 et
618 1336 782 1374 puerperio
794 1338 880 1377 quasi
892 1349 962 1376 suo;

233 1384 375 1424 quamvis
390 1391 482 1415 antea
497 1385 591 1416 fuerit
619 1397 705 1417 mera
727 1389 826 1418 brutae
846 1390 965 1421 telluris

233 1436 345 1474 portio.

277 1486 359 1516 Ibid.
378 1489 539 1525 proditur:
566 1488 584 1517 i.
612 1499 637 1518 e.
663 1500 755 1529 porro
782 1493 887 1528 datur,
917 1493 965 1522 vel

234 1537 446 1578 progreditur;
470 1539 503 1568 in
519 1539 679 1578 primario,
697 1547 728 1571 et
743 1542 880 1573 maxime
895 1554 966 1582 pro-

233 1590 310 1629 prio,
336 1590 419 1620 verbi
435 1590 620 1631 significatu.
668 1593 718 1623 Sic
742 1594 816 1625 alibi
843 1603 960 1628 noster:

233 1642 302 1673 vide
318 1642 357 1672 ad
372 1653 433 1673 ver.
453 1646 523 1674 903.

276 1694 352 1724 Ver.
370 1697 440 1725 955.
459 1696 591 1733 planum
597 1696 708 1736 facere
723 1704 814 1738 atque
824 1702 963 1739 probare.

235 1745 396 1776 Arnobius
422 1745 564 1775 similiter
588 1746 710 1778 loeutus
734 1757 791 1788 est,
817 1751 871 1782 lib.
888 1752 918 1783 ii.
934 1764 963 1792 p.

234 1800 283 1827 85.
307 1800 329 1814 ‘⁶
344 1797 489 1834 Potestis,
501 1796 693 1839 interrogati,
706 1803 838 1840 planum
840 1803 963 1843 facere,

232 1852 256 1866 “
271 1848 536 1889 scientissimeque
553 1857 732 1890 monstrare,
760 1854 836 1893 quid
858 1855 961 1886 nivem

231 1904 254 1919 “
271 1901 304 1931 in
333 1900 476 1940 plumeas
510 1903 686 1941 subaperiat
723 1907 962 1939 crustulas?”—

234 1955 404 1994 Caeterum,
423 1964 468 1988 Ω.
486 1960 585 1997 Hinc,
603 1970 658 1999 pro
675 1962 771 1992 Huic.

276 2007 349 2037 Ver.
367 2013 439 2039 934.
456 2012 535 2041 nisi:
556 2011 654 2042 vind.
669 2013 709 2042 V.
726 2013 773 2044 ed.
792 2021 832 2045 Π.
847 2020 881 2047 Σ.
898 2028 960 2047 nec.

275 2058 348 2087 Ver.
367 2063 436 2090 935.
460 2063 628 2100 quidquam
654 2068 845 2095 commutari:
872 2077 962 2098 voces

230 2110 425 2148 transpositae
441 2111 590 2152 leguntur
602 2114 635 2143 in
646 2114 744 2144 vind.
761 2116 799 2151 Q.
818 2118 855 2147 B.
865 2118 902 2148 L.
914 2120 961 2149 M.

230 2160 320 2200 cujus
335 2162 380 2191 rei
397 2161 471 2192 fides
487 2173 582 2201 penes
597 2164 759 2195 collatores
770 2173 962 2200 esta—con-

231 2214 365 2243 mutarz':
394 2219 434 2243 n.
450 2218 615 2245 comitari.

272 2263 348 2294 Ver.
365 2267 436 2295 956.
463 2266 669 2306 Ρνίηεὶ])ῑ’ὂηι.
717 2268 790 2299 Hoc
806 2280 963 2310 germanae

230 2315 391 2344 vetustatis
417 2317 576 2354 specimen
604 2318 689 2348 haud
715 2319 810 2350 dubie
832 2321 907 2351 latet
928 2322 960 2351 in

229 2365 376 2396 omnium
391 2367 633 2406 exemplarium,
661 2376 727 2400 tam
745 2371 842 2401 MSS.
865 2382 961 2412 quam

227 2416 386 2447 editorum
415 2418 630 2458 antiquorum,
662 2420 809 2460 lectione3
834 2434 957 2463 nempe,

231 2470 402 2510 Principio.
450 2471 510 2502 Vel
525 2472 601 2502 alias
617 2473 749 2504 librariis
770 2475 804 2505 in
827 2488 856 2506 m
873 2477 959 2507 finali

228 2520 472 2552 familiarissima
487 2529 532 2553 est
547 2525 710 2562 aberratio,
723 2531 754 2555 et
768 2525 801 2555 in
816 2527 875 2557 hoc
890 2527 959 2558 loco

229 2571 365 2604 formula
380 2574 477 2604 rarior
492 2575 676 2606 vecordibus
687 2578 888 2608 homunculis
908 2580 956 2609 in-

227 2634 319 2662 super
355 2625 513 2665 imposuit.
567 2627 797 2667 Turpissimam
834 2631 957 2670 generis

228 2674 530 2714 hujusce-maculam
545 2688 596 2709 me
612 2689 650 2709 ex
666 2680 862 2712 Achilleidos
887 2693 953 2713 cor-

226 2735 300 2763 pore
315 2728 476 2759 sustulisse
491 2729 674 2770 gaudebunt
695 2731 866 2771 Papiniani
888 2744 955 2763 ma-

226 2786 290 2807 neS.
321 2779 369 2809 Ea
384 2781 522 2819 profecto
536 2792 597 2814 ver.
613 2786 685 2815 561.
703 2783 755 2815 lib.
767 2784 787 2815 i.
803 2784 953 2816 dehones-

227 2832 284 2858 tat:

259 2911 304 2941 At,
314 2911 407 2943 procul
420 2913 560 2939 occultum
572 2915 630 2940 salsi
640 2917 688 2941 sub
699 2917 816 2950 imagine
827 2918 922 2948 sexus,

1020 1365 1164 1390 Bellissima
1177 1370 1260 1397 certe,
1271 1372 1299 1392 ct
1311 1369 1459 1400 Apollinari
1469 1370 1560 1396 laurea
1571 1371 1706 1396 donanda!

1009 1421 1120 1460 Porro,
1147 1423 1300 1454 editiones
1321 1425 1525 1465 interponunt
1547 1434 1581 1458 ut
1595 1434 1668 1458 ante
1683 1440 1734 1459 ne-

1008 1481 1135 1512 queunt,
1173 1475 1259 1505 libris
1299 1477 1452 1507 universis
1480 1480 1736 1518 repugnantibus.

1010 1524 1175 1555 Lucretius
1195 1526 1358 1563 nimirum,
1386 1529 1475 1569 quasi
1498 1539 1535 1559 ex
1551 1530 1681 1569 tripode,
1705 1538 1737 1562 et

1010 1576 1194 1614 professoria
1221 1579 1355 1618 quadam
1382 1579 1543 1620 gravitate,
1570 1582 1739 1612 sententias

1010 1627 1162 1667 singulas,
1189 1629 1256 1658 sine
1279 1630 1410 1669 copulis,
1434 1638 1464 1661 et
1479 1633 1645 1662 verborum
1659 1643 1737 1673 pon-

1009 1678 1136 1709 deribus
1151 1680 1361 1722 conglobatas,
1374 1689 1561 1722 argumento
1573 1684 1740 1723 imponens

1009 1731 1202 1770 coronidem,
1219 1734 1384 1764 rotundius
1398 1735 1546 1773 profatur.
1591 1737 1635 1767 Et
1657 1738 1737 1768 nihil

1008 1790 1066 1821 est,
1090 1784 1139 1814 vel
1161 1785 1201 1815 ad
1223 1786 1418 1816 intellectum
1442 1787 1512 1823 loci,
1535 1788 1585 1818 vel
1606 1789 1647 1820 ad
1669 1800 1737 1821 ora-

1007 1835 1101 1865 tionis
1119 1842 1318 1875 structuram,
1343 1844 1495 1877 spectan5‚
1511 1839 1595 1880 quod
1610 1841 1739 1872 lectores

1007 1886 1128 1925 lepidos
1143 1894 1173 1918 et
1188 1895 1326 1927 nasumS,
1343 1889 1386 1920 sic
1402 1889 1512 1920 saltem
1526 1891 1674 1932 monitos,
1690 1903 1738 1923 re-

1006 1940 1190 1971 morabitur.

1050 1991 1124 2020 Ver.
1142 1994 1213 2022 957.
1237 1994 1362 2024 Sensus:
1390 1993 1429 2024 V.
1454 1994 1504 2025 ed.
1533 1998 1675 2034 Sensum;
1698 1998 1738 2029 L-

1008 2041 1055 2071 M.
1073 2044 1341 2083 &usu—ipsam:
1367 2045 1407 2075 V.
1426 2045 1473 2076 ed.
1490 2047 1526 2077 L.
1544 2048 1591 2078 M.
1613 2050 1735 2085 laesam;

1007 2092 1106 2123 vind.
1125 2099 1157 2123 Δ.
1176 2101 1215 2124 n.
1234 2100 1269 2126 Σ.
1294 2097 1394 2126 lesam.
1436 2096 1568 2137 Aliquid
1583 2097 1667 2136 latet,
1685 2099 1736 2129 cui

1008 2145 1147 2175 eruendo
1163 2156 1226 2176 non
1244 2157 1331 2183 sum;
1355 2153 1385 2177 et
1401 2148 1442 2178 ad
1464 2150 1636 2188 sagaciores
1659 2160 1733 2181 con-

1005 2196 1200 2235 jecturarum
1248 2198 1414 2228 Lucretius
1451 2209 1540 2229 meus
1581 2208 1735 2239 provocat.

1010 2248 1147 2286 Interea,
1163 2248 1308 2289 vulgatis,
1333 2261 1402 2290 quae
1419 2251 1540 2281 codices
1554 2252 1606 2282 alii
1622 2264 1735 2293 suppe-

1006 2298 1117 2336 ditant,
1149 2306 1180 2329 et
1209 2300 1347 2331 fortassis
1372 2302 1413 2332 ad
1437 2303 1546 2342 primae
1576 2305 1736 2344 scripturae

1006 2350 1227 2389 sinceritatem,
1258 2354 1432 2383 necessario
1462 2354 1732 2395 acquiescendum.

1005 2406 1234 2434 -anz'mantz's.·
1261 2405 1296 2434 P.
1314 2405 1356 2435 V.
1375 2405 1424 2435 ed.
1443 2409 1647 2438 animantum.

1045 2454 1120 2485 Ver.
1138 2459 1209 2487 958.
1232 2459 1372 2487 materies
1386 2458 1531 2498 disjecta:
1552 2463 1586 2489 Δ.
1602 2463 1732 2492 materia

1001 2506 1132 2546 ‹Ii-{jecta

1045 2557 1120 2588 Ver.
1148 2562 1219 2590 939.
1251 2558 1351 2590 terr-ci:
1388 2560 1425 2590 P.
1443 2561 1597 2602 flammei:
1626 2568 1658 2593 et
1685 2563 1729 2593 sic

1000 2608 1153 2640 editiones
1168 2621 1352 2641 communes
1358 2623 1368 2649 ;
1383 2612 1447 2648 sed,
1464 2613 1586 2653 opinor,
1601 2624 1642 2644 ne
1655 2614 1726 2644 uni-

1000 2671 1038 2690 us
1059 2662 1189 2701 quidem
1203 2663 1316 2693 codicis
1338 2665 1520 2695 auctoritate
1543 2666 1636 2695 nixae:
1667 2675 1724 2696 nec

999 2712 1082 2742 credi
1112 2719 1212 2752 potest
1246 2728 1279 2745 ero
1303 2715 1440 2756 ιῙῑαηιπιᾶ
1471 2717 1725 2748 membranarum

1001 2763 1144 2794 fidelium
1160 2764 1302 2796 librarios
1317 2766 1398 2796 ullos
1412 2767 1445 2797 in
1460 2765 1541 2797 terrd
1553 2772 1728 2799 mutaturos

1000 2815 1278 2848 fuisse—crealis:
1300 2818 1336 2848 B.
1356 2819 1404 2848 M.
1419 2824 1531 2848 creata.

1044 2868 1126 2899 Ibid.
1148 2868 1231 2900 τεν-νᾶ
1245 2871 1381 2900 creatis.-
1408 2879 1532 2908 nempe,
1559 2869 1724 2909 lapidibus,

999 2919 1171 2957 arboribus,
1196 2926 1227 2951 et
1248 2919 1334 2951 mille
1348 2918 1416 2950 aliis
1431 2919 1469 2950 de
1484 2921 1605 2960 gremio
1621 2922 1727 2952 omni·
