1894 3253
561 248 796 298 LIBER
839 247 1254 297 SECUNDUS.

1565 254 1657 293 5269

316 382 416 424 Esse
434 396 497 432 ea,
519 396 611 438 quae
633 397 770 424 sensus
783 381 966 437 jocunde
985 389 1154 438 tangere
1173 387 1358 436 possunt:

301 457 361 501 At
380 464 538 506 contra,
560 471 653 512 quoe
673 472 826 506 amara,
849 464 970 511 atque
992 470 1150 510 aspera,
1173 468 1379 510 quomque
1393 453 1597 502 videntur,

196 534 279 571 405
313 530 423 572 Haec
443 531 573 587 magis
592 530 765 571 hamatis
786 531 892 570 inter
912 544 954 569 se
973 543 1082 569 nexa
1101 529 1255 577 teneri3

306 603 614 660 Proptereaque
632 603 762 644 solere
781 603 866 644 vias
885 601 1115 643 rescindere
1136 602 1286 643 nostris

306 677 516 728 Sensibus,
538 678 790 733 introituque
811 692 884 718 suo
905 691 1172 732 perrumpere
1190 691 1352 731 corpus.

368 751 523 793 Omnia
541 760 749 807 postremo
769 752 881 793 bona
900 751 1098 800 sensibus,
1121 759 1161 791 ct
1182 750 1289 791 mala
1309 758 1434 799 tactu.

301 826 503 867 Dissimili
523 827 630 867 inter
655 841 696 867 se
715 835 903 884 pugnant
923 826 1103 881 perfecta
1123 825 1274 881 figura:

187 903 272 941 410
303 899 370 941 Ne
389 908 435 942 tu
454 899 712 956 fortessputesd,
736 916 857 943 serrae
876 901 1085 943 stridentis
1107 900 1301 941 acerbum

157 1042 308 1073 -solere.·
345 1046 385 1073 11.
416 1043 512 1074 solare
518 1058 528 1079 ;
567 1049 598 1074 et
621 1044 737 1075 omittit
762 1042 889 1085 insuper

155 1105 231 1135 que:
269 1095 354 1126 unde
382 1096 472 1130 nobis
502 1097 655 1128 dubitatio
681 1100 806 1129 suborta
831 1104 888 1137 est,

155 1155 252 1186 quam
278 1155 353 1176 cum
373 1146 488 1177 lectore
513 1149 778 1179 communicatam
799 1149 888 1179 volu-

160 1205 249 1234 mus;
269 1207 349 1227 num
372 1198 522 1228 rariorem
536 1198 704 1230 dictionem
730 1206 823 1240 atque
837 1210 888 1230 ve-

157 1249 322 1280 tustiorem
343 1251 565 1289 importunitas
587 1253 758 1283 scribarum
781 1252 888 1283 indoe-

157 1307 262 1332 torum
283 1302 432 1332 Lucretio
456 1301 626 1341 expulerit3
649 1313 744 1343 quem
773 1303 817 1333 sic
841 1313 889 1333 re-

160 1353 288 1385 formes:

217 1435 371 1465 Propterea,
383 1432 484 1458 solitare
498 1432 552 1457 vias
561 1432 712 1458 rescindere
723 1433 818 1458 nostris

221 1472 384 1498 Sensibus—-

162 1535 202 1566 A.
221 1534 354 1570 Gellius,
364 1534 419 1564 vii,
436 1537 462 1565 1.
487 1537 508 1553 “
524 1535 563 1565 Id
578 1535 672 1566 etiam
688 1535 790 1566 dicere
804 1535 890 1566 haud

161 1588 186 1604 “
201 1585 298 1626 piget,
324 1585 407 1626 quod
431 1585 528 1615 iidem
544 1586 601 1623 illi,
626 1597 703 1627 quos
725 1597 818 1626 supra
832 1597 890 1617 no-

162 1639 185 1655 “
200 1637 335 1673 minari,
344 1636 441 1666 literis
452 1636 686 1675 mandaverint3
713 1638 891 1677 Scipionem

162 1690 187 1707 ‘⁸
202 1688 287 1718 bunc
310 1687 500 1718 Africanum
523 1690 687 1720 solitavisse
714 1690 814 1719 noctis
836 1700 888 1720 ex-

163 1742 186 1758 “
203 1746 312 1775 tremo,
337 1740 423 1779 prius
444 1750 540 1780 quam
559 1740 755 1778 dilucularet,
777 1742 811 1772 in
829 1742 889 1773 ca-

162 1794 186 1810 “
201 1791 347 1830 pitolium
377 1791 602 1822 ventitare-—.‘'
660 1793 710 1822 Sic
732 1792 891 1833 glossator

161 1847 261 1872 vetus:
289 1845 311 1860 ‘⁸
328 1844 431 1880 Solito,
444 1842 559 1874 ειωθαι.”

204 1893 286 1923 Ibid.
310 1895 376 1924 vias
398 1895 588 1925 rescindere:
607 1895 632 1924 i.
649 1905 674 1924 e.
701 1898 830 1926 secando
856 1908 892 1927 a·

157 1947 269 1985 perire.
315 1945 404 1975 Hinc
425 1945 602 1986 Virgilium
624 1948 719 1986 probe
740 1948 891 1988 interpre-

160 1996 244 2035 teris,
260 1996 300 2026 ad
314 2007 383 2037 geo.
401 1997 422 2027 i.
441 2000 511 2028 280.

219 2074 251 2097 Et
262 2074 415 2104 conjuratos
428 2073 530 2099 coelum
546 2075 684 2099 rescindere
698 2075 793 2101 fratres
805 2083 811 2101 :

162 2143 198 2168 ut
223 2136 372 2176 repetitur
397 2137 437 2167 ad
464 2138 540 2168 iEn.
557 2138 595 2168 vi.
617 2142 690 2169 583.
715 2139 734 2169 i.
750 2150 775 2170 e.
798 2151 891 2180 pene-

161 2189 319 2220 trare—vi
351 2188 889 2232 scandere--perrumpere-ingre-

162 2238 204 2269 iii.
250 2239 300 2269 Sic
322 2239 406 2278 prior
422 2240 595 2278 Homerus,
624 2241 685 2272 Od.
710 2248 742 2272 A.
757 2246 830 2274 515.
854 2243 892 2273 de

166 2289 279 2319 eodem
294 2290 464 2320 eorundem
479 2291 646 2331 gigantum
661 2292 812 2324 facinore:

429 2370 457 2395 ἵν’
468 2380 564 2405 ουρανος
578 2373 757 2399 ΑΜΒΑΤΟΣ
773 2383 813 2403 ειη.

164 2436 332 2469 Falluntur
343 2447 440 2476 aeque,
450 2437 475 2466 si
487 2438 562 2477 quid
570 2438 691 2468 valeam
703 2439 892 2480 discernere,

166 2494 197 2518 et
215 2487 338 2517 Servius
361 2493 391 2516 et
407 2488 555 2527 Heynius
576 2489 616 2518 ad
638 2490 751 2520 locum.
800 2492 891 2522 Glos-

165 2538 283 2570 sarium
315 2544 414 2568 vetus:
457 2542 479 2556 ‘⁶
503 2542 666 2578 Rescindo,
698 2544 891 2583 ανασχιζω.·”

163 2591 184 2621 i.
199 2602 226 2621 e.
253 2592 364 2621 divido.
410 2589 502 2620 Idem
529 2591 634 2629 Maro,
661 2594 735 2624 AEn.
758 2595 798 2625 ix.
820 2598 892 2627 524.

165 2646 188 2662 “
206 2646 365 2675 Rescindi!
383 2646 538 2676 vallum:”
562 2648 616 2678 sed
630 2648 660 2678 ii.
678 2653 748 2679 254.

195 2721 350 2747 Dividimus
361 2731 464 2754 muros,
475 2728 503 2749 et
514 2724 618 2749 moenia
626 2725 763 2757 pandimus
774 2727 860 2752 urbis:

165 2783 184 2814 i.
199 2794 224 2814 e.
247 2787 427 2825 diffidimus,
452 2794 487 2817 ut
509 2788 655 2818 nonnulli
669 2789 751 2820 male
764 2790 891 2830 legunt;

167 2838 368 2876 ινασχιζομεν.
416 2839 465 2868 Sic
489 2840 583 2869 etiam
609 2839 649 2869 ad
675 2850 742 2880 geo.
760 2840 802 2870 iii.
820 2844 890 2871 453.

168 2887 189 2901 “
205 2889 371 2919 rescindere
392 2889 505 2920 ulceris
519 2891 588 2928 os‚''
612 2896 712 2929 potest
734 2895 757 2909 “
772 2893 892 2931 aperire

166 2937 188 2952 “
205 2945 240 2965 ac
258 2945 417 2976 penetrare
438 2941 558 2971 ferro:'’
583 2952 683 2982 neque
699 2942 787 2972 aliter
808 2942 890 2981 capi-

165 2995 199 3015 as
228 2990 249 3004 “
265 2991 441 3022 rescindant
465 2991 614 3024 latebram
638 2993 726 3032 teli,‘’
754 2993 793 3023 ad
818 2994 891 3023 AEn.

932 1044 985 1075 xii.
1000 1048 1072 1076 590.
1117 1044 1159 1075 Et
1177 1042 1304 1074 Heinsii
1328 1049 1436 1074 notam
1458 1041 1601 1072 consulas
1622 1042 1662 1071 ad

935 1095 1027 1126 Ovid.
1044 1095 1119 1125 trist.
1135 1095 1176 1124 iii.
1196 1099 1243 1125 ll.
1261 1099 1311 1126 65.

975 1147 1050 1177 Ver.
1067 1150 1139 1177 408.
1163 1149 1243 1176 mala
1260 1153 1362 1176 lacta:
1391 1152 1431 1176 Π.
1447 1147 1523 1175 male
1539 1146 1647 1174 tactui.

977 1197 1058 1227 Ibid.
1080 1198 1156 1227 bona
1172 1198 1325 1227 sensibus:
1351 1202 1388 1225 ut
1404 1195 1565 1234 Virgilius,
1589 1203 1657 1234 geo.

933 1248 967 1278 ii.
985 1250 1059 1278 447.
1081 1246 1193 1277 eodem
1208 1247 1360 1287 regimine
1381 1247 1494 1276 rariore
1511 1257 1584 1275 usus
1600 1252 1657 1275 est:

996 1316 1032 1341 At
1044 1319 1151 1348 myrtus
1161 1315 1256 1340 validis
1265 1314 1394 1338 hastilibus
1406 1318 1433 1339 ct
1443 1314 1507 1338 bona
1519 1313 1580 1338 hello

997 1357 1110 1380 Cornus.

937 1419 1046 1450 Addas
1056 1419 1129 1450 licet
1143 1419 1217 1450 huic
1229 1418 1373 1458 exemplo
1386 1418 1534 1455 Statium,
1549 1417 1662 1448 Achill.

935 1470 965 1501 ii.
983 1474 1033 1502 50.

996 1542 1089 1550 —
1098 1533 1203 1560 tecum,
1214 1529 1277 1554 lituo
1287 1529 1376 1559 bonus,
1386 1530 1453 1554 adsit
1464 1530 1588 1561 Agyrtes.

978 1592 1059 1623 Ibid.
1075 1595 1152 1624 bona
1167 1594 1312 1629 sensibus,
1332 1599 1361 1624 et
1374 1595 1456 1623 mala
1473 1599 1574 1623 tactu:
1601 1593 1619 1621 i.
1636 1602 1662 1620 e.

933 1645 1015 1675 bona
1030 1645 1180 1681 sensibus,
1203 1651 1234 1675 et
1248 1645 1333 1675 mala
1347 1646 1497 1676 sensibus:
1521 1654 1598 1673 nani
1617 1643 1660 1672 lo-

934 1696 1053 1726 cutioni
1073 1702 1212 1732 mutatae,
1234 1703 1320 1727 tactu.
1334 1706 1460 1735 nempe,
1476 1695 1560 1726 solus
1573 1704 1663 1724 amor

934 1747 1100 1784 varietatis,
1117 1753 1147 1777 et
1168 1747 1273 1777 versus
1289 1747 1464 1783 necessitas,
1487 1752 1591 1776 ortum
1607 1745 1660 1775 de-

936 1799 991 1830 dit.
1022 1799 1087 1829 *Ita
1102 1799 1188 1830 enim
1203 1806 1307 1829 noster
1322 1799 1360 1829 de
1377 1798 1508 1839 singulis
1523 1798 1664 1828 sensibus

936 1851 1022 1892 loqui
1037 1851 1114 1882 solet
1120 1864 1129 1889 ;
1153 1854 1255 1882 aureis
1266 1858 1406 1891 tangere,
1422 1851 1441 1880 i.
1455 1854 1526 1882 644.
1539 1857 1662 1890 gusia-m

932 1903 1074 1945 tangere,
1090 1906 1128 1934 iv.
1147 1907 1217 1935 225.
1241 1907 1343 1935 nareis
1359 1910 1498 1944 tangere,
1514 1902 1587 1933 ibid.
1602 1912 1664 1932 ver.

937 1959 1009 1987 678.
1033 1962 1064 1986 et
1087 1958 1186 1987 oculos
1201 1963 1340 1997 tangere,
1366 1966 1440 1986 mox
1456 1965 1517 1985 ver.
1534 1957 1605 1986 815.
1632 1965 1665 1984 a-

936 2007 996 2038 deo
1010 2013 1047 2037 ut
1060 2008 1093 2037 in
1109 2018 1211 2037 errore
1227 2008 1267 2037 sit
1281 2008 1391 2044 Faber,
1407 2006 1485 2037 dum
1501 2006 1582 2035 inter
1595 2016 1663 2036 sen-

936 2060 1018 2090 sibus
1043 2065 1073 2089 et
1101 2065 1185 2089 tactu,
1211 2058 1445 2088 distinctionem
1470 2056 1664 2087 comminisci

936 2110 1011 2140 vult.
1056 2111 1145 2140 Bene
1171 2110 1337 2149 interpres:
1373 2115 1393 2127 “
1410 2108 1568 2148 Denique,
1596 2117 1666 2147 quae

938 2167 957 2179 ‘¹
969 2168 1057 2202 grata
1072 2168 1145 2192 sunt
1157 2167 1187 2192 et
1197 2160 1340 2201 jucunda
1349 2160 1462 2196 sensui,
1473 2170 1543 2199 quae
1559 2159 1664 2199 ingra-

939 2218 959 2231 “
975 2219 1006 2242 ta
1022 2220 1053 2243 et
1067 2212 1271 2254 injucunda.”

982 2265 1063 2295 Ibid.
1089 2268 1171 2295 mala
1187 2271 1281 2295 tactu.

938 2329 1009 2356 nus,
1030 2329 1098 2359 geo.
1113 2319 1158 2349 iii.
1177 2322 1250 2349 416.
1272 2319 1338 2347 haec
1354 2326 1479 2358 quoque
1500 2321 1664 2346 mutuatus

938 2378 995 2400 est:

1327 2263 1419 2293 Idem
1442 2261 1495 2291 ille
1512 2262 1663 2291 Mantua-

1381 2429 1448 2453 mala
1461 2431 1529 2452 tactu

1030 2470 1125 2501 Vipera
1135 2470 1255 2495 delituit:

937 2542 1032 2572 quam
1047 2533 1196 2572 phrasim,
1212 2544 1311 2574 quum
1323 2544 1381 2563 vox
1397 2539 1481 2564 tactu
1497 2531 1662 2572 utrobique

937 2589 1064 2621 spectet,
1093 2585 1217 2615 Servius
1242 2585 1399 2615 verissime
1424 2583 1546 2613 videtur
1567 2583 1662 2612 inter-

936 2640 1087 2672 pretatus:
1123 2639 1145 2653 ‘⁴
1163 2637 1243 2671 Quae
1267 2642 1298 2665 et
1323 2641 1404 2665 tacta
1430 2645 1530 2670 nocet,
1561 2640 1592 2664 et
1617 2639 1663 2664 est

938 2688 960 2703 “
976 2686 1156 2723 perniciosa,
1172 2687 1250 2716 dum
1265 2686 1396 2726 tangit.‘’

979 2736 1054 2766 Ver.
1070 2740 1143 2767 410.
1170 2739 1237 2767 Ne.-
1265 2744 1305 2767 Π.
1320 2739 1407 2774 Neu,-
1431 2742 1472 2774 οἳ,
1488 2747 1544 2776 pro
1558 2747 1661 2772 serrae,

936 2785 989 2815 dat
1000 2787 1095 2827 ferri.

980 2837 1061 2867 Ibid.
1085 2850 1176 2870 serrae
1197 2841 1354 2871 stridentis
1378 2841 1517 2870 acerbum
1544 2840 1660 2868 Horro-

936 2899 1007 2919 rem.
1053 2889 1144 2920 Idem
1158 2902 1283 2930 prorsus
1297 2892 1396 2922 voluit
1409 2891 1582 2922 indefessus
1597 2899 1660 2919 sec-

935 2945 1014 2969 tator
1037 2942 1133 2971 nostri
1148 2942 1268 2974 diversa
1283 2943 1417 2974 dictione
1433 2943 1598 2979 declarare,
1621 2939 1660 2969 ad

936 3001 1003 3031 geo.
1019 2991 1039 3023 i.
1059 2995 1126 3024 143.
