1894 3253
543 231 775 281 LIBER

829 229 1241 280 SECUNDUS

1551 238 1643 286 ΜΤ

294 367 512 410 Cernimus
533 366 719 416 alituum,
742 364 993 420 vermeisque
1013 364 1230 414 ecfervere,
1251 370 1404 406 terram

290 443 600 498 Intempestivos
621 454 746 497 quom
765 447 890 495 putor
909 438 1018 494 cepit
1037 438 1091 479 ob
1111 437 1296 488 imbreis;

291 518 405 560 Scire
425 517 517 559 licet
536 516 654 573 gigni
673 529 792 570 posse
811 527 864 555 ex
883 527 969 554 non
991 512 1174 554 sensibus
1194 526 1348 554 sensuS.

173 597 255 634 930

345 590 488 640 Quod,
512 590 543 631 si
564 589 669 631 forte
688 587 833 644 aliquis
853 586 976 637 dicet,
999 586 1101 627 dum
1122 594 1238 628 taxat
1257 586 1358 627 oriri

286 665 410 706 Posse
430 681 454 705 a
474 679 560 705 non
581 679 700 705 sensu
721 677 876 713 sensus,
898 661 1187 711 mutabilitate,

140 822 159 852 i.
177 825 227 852 27.
255 821 294 851 de
316 819 433 851 manna
450 819 620 851 Israeliticfi
636 820 670 850 in
687 819 806 850 deserto
820 819 868 850 lo·

140 884 251 915 quens:
268 877 289 892 “
303 873 364 903 Sed
376 873 509 912 reposita
520 873 627 903 foetore
637 872 705 903 diro
714 873 747 902 in
759 884 870 904 vermes

140 931 161 945 ‘⁴
175 926 431 968 effervescebantss’
463 926 635 967 Eleganter
651 925 775 956 Marius
791 926 867 956 Vic-

137 983 198 1017 tor,
215 979 247 1008 in
263 989 333 1019 geu.
345 978 364 1008 i.
383 980 454 1007 121.

170 1060 237 1084 Hinc
256 1059 378 1084 volucres
399 1065 517 1090 quoque,
542 1058 625 1083 molle
647 1065 740 1090 geum,
758 1063 867 1084 traxere

262 1099 382 1130 vigorem
391 1107 399 1128 3

170 1139 249 1168 Nam,
267 1138 379 1169 liquidas
395 1138 462 1162 dum
475 1137 575 1162 format
591 1144 683 1169 aquas,
699 1137 870 1169 immissaque

268 1181 384 1209 pontum

170 1217 230 1242 Vita
237 1218 319 1247 subit,
319 1217 433 1248 fervent
439 1216 528 1241 multo
536 1217 641 1242 tumida
650 1223 761 1249 aequora
767 1221 856 1249 partu.

141 1288 246 1326 Forte,
271 1292 292 1307 “
309 1295 391 1319 muto
407 1288 538 1327 partu:”
555 1288 574 1319 i.
590 1299 616 1319 e.
633 1289 781 1327 piscibus:
801 1287 871 1318 vide

138 1350 201 1371 ver.
218 1344 289 1370 542.
312 1341 442 1380 hujusce
458 1339 536 1369 libri.
582 1340 664 1369 Haec
686 1345 793 1370 autem
816 1350 869 1369 vo-

137 1391 249 1422 cabula
263 1392 377 1431 passim
393 1391 546 1421 confundi
561 1391 706 1430 librariis,
723 1402 795 1422 cum
819 1392 868 1421 in-

135 1443 218 1484 signi
230 1454 311 1482 saepe
323 1443 486 1484 elegantiae
496 1443 696 1480 detrimento,
708 1444 867 1473 Burman-

136 1509 197 1528 nus
211 1497 329 1535 docust,
357 1498 397 1527 ad
427 1496 556 1527 Anthol.
583 1497 654 1526 Lat.
681 1496 719 1526 vi.
743 1507 771 1535 p.
796 1500 868 1527 651.

135 1550 276 1586 Exodus,
303 1550 363 1579 xvi.
380 1553 429 1580 20.
455 1549 494 1579 de
510 1548 745 1580 ηιαηηᾶ.--και
769 1554 867 1580 ΕΞΕ-

138 1607 239 1633 ΖΕΣΕ
264 1606 504 1638 ΣΚΩΛΗΚΑΣ,
526 1615 576 1631 και
593 1602 725 1639 επωζεσε.

178 1653 254 1684 Ver.
286 1657 359 1685 928.
385 1654 629 1692 Intempestivos:
655 1652 693 1682 P.
715 1651 811 1682 Vind.
827 1652 868 1682 V.

135 1704 182 1735 ed.
209 1705 246 1735 L.
276 1705 323 1735 M.
353 1705 391 1740 Q.
415 1705 664 1744 Intempestivus;
693 1703 748 1734 sed
770 1705 870 1734 obstat

134 1769 183 1790 res
208 1759 289 1798 ipsa,
321 1765 352 1789 et
378 1768 440 1789 ver.
463 1762 688 1798 872.—quom.·
714 1757 812 1788 Vind.
828 1758 868 1789 V.

134 1810 182 1841 ed.
198 1811 235 1840 L.
253 1810 300 1840 M.
319 1816 359 1839 Π.
373 1813 409 1840 Σ.
425 1819 529 1848 quem;
549 1815 593 1839 Ω.
609 1820 686 1849 qua;
705 1809 744 1845 Q.
760 1821 864 1849 quam:

136 1863 215 1894 etin
237 1864 320 1893 hanc
345 1862 600 1892 emendationem
622 1872 674 1892 me
696 1862 869 1892 lectionum

136 1915 269 1946 varietas
282 1925 380 1944 manu
395 1914 501 1952 duxit;
519 1924 594 1943 nam
605 1914 745 1944 multum
756 1925 867 1944 venus-

136 1967 208 1997 tatis
223 1976 261 1996 ex
276 1965 337 1995 alia
353 1965 618 2004 interpunctione,
647 1971 677 1995 et
699 1976 758 1995 usu
784 1966 868 1996 verbi

135 2017 276 2059 effervere
287 2016 458 2054 transitivo,
469 2016 553 2056 quali
563 2016 680 2056 gaudet
690 2016 867 2055 Lucretius,

135 2071 275 2101 versibus
290 2075 486 2105 accresceret,
512 2071 574 2099 hoc
596 2069 692 2100 modo
716 2070 866 2101 constitu-

134 2121 187 2152 tis:

389 2201 559 2232 verrucisque
569 2201 707 2226 ecfervere
722 2204 835 2231 terram,

166 2240 372 2271 Intempestivos
383 2247 460 2272 quam
471 2244 555 2272 putor
565 2241 637 2272 cepit
648 2240 683 2265 ob
695 2241 813 2265 imbreis.

137 2315 220 2351 Quae
233 2316 313 2345 ratio
328 2315 451 2346 dudum
465 2323 497 2347 et
510 2317 668 2347 Lambino
688 2302 863 2357 placuit.-'

131 2373 242 2407 putor:
260 2367 304 2396 sic
319 2367 354 2397 P.
371 2367 466 2398 Vind.
485 2367 524 2398 V.
540 2368 586 2398 ed.
605 2368 643 2398 Ο.
665 2369 704 2404 Q,-
721 2375 756 2399 A.
773 2375 814 2399 Π.
827 2373 862 2401 Σ.

138 2424 183 2449 Ω.
207 2417 313 2458 vulgo,
331 2424 459 2457 pun-or,-
483 2418 536 2448 sed
557 2418 688 2448 omnino
702 2419 863 2458 mendose,

136 2476 263 2510 propter
274 2479 350 2499 verr.
364 2472 435 2500 871.
449 2472 522 2501 897.
538 2480 596 2500 nec
606 2469 738 2500 absurde
747 2476 865 2510 tamen,

137 2523 163 2552 si
185 2522 230 2552 rei
252 2522 349 2561 ipsius
363 2521 524 2551 veritatem
538 2528 671 2560 spectes3
693 2533 793 2563 quum
802 2534 865 2563 pu-

134 2575 195 2604 tris
206 2573 332 2602 terrain
345 2572 530 2602 vermiculos
541 2573 628 2613 quasi
641 2576 748 2605 resolvi
762 2574 865 2604 videa-

137 2631 198 2657 tur.
249 2625 396 2664 Receptae
425 2625 565 2655 lectionis
601 2631 707 2656 tamen
744 2627 866 2657 notioni

137 2676 226 2708 locus
245 2676 373 2717 quidam
390 2676 518 2716 Virgilii
545 2676 776 2717 aliquantulum
801 2678 866 2708 suf-

138 2728 289 2770 fragatur,
305 2738 373 2768 geo.
388 2728 428 2758 iv.
447 2732 499 2759 49.

234 2796 289 2820 Aut
300 2795 345 2819 ubi
355 2794 415 2819 odor
425 2794 489 2819 coeni
495 2793 633 2826 gravis-.

141 2857 233 2889 Nihil
245 2859 342 2900 igitur
357 2859 397 2890 de
412 2861 470 2889 hac
484 2859 636 2898 scriptur&
650 2858 867 2898 poenitendum

141 2910 433 2953 puto—Denique,
448 2911 513 2943 vice
528 2913 574 2950 ob,
594 2917 634 2943 Π.
650 2912 696 2942 ab.

959 819 1032 850 Ver.
1050 823 1121 851 929.
1143 829 1196 850 ex:
1223 824 1261 851 A.
1278 819 1511 848 fea—sensibus:
1539 817 1578 848 V.
1594 818 1644 849 ed.

913 873 1103 903 sensibilibus
1109 888 1120 908 ;
1146 876 1181 902 Σ.
1195 872 1370 907 sensilibus;
1397 870 1433 901 P.
1451 875 1486 901 A.
1504 876 1548 900 Ω.
1574 881 1642 902 sen-

914 925 983 960 sile;
1010 923 1049 953 Ο.
1064 924 1213 954 sensibile.

956 981 1040 1012 Ibid.
1056 993 1118 1013 non
1132 983 1282 1013 sensibus:
1305 982 1349 1021 ὑφ’
1367 982 1398 1017 ἑν,
1416 987 1451 1011 ut
1462 982 1563 1012 Faber
1574 992 1641 1011 mo-

910 1034 988 1065 nuit.
1024 1033 1113 1063 Hinc
1128 1033 1232 1072 capias
1245 1033 1435 1070 Arnobium,
1452 1033 1503 1062 lib.
1515 1032 1535 1062 i.
1547 1043 1576 1071 p.
1593 1036 1642 1063 16.

912 1087 956 1116 ita
978 1085 1196 1126 castigandum
1218 1090 1409 1115 tamen:—“
1426 1085 1515 1125 cujus
1531 1084 1641 1114 volun-

915 1141 938 1156 “
953 1142 1016 1167 tate
1031 1143 1062 1167 et
1076 1136 1214 1174 arbitrio,
1231 1142 1265 1166 ut
1281 1135 1407 1166 interire
1423 1142 1453 1166 et
1468 1135 1555 1173 solvi,
1572 1146 1643 1166 nec-

916 1194 938 1209 “
954 1193 1028 1222 solvi
1056 1196 1199 1230 possunt,
1230 1189 1460 1220 nec-interire.”
1506 1189 1643 1228 Nempe,

914 1245 973 1280 ita,
987 1242 1037 1272 vel
1052 1243 1153 1279 οὕτως,
1170 1241 1361 1280 respondens
1372 1255 1412 1280 τῳ
1428 1247 1472 1275 ut,
1489 1240 1645 1270 omittitur

914 1293 949 1323 in
964 1292 1106 1324 αποδοσει·
1135 1293 1221 1333 quod
1236 1298 1282 1322 est
1297 1292 1535 1322 constructionis
1549 1292 1644 1322 mini-

912 1356 965 1376 me
980 1346 1199 1386 infrequentis.
1248 1345 1301 1375 Ad
1324 1346 1384 1374 hoc
1407 1354 1518 1374 saxum
1546 1344 1643 1374 critici

913 1397 1125 1434 offenderunt,
1141 1397 1196 1437 qui
1212 1396 1398 1435 Euripidem
1414 1402 1594 1434 tractavere,
1610 1396 1645 1426 in

915 1448 985 1487 Iph.
1002 1448 1097 1477 Taur.
1118 1451 1165 1478 15.
1183 1447 1226 1477 sic
1240 1447 1366 1486 punctis
1381 1446 1607 1477 ordinandum:

952 1526 1036 1553 Δεινῆς
1049 1525 1071 1550 ’τ’
1083 1529 1201 1554 carmina,
1215 1533 1359 1558 πνευματων
1374 1523 1396 1550 τ’
1409 1534 1432 1554 ⁸,
1448 1534 1582 1558 τυγχανων
1591 1531 1604 1549 .·

912 1601 932 1631 i.
947 1613 972 1631 e.
990 1614 1007 1632 ε
1018 1613 1204 1640 erumpam-m:
1222 1601 1376 1630 nullorum
1393 1605 1560 1637 ventorum,
1570 1609 1642 1629 cur-

913 1654 960 1682 sui
976 1663 1033 1683 suo
1055 1653 1096 1683 ad
1120 1653 1249 1692 Trojam
1271 1651 1468 1682 idoneorum.
1515 1651 1566 1681 Sic
1589 1650 1644 1681 alii

913 1704 1096 1743 smpissime:
1122 1703 1193 1734 vide
1211 1704 1435 1734 Casaubouum
1449 1701 1489 1732 ad
1505 1702 1547 1732 D.
1560 1702 1639 1732 Hal.

913 1763 988 1786 antt.
1005 1757 1099 1787 Rom.
1115 1767 1144 1786 x.
1160 1759 1211 1786 45.
1228 1755 1280 1786 fin.

954 1817 1029 1847 Ver.
1059 1820 1129 1848 950.
1156 1818 1229 1846 dum
1259 1822 1353 1846 taxat.
1399 1813 1543 1845 Verbum
1571 1820 1640 1844 tarco

912 1867 1040 1897 vetustis
1054 1867 1175 1897 valebat
1188 1868 1287 1908 finio,
1311 1865 1361 1896 vel
1382 1873 1491 1906 tango:
1517 1865 1588 1895 vide
1603 1865 1643 1896 de

912 1919 967 1950 illo
991 1921 1132 1957 Festum,
1159 1925 1190 1950 et
1212 1919 1424 1956 Priscianum,
1451 1918 1504 1949 lib.
1529 1928 1579 1948 xv.
1611 1929 1641 1958 p.

914 1974 1007 2002 1015.
1036 1972 1090 2001 im.
1117 1971 1278 2001 Glossator
1303 1970 1463 2010 antiquus:
1493 1973 1515 1988 ‘⁶
1538 1971 1640 2000 Taxa-

913 2026 934 2041 “
947 2034 1026 2061 mus,
1039 2022 1200 2065 ιῖριζομεν.·”
1217 2028 1257 2060 et,
1272 2026 1293 2040 ‘⁶
1311 2024 1406 2059 Tamo,
1417 2020 1640 2060 mem-wopam?

910 2074 1036 2105 Eodem
1050 2075 1126 2104 facit
1141 2074 1333 2111 Macrobius,
1352 2073 1414 2103 Sat.
1430 2072 1470 2102 vi.
1489 2075 1507 2103 7
1510 2075 1586 2102 .—“
1599 2072 1641 2101 si-

912 2130 934 2146 “
946 2127 1010 2157 cuti
1021 2133 1127 2157 tati-are
1135 2126 1269 2166 pressius
1278 2125 1475 2165 crebriusque
1487 2130 1533 2154 est
1543 2134 1639 2164 quam

910 2182 933 2197 “
949 2179 1108 2219 tangere.’‘
1154 2179 1259 2218 Igitur
1280 2177 1418 2207 formula
1439 2178 1512 2206 dum
1540 2182 1639 2214 taoeat,

909 2230 959 2260 vel
972 2233 1136 2267 duntaxat,
1152 2229 1236 2259 idem
1252 2234 1306 2263 est,
1319 2238 1356 2257 ac
1369 2227 1395 2256 si
1411 2226 1542 2256 diceres:
1570 2228 1642 2257 Hoc

910 2288 1030 2313 tantum
1046 2282 1182 2322 ᾱςῇηίίο,
1198 2279 1310 2319 posito,
1327 2278 1477 2314 adhibito,
1500 2276 1548 2306 vel
1562 2287 1638 2307 con-

906 2343 1001 2364 cesso.

949 2394 1024 2424 Ver.
1042 2396 1112 2425 931.
1135 2404 1171 2423 a:
1199 2398 1240 2422 Π.
1257 2395 1293 2423 Σ.
1315 2402 1365 2427 εις·
1390 2398 1499 2420 omnes
1514 2387 1638 2429 reliqui,

908 2457 956 2483 ea,
983 2444 1038 2475 sed
1062 2444 1096 2474 in
1114 2444 1161 2474 M.
1184 2442 1351 2483 corrigitur
1372 2441 1407 2471 in
1421 2452 1450 2471 α.
1496 2438 1640 2470 Adhaesit

909 2497 1018 2538 utique
1033 2496 1123 2526 litera
1136 2507 1152 2526 e
1163 2494 1305 2525 vocabuli
1317 2491 1638 2533 praecedentis.—sen-

909 2559 959 2578 sus
984 2549 1204 2578 mutabilitate.-
1229 2547 1326 2585 proba
1356 2544 1409 2575 Pii
1439 2541 1638 2582 exemplaria,

910 2601 961 2630 sed
975 2610 1078 2630 sensus
1092 2599 1267 2628 mobilitate.

953 2651 1028 2681 Ver.
1045 2654 1116 2682 952.
1140 2650 1238 2680 Ante:
1264 2648 1307 2678 sic
1322 2648 1360 2678 P.
1375 2647 1409 2676 in
1424 2646 1518 2684 notis,
1544 2650 1578 2676 Δ.
1596 2650 1638 2676 Π.

911 2712 1013 2743 neque
1037 2702 1126 2732 aliter
1151 2702 1231 2731 sinet
1252 2700 1434 2740 planissima
1448 2698 1508 2729 loci
1522 2697 1639 2737 planis-

912 2755 983 2784 simi
1014 2755 1278 2793 mens—aliquo:
1323 2752 1360 2782 P.
1397 2753 1636 2792 aliqum—tam-

913 2817 1022 2846 quam:
1059 2804 1112 2835 Pii
1147 2804 1279 2843 codices,
1310 2805 1560 2843 tangi.—partu.·
1598 2801 1634 2830 P.

910 2856 1008 2886 Vind.
1026 2856 1064 2886 V.
1081 2855 1128 2887 ed.
1146 2856 1185 2886 Ο.
1204 2856 1243 2888 Q.
1268 2860 1302 2886 Δ.
1321 2861 1361 2885 Π.
1379 2859 1415 2886 Σ.
1434 2860 1479 2884 Ω.
1498 2859 1634 2893 partum.

911 2919 1066 2950 —quanu
1093 2907 1136 2939 sic
1154 2907 1190 2938 L.
1208 2907 1256 2938 M.
1279 2906 1333 2937 sed
1356 2905 1479 2946 reliqui,
1505 2903 1636 2944 quod.-

871 2969 932 2999 ΖΞ
