1894 3253
200 265 297 304 254«

704 249 765 295 T.
806 241 1186 293 LUCRETII

228 392 308 428 325
344 385 499 442 Fulgur
519 381 589 423 ubi
611 379 664 421 ad
686 378 836 421 coelum
857 391 898 418 se
919 374 1038 424 tollit,
1059 380 1226 427 totaque
1247 371 1400 412 circum

342 460 447 502 AEre
466 456 684 498 renidescit
704 454 839 503 tellus3
871 451 1105 505 subterque,
1127 446 1262 488 virum
1281 446 1337 495 vi,

343 533 519 574 Excitur
537 530 710 587 pedibus
732 528 902 576 sonitus,
925 525 1184 578 clamoreque
1203 527 1363 561 montes

198 706 238 736 111
254 706 356 745 primo
370 716 461 736 versu
475 705 546 736 libri
559 706 686 743 habent,
691 704 836 746 feriebat.
882 702 923 732 In

198 757 345 795 secundo,
373 758 446 787 Alta
472 759 621 787 stramina
631 770 640 786 .·
666 762 758 786 certae
780 760 854 785 sunt
875 755 924 784 hae

198 809 393 849 conjecturae.
440 810 523 848 Cepit
548 808 581 838 in
609 808 716 845 terti05
740 817 864 846 nempe,
888 816 927 836 ex

198 860 287 890 victis
301 860 450 890 hostibus.
483 859 523 889 In
533 870 623 889 versu
635 869 720 889 nono
731 858 928 897 reposuimus

200 914 280 943 Hoec
297 922 352 951 pro
367 914 439 949 Sed‚-
464 912 629 942 verissime.
676 915 698 929 “
715 911 796 940 Haec
805 920 862 949 pro
876 909 926 939 lu-

200 968 222 983 “
240 966 336 1002 mine,
353 966 419 995 sine
433 966 507 1006 igne
523 972 553 995 et
567 964 776 1004 lampadibus,
793 962 926 992 sufficie-

199 1019 222 1034 “
237 1017 343 1047 bant.’'
390 1017 527 1047 Bfinime
549 1016 665 1047 distant
693 1015 727 1044 in
749 1014 836 1043 libris
860 1015 929 1044 Hec

199 1074 230 1098 et
257 1070 313 1099 Set.
359 1068 449 1103 Mox,
462 1066 648 1110 fragrantia
682 1066 766 1103 dedi,
790 1075 845 1104 pro
859 1067 928 1106 fla-

195 1121 341 1159 granna.-
366 1130 437 1160 quae
452 1119 566 1149 usitata
581 1125 628 1149 est
645 1116 833 1157 corruptela:
859 1115 930 1145 vide

200 1170 241 1200 ad
257 1170 346 1212 Virg.
363 1181 430 1211 geo.
446 1171 485 1202 ἰν.
499 1174 569 1202 169.
585 1170 727 1201 lectionis
737 1169 928 1199 varietatem.

199 1223 350 1253 Eundem
367 1223 550 1262 Corippum‚
566 1222 641 1253 ibid.
654 1232 714 1252 ver.
728 1225 800 1252 222.
818 1220 926 1250 leviter

200 1274 315 1304 iterum
330 1274 499 1313 castigabo:

215 1357 323 1382 Eminet
335 1357 456 1382 excelsus
467 1364 545 1388 super
556 1357 647 1381 omnia
658 1356 760 1382 vertice
772 1358 863 1381 Narses

215 1397 342 1429 Agmina,
353 1401 381 1422 et
392 1398 542 1428 Augustam
553 1396 629 1422 cultu
638 1396 799 1428 perfulgurat
810 1395 908 1419 aulam.

200 1463 299 1502 Editi,
311 1463 536 1504 praefulgurae;
561 1462 666 1492 minus
681 1467 761 1501 apte.
805 1461 927 1500 Neque,

202 1524 269 1544 rem
293 1525 419 1544 mecum
441 1520 599 1553 reputans,
628 1512 770 1543 dubitem
796 1511 929 1541 eandem

203 1566 413 1597 mutationem
427 1566 548 1596 Valerii
566 1565 669 1596 Flacci
684 1564 764 1602 loco,
777 1564 844 1604 jam
860 1563 928 1594 lau-

203 1619 287 1656 dato,
318 1618 561 1649 facere-Libri
591 1618 671 1648 inter
700 1618 756 1647 has
777 1626 867 1646 voces
889 1616 929 1646 ad

202 1671 293 1700 Statii
309 1670 408 1700 Theb.
424 1670 474 1701 vii.
491 1673 564 1701 502.
592 1668 733 1699 similiter
759 1667 924 1698 fluctuant:

200 1722 243 1752 ibi
258 1729 364 1752 tamen
384 1722 595 1763 praesulgurat
620 1721 722 1751 multo
743 1720 928 1761 elegantius,

202 1781 233 1804 et
247 1775 378 1804 omnino
393 1774 578 1812 tenendum,
589 1779 729 1804 autumo.

247 1825 328 1856 Ibid.
351 1827 419 1856 ubi:
446 1826 482 1856 P.
498 1825 535 1855 L.
550 1826 594 1855 ibi
598 1841 609 1861 ‚·
633 1831 668 1855 ut
684 1824 789 1864 plures
804 1823 887 1854 editi.

206 1877 374 1915 Caeterum,
391 1877 479 1907 locus
490 1877 609 1917 integer
626 1876 776 1913 Lucretii,
787 1885 859 1906 cum
869 1885 932 1915 quo

202 1939 372 1967 versamur,
394 1929 646 1960 manifestissime
666 1939 704 1959 ex
719 1927 933 1969 grandissimis

203 1981 391 2021 quibusdam
411 1981 547 2011 Homeri
575 1981 713 2011 versibus
730 1979 932 2010 adumbratus

202 2041 259 2072 est,
276 2035 316 2064 ad
333 2035 370 2065 IL
388 2041 419 2065 T.
441 2038 513 2065 562.
537 2034 706 2073 ampliatus
720 2034 875 2074 quamvis,
899 2040 930 2063 et

203 2085 373 2125 expolitus:

233 2173 319 2203 Atym
334 2170 355 2197 δ’
366 2181 451 2205 epam
463 2170 509 2196 ἷκε·
527 2175 639 2201 ynam-ee
651 2170 676 2196 δε
686 2180 762 2196 :roccae
774 2179 824 2205 περι
836 2169 899 2204 χθων

234 2222 337 2245 Χαλκε
349 2219 393 2244 ὕετο
402 2223 526 2253 στεροπῆς·
537 2218 582 2244 ὑπο
596 2218 621 2244 δε
632 2228 724 2246 κτυπος
735 2227 821 2252 aprus-o
833 2226 916 2242 ποι-σιν

234 2268 337 2302 Ανδρων.

204 2339 272 2369 Nec
288 2344 394 2368 tamen
412 2338 493 2368 Caro
508 2337 587 2368 nihil
602 2335 735 2367 contulit
759 2334 931 2373 Hesiodus,

203 2396 279 2420 scut.
297 2389 392 2419 Herc.
409 2392 459 2420 58.

203 2477 261 2512 Εὗρε
272 2487 324 2512 γαρ
336 2486 356 2503 εν
367 2485 457 2511 τεμένει
468 2474 613 2506 {zamam
625 2477 771 2504 Απολλωνος

204 2527 292 2555 Aua-ou,
305 2536 352 2552 και
361 2524 444 2560 rroerep'
456 2525 489 2556 ὃν,
502 2526 575 2560 Αρην,
591 2535 650 2550 οιτον
663 2530 787 2559 πολεμου,

204 2571 314 2598 an-wr’
326 2582 346 2598 εν
358 2573 438 2607 διφρῳ·
449 2573 540 2606 χθοναι
551 2571 573 2598 δ’
583 2581 684 2598 εκτυετον
696 2581 766 2600 aaz&
780 2571 857 2601 imru,

205 2621 337 2648 Νυσσωτες
348 2625 452 2656 χηλῇσι·
462 2631 526 2649 κονις
539 2620 563 2646 δε
574 2619 614 2653 σφ’
625 2620 778 2655 αμφιδεδῃει,

209 2670 360 2701 Κοπτομενη,
368 2673 507 2695 :rame-own
522 2668 559 2702 ὑφ’
573 2669 685 2703 ἅρμασι,
697 2678 744 2694 και
755 2676 823 2693 crocu
834 2665 923 2695 imi-m,-

206 2755 280 2775 cum
295 2746 408 2785 quibus
422 2748 599 2778 committas
615 2748 714 2778 Hom.
733 2746 772 2777 11.
806 2752 834 2777 Β.
861 2748 933 2777 457.

206 2799 278 2827 458.
294 2799 365 2827 780.
382 2801 453 2828 781.
476 2799 584 2829 omnia
602 2799 689 2829 enim
704 2798 860 2835 exhibere,
876 2806 934 2828 uec

206 2847 316 2884 debeo,
342 2859 399 2879 nec
415 2860 551 2888 possum.
598 2852 705 2891 Atque
720 2856 817 2881 totam
838 2850 930 2889 phra-

207 2900 277 2936 sim,
303 2902 345 2931 ad
368 2902 474 2932 coelum
490 2913 520 2933 se
535 2904 623 2940 tollit,
639 2903 776 2934 dictione
792 2901 932 2942 simplice

966 698 1102 739 tragicus
1117 695 1297 734 complexus
1312 698 1367 730 est,
1379 691 1419 723 ad
1436 691 1463 722 A
1468 700 1550 732 gam.
1563 694 1612 723 92.
1623 700 1695 732 quae

966 749 1096 780 felicitas
1125 752 1171 777 est
1203 747 1400 781 Graecorum,
1432 753 1489 772 nec
1513 741 1694 782 Anglorum

968 801 1086 842 linguae
1103 804 1215 829 nostrae
1230 796 1336 827 minus
1351 799 1542 833 competens:

1050 887 1124 914 Δλλη
1141 884 1163 910 δ’
1173 884 1274 910 αλλοθεν
1285 882 1554 909 ΟΥΡΑΝΟΜΗΚΗΣ

1104 935 1223 966 Λαμπας
1238 937 1344 965 auo-5451*

973 1003 1085 1043 Neque
1111 1002 1254 1032 inornate
1282 1010 1350 1038 rem
1374 999 1513 1030 tractavit
1539 998 1698 1036 Lucanus,

972 1055 1025 1085 vii.
1044 1057 1115 1084 214.
1138 1053 1192 1094 qui
1207 1059 1313 1083 tamen
1329 1051 1492 1082 adeundus
1514 1057 1572 1088 est,
1595 1061 1636 1081 ne
1657 1050 1698 1080 si-

972 1116 1053 1142 mus,
1069 1105 1116 1135 uti
1131 1115 1237 1134 vereor
1252 1114 1293 1134 ne
1307 1103 1469 1139 fuerimus,
1486 1102 1651 1143 longIOres.

1014 1162 1089 1191 Ver.
1104 1164 1177 1191 526.
1199 1160 1380 1190 renidescit:
1407 1157 1502 1187 Vind.
1525 1157 1567 1187 V.
1590 1156 1637 1187 ed.
1662 1156 1700 1187 B.

968 1215 1004 1244 L.
1022 1214 1070 1244 M.
1089 1213 1127 1243 O.
1146 1219 1186 1242 Π.
1208 1216 1242 1243 Σ.
1261 1217 1307 1241 Ω.
1322 1211 1476 1241 renitescit
1482 1223 1493 1244 ,-
1513 1218 1615 1239 errore
1629 1218 1700 1248 pro-

969 1265 1052 1302 clivi,
1077 1270 1108 1294 et
1135 1264 1257 1294 Phoebo
1281 1268 1464 1301 respuente:
1490 1260 1543 1291 Pii
1568 1260 1703 1299 codices,

969 1315 1068 1346 literis
1081 1313 1289 1353 transpositis,
1305 1314 1481 1343 redz‘nescit.

1018 1366 1101 1397 Ibid.
1126 1368 1204 1397 AEre
1220 1367 1385 1396 renidescit
1399 1370 1460 1394 tota
1477 1365 1574 1394 tellus.
1619 1363 1701 1393 Haec

971 1419 1114 1458 arripuit,
1130 1424 1161 1448 et
1175 1416 1321 1448 nonnihil
1330 1415 1500 1451 exornavit,
1515 1415 1620 1453 Maro,
1633 1424 1700 1456 geo.

972 1472 1002 1501 ii.
1018 1474 1089 1501 282.

1351 1538 1405 1562 late
1418 1537 1533 1562 fluctuat
1543 1537 1623 1562 omnis

1036 1582 1099 1604 AEre
1111 1579 1234 1604 renidenti
1246 1579 1328 1603 tellus.

978 1657 1146 1687 Renidentz·
1159 1654 1279 1695 utique,
1290 1656 1408 1684 ridente
1415 1668 1426 1689 ;
1444 1658 1482 1684 ut
1492 1652 1587 1684 modo
1599 1652 1701 1683 Μεθο-

973 1707 1069 1737 uides.
1112 1706 1164 1737 Ibi
1178 1705 1320 1737 similiter
1333 1704 1454 1735 variant
1467 1714 1542 1735 cum
1555 1705 1701 1735 renitenti

975 1757 1173 1796 exemplaria.

1017 1810 1091 1839 Ver.
1102 1812 1174 1840 527.
1191 1810 1378 1849 clamoreque
1387 1822 1397 1838 .·
1415 1808 1456 1838 V.
1472 1807 1519 1838 ed.
1533 1814 1578 1838 Ω..
1589 1809 1704 1838 clamor

975 1873 1108 1902 quoque;
1135 1860 1230 1891 Vind.
1246 1862 1480 1900 clamoremque5
1499 1858 1584 1890 unde
1596 1859 1639 1889 sic
1653 1869 1702 1890 re-

975 1913 1101 1949 scribas,
1117 1922 1182 1943 non
1197 1911 1294 1942 male:

991 1999 1105 2023 Excitur
1116 1998 1227 2030 pedibus
1238 2003 1332 2021 sonus:
1349 1996 1481 2021 clamorem
1491 2002 1587 2028 quoque
1596 1998 1704 2022 montes

991 2037 1068 2066 Ictei,
1079 2040 1102 2061 et
1114 2037 1244 2068 rejectant
1255 2043 1346 2065 voces,
1356 2036 1390 2060 ad
1401 2035 1486 2060 sidera
1496 2035 1611 2060 mundi:

973 2122 1048 2141 nam
1063 2113 1178 2142 clamor
1201 2117 1232 2141 et
1245 2121 1327 2142 voces
1350 2115 1455 2140 noster
1479 2109 1519 2139 ad
1540 2109 1561 2139 i.
1577 2112 1649 2140 491.
1671 2114 1703 2140 et

974 2162 1047 2192 alibi
1065 2162 1242 2202 conjunxit:
1270 2161 1324 2191 sed
1339 2166 1461 2200 recepta
1477 2159 1573 2200 longe
1593 2158 1702 2200 longe-

974 2225 1035 2255 que
1050 2215 1190 2245 faciliora
1203 2220 1289 2252 sunt,
1305 2224 1340 2243 ac
1356 2212 1544 2243 decentiora.

1018 2266 1099 2298 Ibid.
1125 2268 1259 2297 Enitar
1270 2267 1398 2305 pedibus
1414 2267 1539 2296 sonitus.
1577 2265 1706 2295 BIemor

974 2324 1040 2348 erat
1053 2318 1114 2348 loci
1130 2318 1297 2359 Virgilius,
1313 2317 1354 2347 ad
1365 2318 1443 2347 AEn.
1462 2315 1516 2346 xii.
1532 2318 1607 2347 445.

1201 2404 1277 2427 Tum
1288 2408 1364 2427 caeco
1376 2401 1486 2434 pulvere
1494 2407 1606 2433 campus

1007 2443 1145 2474 Miscetur,
1151 2443 1282 2476 pulsuque
1290 2442 1384 2475 pedum
1395 2442 1489 2467 tremit
1500 2441 1584 2466 excita
1594 2440 1676 2466 tellus.

1019 2518 1094 2549 Ver.
1123 2522 1195 2549 528.
1232 2519 1395 2559 rejectant:
1433 2523 1477 2548 Ω.
1506 2523 1536 2547 et
1564 2517 1701 2557 ejectam.

983 2569 1101 2600 Similis
1116 2575 1162 2600 est
1176 2569 1308 2599 varietas
1322 2569 1361 2599 ad
1377 2567 1468 2608 Virg.
1485 2568 1560 2598 AEn.
1576 2576 1603 2597 v·
1618 2568 1691 2597 470.

1024 2621 1105 2652 Ibid.
1137 2624 1216 2653 Ictez'
1244 2623 1386 2658 clamore,
1416 2625 1530 2650 montes
1558 2618 1704 2658 rejectant

976 2685 1066 2705 voces.
1112 2674 1259 2714 Hujusce
1280 2673 1341 2704 loci
1365 2671 1542 2702 recordatus
1564 2674 1609 2699 est
1624 2668 1700 2698 Vir-

976 2725 1082 2765 gilius,
1100 2725 1174 2755 AEn.
1192 2735 1219 2754 v.
1238 2727 1309 2756 150.
1346 2720 1536 2753 Marklando
1558 2719 1647 2750 docte
1661 2718 1700 2748 i}-

976 2776 1124 2807 lustratus
1138 2775 1178 2806 ad
1197 2776 1272 2806 Stat.
1288 2775 1353 2805 silv.
1369 2784 1396 2803 v·
1413 2775 1441 2804 5.
1458 2774 1511 2802 71.

1167 2842 1263 2875 pulsati
1273 2841 1343 2866 colles
1354 2840 1460 2865 clamore
1468 2838 1593 2862 resultant
1602 2846 1611 2862 .-

975 2901 1053 2932 a'e‘n's
1067 2911 1180 2940 nempe
1195 2899 1334 2940 pulsibus
1355 2895 1474 2937 agitati·
1519 2894 1609 2925 Hinc
1632 2895 1704 2925 Au-
