1894 3253
539 239 768 290 LIBER
823 235 1240 287 SECUNDUS.

1542 243 1567 281 (ἢ

1572 242 1599 280 ΕΠ

1608 241 1625 280 i..-

285 377 518 424 Discutere,
541 390 588 416 ac
608 389 714 430 pene
734 372 900 414 amissos
921 370 1148 412 adcendere
1169 382 1320 409 sensus.

287 452 413 502 Nam,
437 450 520 506 qua
541 465 586 490 re
605 449 742 504 potius
761 447 830 487 leti
844 446 932 500 jam
952 445 1092 485 limine
1113 444 1165 485 ab
1185 444 1275 498 ipso

172 532 255 569 960
289 527 359 568 Ad
380 528 506 567 vitam
526 523 700 580 possint,
723 518 905 575 conjecta
926 526 1080 567 mente,
1102 517 1273 566 revorti3

290 601 446 650 Quam,
469 614 552 656 quo
572 598 790 639 decursum
809 608 940 650 prope
952 594 1040 649 jam
1061 593 1150 642 siet,
1172 592 1232 632 irc
1252 599 1292 632 et
1313 590 1448 632 abire?

348 674 571 723 Praeterea,
594 671 790 728 quoniam
811 669 929 710 dolor
948 676 1023 718 est,
1045 667 1117 708 ubi
1136 666 1325 707 materiai

288 749 494 803 Corpora,
517 748 557 788 vi
578 746 756 802 quadam
776 760 851 800 per
871 745 1025 785 viscera
1044 742 1151 793 viva,
1171 756 1246 797 per
1266 749 1394 790 artus,

290 823 514 872 Solicitata,
533 822 613 863 suis
633 820 844 877 trepidant
862 820 906 860 in
927 819 1090 859 sedibus
1110 818 1239 866 intus;

172 903 254 940 965
288 897 421 954 Inque
439 897 577 938 locum
597 896 766 952 quando
787 895 1028 952 remigrant,
1051 893 1099 934 fit
1119 892 1270 934 blanda
1290 890 1490 946 voluptas:

145 1070 221 1100 Non
252 1068 340 1098 aliter
370 1068 427 1097 iste
455 1066 543 1097 locus
573 1066 797 1106 concipiendus
818 1072 873 1096 est.
916 1065 1085 1095 formidine
1100 1063 1224 1099 turbati,
1241 1063 1397 1093 actionem
1409 1062 1543 1092 denotat.
1571 1061 1645 1091 Vir-

144 1122 321 1162 Vulgarem
336 1120 491 1150 rationem
507 1119 602 1148 nimis
623 1125 768 1159 argutam
786 1118 873 1148 dixe-

147 1175 217 1204 rim.
261 1175 411 1204 Diversus
435 1177 541 1201 autem
572 1177 629 1207 est,
657 1178 684 1202 tc
714 1173 875 1208 divertens,

147 1226 187 1256 ad
210 1225 323 1255 mediae
346 1224 429 1253 vocis
452 1229 646 1262 potestatem.
694 1223 782 1252 Hinc
807 1232 875 1252 om-

146 1278 223 1308 nino
252 1276 411 1307 verissima
433 1280 480 1304 est
509 1274 687 1305 Heinsiana
716 1273 877 1309 divinatio,

147 1327 284 1359 Bentleii
300 1327 394 1357 etiam
408 1326 529 1369 judicio
545 1326 744 1363 comprobata
758 1330 789 1354 et
804 1334 877 1354 acu-

145 1380 233 1410 mine
248 1379 434 1420 excogitata‚
456 1377 496 1408 ad
512 1376 698 1415 Horatium,
723 1376 773 1407 od.
788 1376 810 1408 i.
827 1379 878 1407 54.

147 1433 177 1463 5.

531 1518 603 1536 nunc
614 1514 761 1536 retrorsum

270 1553 336 1577 Vela
347 1553 420 1581 dare,
431 1555 514 1582 atque
524 1551 618 1575 iterare
629 1557 721 1576 cursus

240 1593 332 1624 Cogor
341 1592 451 1616 reiectos.

151 1676 215 1707 Ubi
230 1682 335 1713 tamen
350 1685 406 1715 pro
418 1675 554 1706 lectione
565 1674 632 1711 sua,
643 1675 786 1716 gnaviter
796 1675 879 1714 licet,

148 1740 249 1770 neque
265 1730 382 1769 optime
396 1729 443 1758 illi
458 1729 517 1758 viri
538 1728 784 1768 praestantissimi
808 1738 879 1768 pro-

148 1786 380 1822 pugnaverunt,
396 1786 427 1810 et
446 1780 580 1810 vicissim
594 1790 798 1811 censurarum
812 1791 879 1811 om-

150 1835 227 1864 nino
242 1834 312 1864 falsi
327 1839 402 1864 sunt
416 1840 510 1875 atque
526 1833 738 1877 απροςδιονυσοι,
755 1833 809 1874 qui
825 1843 879 1873 op-

150 1892 308 1927 pugnant,
339 1887 485 1917 Klotzius
514 1897 550 1917 ac
579 1887 602 1919 J
604 1897 692 1918 anus.
754 1885 881 1927 Virgilii

151 1937 238 1968 locus
252 1938 381 1978 quidam
395 1938 422 1968 is
437 1939 495 1968 erit
510 1938 624 1978 pulvis,
639 1948 702 1979 quo
717 1937 798 1968 tanti
812 1947 882 1967 mo-

151 1995 202 2019 tus
217 1990 396 2020 criticorum
409 1990 608 2022 sedabuntur.
631 1990 765 2031 Legitur
776 1995 884 2021 autem

153 2040 186 2070 in
202 2041 277 2071 AEn.
293 2040 336 2072 iii.
353 2045 424 2073 690.

179 2129 259 2154 Talia
270 2131 452 2160 monstrabat,
465 2131 573 2163 relegens
581 2134 671 2156 errata
685 2133 822 2156 retrorsum

181 2169 284 2200 Litora,
293 2170 513 2201 Achaemenides‚
523 2178 615 2197 comes
625 2170 738 2196 infelicis
748 2171 835 2196 Ulissi.

196 2248 278 2278 Ibid.
299 2256 433 2280 meatus:
460 2250 479 2281 i.
495 2261 521 2281 e.
544 2251 621 2290 vias,
636 2251 787 2288 tramites,
809 2261 884 2282 cau-

154 2299 216 2333 las,-
242 2300 289 2329 uti
304 2310 404 2339 nuper
417 2301 555 2333 vidimus
569 2303 603 2333 in
618 2313 679 2334 ver.
701 2305 774 2335 950.

197 2350 272 2380 Ver.
290 2354 362 2382 957.
384 2354 439 2382 leti
453 2355 659 2385 dominantem
676 2362 799 2386 motum.
836 2354 884 2385 Si-

156 2400 273 2431 militer
295 2401 425 2438 Paulus,
449 2403 489 2433 ad
516 2404 609 2435 Rom.
640 2406 679 2436 vi.
704 2411 736 2437 9.
760 2406 886 2437 locutus

155 2460 217 2484 est:
246 2460 432 2487 ΘΑΝΑΤΟΣ
454 2470 532 2488 αντε
548 2471 584 2489 87.
601 2472 641 2489 ετι
660 2464 861 2490 KTPIETEI.

158 2504 328 2542 Caeterum,
354 2506 442 2537 locus
464 2508 515 2538 hic
535 2509 676 2539 Lucretii
692 2509 808 2540 eximia
822 2520 885 2540 ser-

157 2557 262 2587 monis
277 2560 475 2599 proprietate,
492 2561 700 2601 simplicitate,
716 2569 809 2604 atque
823 2562 885 2594 ele-

158 2607 276 2647 gantia,
292 2609 372 2640 mihi
386 2611 509 2641 videtur
524 2612 707 2645 elaboratus.

202 2659 275 2690 Ver.
291 2664 364 2693 959.
386 2663 513 2694 limine.-
539 2664 583 2694 V.
611 2665 658 2696 ed.
684 2672 728 2697 Ω.
749 2668 884 2697 lumine:

158 2717 189 2741 et
203 2711 236 2741 in
252 2712 302 2742 his
315 2713 443 2745 vocibus
454 2716 622 2755 saepissime
631 2717 741 2748 scribae
750 2719 886 2757 turbant,

162 2768 198 2792 ut
213 2764 332 2802 optime
347 2772 464 2796 norunt
478 2777 596 2798 omnes.

203 2814 276 2846 Ver.
305 2820 376 2848 960.
411 2817 546 2858 conjectti
575 2825 692 2849 mente:
728 2818 748 2849 i.
764 2829 789 2849 e.
824 2824 845 2837 ‘¹
859 2830 888 2850 se

162 2867 184 2882 ¹‘
201 2867 378 2906 conjicimzte
393 2869 428 2899 in
442 2869 528 2901 locos
543 2871 680 2901 maxime
694 2870 840 2902 xdtalesss’
857 2877 889 2901 et

162 2923 220 2946 vox
235 2923 282 2948 est
295 2919 332 2950 ea
352 2926 515 2961 potestate,
540 2932 610 2963 quae
635 2921 830 2962 trepidantis,
857 2928 888 2955 et

919 1117 1025 1158 gilius,
1044 1117 1118 1147 AEn.
1133 1126 1161 1146 X.
1179 1118 1250 1146 657.

983 1202 1041 1225 Huc
1053 1208 1103 1224 sese
1113 1199 1210 1231 trepida
1223 1201 1317 1223 AEneae
1330 1198 1458 1230 fugientis
1467 1198 1558 1230 imago

983 1239 1085 1271 Conjicit
1095 1239 1122 1262 in
1133 1238 1256 1263 latebras.

924 1311 958 1341 Si
974 1321 1083 1341 sensus
1099 1309 1200 1339 vitalis
1216 1309 1278 1339 ictu
1294 1308 1389 1348 possit
1401 1309 1484 1349 ejici,
1498 1319 1559 1339 ver.
1577 1313 1648 1341 950.

922 1362 999 1404 quid
1013 1362 1155 1402 impedit,
1178 1372 1240 1402 quo
1260 1361 1366 1391 minus
1381 1361 1464 1391 idem
1480 1361 1602 1392 dicatur
1617 1372 1651 1391 se

921 1414 1095 1455 conjicere?
1116 1413 1267 1444 Conferas
1280 1412 1323 1443 iii.
1339 1416 1411 1444 941.
1428 1419 1458 1443 et
1470 1413 1651 1454 Hyginum,

922 1477 951 1506 p.
968 1469 1040 1497 455.
1055 1466 1112 1496 im.
1129 1465 1176 1496 ed.
1202 1465 1359 1496 Staveren.
1382 1465 1528 1496 Editores
1542 1472 1649 1496 tamen

924 1519 963 1550 de
979 1529 1036 1550 suo
1052 1520 1141 1550 nobis
1157 1518 1330 1549 obtrudunt
1344 1529 1549 1549 communem
1563 1519 1650 1550 locu-

923 1571 1043 1601 tionem
1057 1570 1189 1603 conlectt‘t'
1198 1587 1208 1608 ,·
1232 1572 1321 1612 quasi
1343 1571 1432 1601 nefas
1446 1571 1486 1601 sit
1501 1572 1650 1602 Lucretio

924 1623 1114 1662 doctissimo,
1149 1624 1210 1654 nisi
1239 1634 1313 1654 cum
1341 1623 1481 1662 plebeiis,
1518 1624 1651 1654 subinde

924 1676 1018 1717 loqui.
1045 1683 1086 1707 Π.
1101 1674 1256 1711 convect<2‚·
1285 1677 1324 1712 Q.
1340 1682 1474 1714 conecta,
1489 1687 1559 1716 quae
1581 1687 1651 1717 ger-

924 1728 1107 1758 manissima
1135 1734 1182 1758 est
1210 1728 1339 1759 sincerae
1362 1727 1522 1757 vetustatis
1547 1729 1651 1757 ortho-

925 1781 1066 1822 graphia:
1094 1780 1163 1811 vide
1178 1780 1230 1820 sis,
1246 1791 1317 1821 quae
1331 1781 1364 1810 in
1379 1786 1558 1810 transcursu
1573 1780 1654 1810 dixi-

925 1843 997 1864 mus
1023 1833 1062 1863 ad
1085 1833 1104 1864 i.
1130 1836 1202 1864 752.
1227 1833 1377 1864 Poteram
1406 1843 1480 1863 sane
1511 1833 1655 1863 Nonium

926 1885 1118 1916 Marcellum
1142 1885 1220 1915 mihi
1246 1885 1280 1915 in
1303 1885 1458 1916 auxilium
1480 1885 1654 1924 suscitasse,

926 1937 964 1967 ad
980 1937 1018 1967 iv.
1033 1941 1084 1969 89.
1107 1936 1276 1975 dicentem,
1294 1940 1316 1955 “
1332 1938 1496 1977 Conjicere,
1506 1938 1657 1976 colligere,

928 1996 948 2009 “
962 1990 1118 2022 certare:’'
1142 1991 1196 2021 sed
1221 1992 1255 2021 in
1280 1993 1390 2021 morbo
1412 1992 1516 2029 cubat,
1537 1996 1568 2021 et
1583 2001 1654 2021 san·

927 2042 1029 2073 andus
1042 2048 1088 2073 est
1102 2043 1161 2072 hoc
1175 2049 1279 2082 pacto:
1307 2046 1329 2060 “
1347 2042 1519 2083 Conjicere,
1546 2044 1656 2084 confli-

928 2097 951 2113 “
963 2106 1045 2144 gere,
1056 2094 1205 2125 certare.”

971 2156 1045 2187 Ver.
1061 2160 1136 2188 961.
1152 2158 1330 2187 decursum:
1351 2155 1390 2186 V.
1407 2154 1453 2185 ed.
1465 2157 1635 2186 discursum
1643 2171 1654 2191 ;

928 2209 1034 2240 minus
1063 2209 1235 2250 eleganter:
1263 2213 1299 2240 Σ.
1331 2209 1586 2238 deczcrsu.—siet.·
1612 2207 1654 2237 V.

929 2261 976 2293 ed.
991 2264 1019 2293 si
1033 2267 1077 2298 et;
1104 2261 1143 2291 O.
1165 2265 1201 2291 Δ.
1224 2261 1318 2296 sinet;
1343 2265 1384 2289 Π.
1408 2258 1595 2289 sciret.—Et
1615 2257 1656 2288 de

927 2313 1033 2353 phrasi
1047 2315 1092 2343 ire
1106 2318 1134 2343 et
1149 2313 1245 2350 abire,
1271 2310 1378 2341 redeas
1400 2308 1440 2340 ad
1462 2309 1544 2340 dicta
1565 2309 1599 2340 in
1628 2313 1657 2341 1.

929 2367 1001 2395 681.

973 2422 1046 2454 Ver.
1063 2427 1134 2455 965.
1156 2425 1202 2455 vi:
1231 2429 1275 2454 Ω..
1286 2423 1509 2462 in.—qzmdam
1520 2432 1589 2461 per:
1616 2427 1658 2453 Π.

928 2478 1070 2516 quaedam
1085 2477 1155 2506 ubi:
1181 2481 1221 2511 et,
1245 2475 1280 2504 in
1295 2484 1386 2504 versu
1401 2480 1561 2515 sequente,
1587 2484 1655 2504 sen·

929 2529 1022 2566 sibus,
1038 2538 1094 2567 pro
1109 2529 1236 2559 sedibus.

973 2579 1046 2610 Ver.
1065 2582 1135 2611 964.
1158 2580 1311 2619 trepident
1325 2580 1417 2609 intus.
1463 2578 1566 2614 Maro,
1579 2578 1654 2608 AEn.

929 2630 971 2661 ix.
987 2634 1060 2662 538.

1023 2706 1150 2737 Turbati,
1159 2705 1286 2738 trepidare
1295 2705 1405 2730 intus-.

975 2766 1051 2796 Ver.
1071 2768 1141 2796 965.
1164 2767 1352 2805 remigrant:
1380 2764 1419 2795 V.
1437 2764 1484 2795 ed.
1498 2765 1658 2804 remigrat.

974 2818 1050 2848 Ver.
1070 2822 1141 2849 968.
1163 2819 1253 2848 ullis:
1280 2817 1317 2848 P.
1335 2823 1375 2848 Π.
1392 2819 1465 2848 illis.
1511 2816 1578 2847 Hic
1600 2826 1655 2846 au-

931 2875 996 2899 tem
1010 2869 1097 2900 locus
1112 2880 1204 2909 prave
1219 2875 1380 2900 enarratur
1394 2869 1428 2900 in
1444 2866 1656 2906 Havercampi

930 2921 1198 2962 interpretatione3
1221 2932 1323 2964 neque
1337 2922 1395 2954 ulli
1409 2921 1554 2958 editores,
1575 2919 1655 2950 sicut
