1894 3253
192 270 288 313 226

700 259 760 305 T.
802 252 1182 303 LUCRETII

334 395 476 445 Quom
495 406 569 447 per
588 391 710 430 inane
729 394 869 429 meant
888 400 1078 436 vacuum,
1105 399 1182 426 nec
1202 398 1265 426 res
1285 398 1458 427 remorae
1477 387 1527 429 fit

336 469 433 511 Ulla
452 466 564 516 foris,
586 472 708 520 atque
728 463 830 518 ipsa,
853 461 934 502 suis
951 475 974 501 e
993 459 1178 515 partibus
1198 474 1342 510 unum,

335 543 496 591 Unum,
518 540 563 581 in
583 553 705 595 quem
725 551 900 592 coepere,
921 535 1058 576 locum
1083 534 1264 576 connixa
1283 534 1487 585 feruntur;

223 623 301 659 160
330 616 500 659 Debent
519 614 716 654 nimirum
735 609 966 666 praecellere
986 608 1226 659 mobilitate,

336 691 394 733 Et
412 690 542 730 multo
563 688 681 729 citius
699 686 811 736 ferri,
834 699 957 741 quam
977 684 1134 725 lumina
1154 683 1245 724 solis
1252 701 1265 733 3

338 763 641 818 Multiplexque
660 761 739 802 loci
759 759 935 815 spatium
955 765 1232 798 transcurrere
1253 757 1397 798 eodem

336 839 561 894 Tempore,
583 851 665 893 quo
685 834 777 876 solis
796 832 1037 889 pervolgant
1056 831 1217 888 fulgura
1238 831 1400 872 coelum:

194 999 246 1031 Sic
260 1005 367 1030 autem
381 1009 413 1029 se
427 999 544 1030 habent
558 996 711 1027 librorum
732 991 918 1024 testimonia.

192 1053 303 1095 Vulgo
317 1053 419 1084 editur
433 1061 506 1082 cum
528 1055 563 1082 Δ.
585 1061 640 1081 nec
661 1060 708 1080 res
730 1054 917 1082 remoratur;

195 1105 235 1135 G.
254 1116 309 1136 uec
324 1116 372 1136 res
392 1115 487 1135 semor
501 1109 618 1138 autem,-
643 1100 738 1130 Vind.
755 1099 796 1129 V.
812 1098 858 1129 ed.
877 1104 917 1128 Π.

192 1160 229 1187 Σ.
251 1167 289 1187 ne
314 1156 367 1197 (B.
384 1155 454 1195 nec)
477 1164 607 1185 crescere
622 1164 706 1184 mora
723 1157 783 1187 est;
806 1150 843 1181 L.
865 1160 918 1180 ne-

192 1217 322 1238 crescere
337 1209 480 1243 moravit,·
507 1205 554 1235 M.
575 1215 629 1235 nec
644 1214 691 1234 res
705 1214 735 1233 se
749 1202 919 1233 remoravz't.

194 1258 361 1293 Caeterum,
387 1267 446 1287 vox
467 1267 598 1293 remora,
630 1264 687 1293 pro
708 1255 852 1289 tarditas,
874 1257 918 1281 est

191 1313 275 1339 notae
304 1307 536 1348 probatissimae.
591 1303 786 1335 Glossarimn
815 1308 914 1333 vetus:

193 1363 217 1379 ‘⁶
234 1361 379 1396 Remora,
394 1358 546 1401 βραδυτκς,
571 1363 714 1398 παρολκὴ,
731 1368 824 1395 ενοχη,
852 1367 917 1385 επο-

193 1415 216 1431 “
232 1411 309 1453 χη.”
355 1410 498 1448 Plautus,
515 1409 660 1439 Trinum.
677 1408 696 1437 i.
713 1410 741 1437 l.
759 1410 807 1438 16.

223 1487 294 1517 Quae
305 1486 332 1510 ‘m
344 1486 420 1511 rebus
432 1484 524 1509 multis
535 1485 654 1511 obstant,
664 1481 819 1511 odiosaeque
829 1483 902 1510 sunt,

221 1527 407 1556 Remorumque
418 1524 521 1549 faciunt
532 1523 570 1548 rei
580 1522 693 1554 privatae
705 1524 732 1545 et
743 1520 870 1552 publicae.

193 1597 324 1633 Rursus,
344 1596 432 1627 Poen.
448 1595 487 1626 iv.
502 1599 532 1626 2.
550 1599 620 1626 106.

223 1673 329 1697 Remora
340 1671 361 1695 si
371 1671 414 1702 sit,
433 1671 480 1702 qui
490 1660 594 1696 1ῃαίαῇ
601 1677 659 1696 rem
669 1670 737 1695 mihi
747 1671 805 1700 det,
822 1668 921 1695 merito

287 1712 393 1737 fecerit.

196 1784 291 1815 Adde
316 1784 488 1823 Lucilium,
513 1784 598 1824 apud
621 1785 750 1815 Festum
776 1783 810 1813 in
837 1793 922 1821 voce,

196 1836 328 1876 graviter
365 1836 578 1875 depravatum,
615 1835 840 1876 mutilumque:
882 1834 923 1865 ad

197 1898 291 1928 quem
306 1893 337 1918 te
351 1888 460 1918 malim
476 1888 625 1918 conferas.

244 1939 318 1970 Ver.
337 1943 407 1971 158.
431 1938 619 1979 Legendum
635 1938 776 1968 fortasse:

291 2016 418 2047 —ipsa
428 2016 479 2041 suis
490 2024 504 2041 e
512 2016 612 2047 finibus
624 2023 719 2041 uuum.

676 2065 903 2094 BEN‘erus.

200 2138 290 2170 Nihil
304 2139 416 2174 ausim,
442 2137 491 2168 vel
516 2137 571 2168 tali
596 2137 765 2176 impulsore
785 2147 836 2166 me
851 2137 923 2166 hor-

198 2196 296 2228 tante,
325 2190 500 2220 immutare.
545 2189 612 2219 Hic
641 2194 687 2218 est
714 2187 774 2217 loci
805 2197 924 2224 sensus,

199 2248 293 2283 atque
309 2242 400 2272 series
421 2240 670 2271 constructionis:
699 2243 722 2257 “
741 2240 785 2269 At
799 2248 924 2277 corpus-

199 2297 224 2314 “
240 2294 311 2324 cula
325 2294 479 2333 primaria,
496 2303 594 2333 quum
606 2303 660 2332 per
675 2301 810 2321 vacuum
825 2290 926 2330 puris-

201 2350 224 2364 “
241 2345 356 2376 simum
372 2351 540 2380 transeant,
556 2354 655 2384 quum
672 2342 750 2373 nihil
765 2352 801 2372 ea
816 2340 927 2378 tardet,

203 2401 226 2416 “
241 2407 341 2438 quum
353 2397 490 2436 partibus
500 2395 692 2435 simplicibus
703 2399 852 2428 constent,
863 2393 929 2422 sine

201 2452 225 2468 “
241 2450 329 2479 omni
344 2447 521 2488 alienigene
533 2447 687 2484 mixturiq
709 2453 747 2481 et,
761 2456 853 2476 cursu
865 2455 929 2476 non

204 2503 226 2519 “
244 2500 395 2539 impedito
410 2509 467 2529 nec
482 2499 660 2536 deliberato,
676 2498 757 2527 viam
774 2498 930 2536 inceptam

204 2553 226 2569 “
244 2551 337 2581 celem⁴
364 2550 435 2580 nisu
464 2556 605 2587 teneant;
629 2549 742 2579 debent
766 2548 874 2588 utique
901 2554 932 2577 et

205 2605 227 2620 ‘⁶
243 2602 311 2632 aliis
340 2604 440 2638 rebus
464 2608 494 2632 et
520 2602 612 2632 radiis
642 2601 793 2631 solaribus
825 2600 929 2636 etiam,

205 2656 228 2671 “
244 2655 345 2684 multo
360 2655 451 2685 citius
465 2664 519 2694 per
535 2655 605 2684 a'e'ra
619 2652 823 2693 promoveri.’'

247 2705 323 2735 Ver.
343 2709 412 2737 159.
445 2708 478 2736 in
508 2717 613 2746 quem:
648 2706 695 2735 M.
725 2706 759 2734 ἰη
789 2714 933 2744 quam.—

205 2758 354 2788 comum:
382 2758 417 2787 P.
433 2756 530 2786 Vind.
556 2757 594 2787 G.
616 2757 652 2786 L.
670 2756 718 2786 M.
743 2762 783 2785 Π.
801 2761 834 2786 Σ.
861 2765 931 2785 συη-

205 2819 295 2845 nexu,
316 2807 405 2846 lapsu
420 2809 519 2845 facili;
545 2809 584 2839 Ο.
603 2815 638 2839 Δ.
661 2819 797 2838 convexa.
843 2806 934 2836 Nihil

208 2858 389 2890 novandum
404 2868 468 2888 esse
484 2870 531 2889 res
546 2860 614 2898 ipsa
629 2859 710 2889 clare
725 2858 917 2889 vociferatur.

250 2912 325 2942 Ver.
344 2913 412 2941 162.
443 2916 652 2941 transcurrere
688 2913 759 2942 solis
785 2912 934 2952 scdgura.

208 2963 229 2995 J
233 2972 379 3001 uvencuS,
394 2961 468 2992 hist.
486 2971 595 3002 evang.
610 2961 653 2992 iii.
669 2964 743 2992 518.

1191 993 1280 1019 passus
1291 987 1329 1011 bis
1340 990 1417 1012 terna
1428 986 1531 1012 dierum

992 1028 1102 1054 Lumina
1114 1034 1242 1053 converso
1255 1031 1338 1052 terras
1349 1030 1521 1051 transcurrere
1531 1026 1613 1052 coelo.

963 1100 1080 1131 Nullus
1101 1099 1217 1135 dubito,
1243 1109 1307 1136 me,
1330 1097 1550 1137 plaudentibus
1573 1096 1687 1132 Musis,

963 1151 1091 1182 Maroni
1120 1160 1210 1181 suam
1246 1149 1433 1189 scripturam
1463 1148 1688 1180 redonaturum

962 1214 1035 1239 esse,
1051 1203 1091 1234 ad
1108 1204 1181 1233 AEn.
1198 1212 1225 1233 v.
1242 1204 1314 1233 527.

1186 1275 1274 1299 caelum
1289 1282 1338 1300 ceu
1348 1281 1422 1307 saepe
1433 1274 1519 1300 refixa

963 1319 1162 1347 Tramcurrunt,
1173 1317 1330 1348 crinemque
1343 1316 1459 1341 volantia
1469 1315 1552 1340 sidera
1562 1316 1677 1340 ducunt.

963 1389 1083 1431 Vulgo,
1106 1392 1197 1420 caelo:
1222 1389 1241 1419 i.
1258 1399 1283 1419 e.
1306 1390 1540 1424 caelfi—coelom;
1565 1386 1634 1417 vide
1648 1385 1689 1416 ad

962 1441 983 1471 i.
1013 1444 1084 1472 289.
1129 1440 1256 1470 Minore
1281 1439 1397 1469 scilicet
1427 1449 1501 1469 cum
1528 1436 1691 1478 dispendio

962 1490 1141 1526 venustam,
1165 1490 1356 1520 substantivo
1371 1500 1427 1520 suo
1446 1489 1563 1520 carebit
1586 1502 1619 1520 tro
1641 1499 1691 1519 re-

951 1543 1031 1583 fixa,
1048 1551 1144 1581 quam
1155 1547 1371 1571 transcurrunt
1381 1554 1390 1570 :
1416 1540 1468 1570 adi
1482 1540 1556 1570 AEn.
1568 1539 1609 1569 ix.
1620 1542 1632 1569 1
1643 1542 1691 1569 11.

962 1593 1044 1623 Hor.
1060 1592 1110 1622 od.
1132 1592 1153 1621 i.
1177 1595 1228 1622 ¹28.
1247 1595 1295 1621 11.
1322 1591 1501 1628 Suetonius,
1528 1590 1558 1620 ἦ.
1579 1594 1627 1621 90.
1653 1589 1692 1619 de

965 1645 1201 1684 Augusto:—“
1216 1648 1431 1673 consternatus
1452 1642 1528 1672 olim
1543 1651 1597 1681 per
1616 1650 1692 1671 noc-

966 1699 989 1714 “
1005 1701 1135 1725 turnum
1151 1694 1209 1724 iter
1223 1700 1402 1725 transcursu
1412 1694 1583 1734 fulguris-3⁵
1624 1691 1694 1721 Cae.

966 1753 1078 1783 terum,
1101 1746 1281 1776 varietatem
1303 1745 1417 1776 codicis
1437 1746 1477 1775 G.
1493 1745 1694 1783 Multiplices,

966 1800 1032 1830 vice
1049 1800 1232 1838 Multipleae,
1251 1798 1470 1837 imputaverim
1486 1795 1629 1837 equidem
1645 1795 1694 1835 ig-

967 1852 1118 1882 norantiae
1129 1851 1308 1886 scribarum,
1326 1850 1365 1880 ad
1381 1849 1617 1889 productionem
1632 1847 1694 1887 syl-

967 1903 1044 1934 labae
1059 1902 1203 1933 secundae
1219 1901 1252 1932 in
1267 1911 1340 1932 voce
1353 1902 1516 1940 Illultiplea:
1532 1897 1695 1929 offenden-

968 1957 1058 1986 tium.

1010 2007 1086 2037 Ver.
1107 2010 1176 2037 163.
1199 2008 1269 2037 solis
1281 2008 1428 2047 szdguru.

968 2068 1056 2095 neca,
1074 2057 1160 2087 Med.
1177 2061 1249 2088 826.

1475 2004 1623 2034 Similiter
1640 2002 1696 2033 Sc-

1257 2133 1283 2154 et
1296 2128 1395 2153 vivacis

1062 2170 1171 2200 Fulgura
1181 2169 1297 2199 flammae
1307 2168 1341 2193 de
1356 2170 1473 2198 cognato

1063 2208 1216 2233 Phaethonte
1228 2208 1292 2231 tuli:

971 2280 1025 2311 ubi
1042 2279 1215 2310 Farnabius
1238 2278 1402 2319 insigniter
1423 2277 1519 2307 falsus
1541 2281 1587 2307 est
1600 2276 1696 2306 inter-

971 2333 1162 2373 precationis,
1193 2332 1309 2362 oblitus
1332 2333 1519 2362 Plza'e'clconte
1545 2330 1619 2369 poni
1640 2339 1698 2369 pro

973 2393 1057 2425 ’Λελιῳ
1083 2387 1210 2425 Quadam
1242 2384 1413 2413 Homereo.
1468 2381 1580 2421 Neque
1610 2380 1698 2410 aliter

977 2436 1146 2471 Ausonius,
1170 2435 1291 2473 ephem.
1318 2434 1337 2464 i.
1371 2437 1417 2463 12.
1445 2432 1582 2463 versibus
1607 2430 1700 2462 melle

975 2489 1013 2519 M
1015 2498 1100 2518 usaeo
1114 2487 1234 2517 tinctis:

1037 2562 1102 2586 Inde
1113 2568 1162 2586 nec
1175 2560 1259 2585 flexas
1269 2565 1347 2583 sonus
1359 2558 1441 2583 intrat
1452 2564 1538 2587 aures,

1036 2603 1069 2625 Et
1080 2601 1171 2625 locum
1184 2600 1281 2625 mentis
1293 2605 1371 2630 sopor
1382 2597 1451 2622 altus
1463 2600 1556 2628 urget3

1037 2643 1091 2666 Nec
1102 2640 1254 2665 coruscantis
1266 2638 1356 2663 oculos
1367 2638 1499 2663 lacessunt

1168 2679 1277 2711 Fulgura
1289 2678 1361 2702 lucis.

976 2755 1060 2786 Vide
1075 2760 1228 2790 nostrum,
1245 2754 1284 2783 iv.
1301 2755 1374 2784 757.
1409 2750 1498 2780 Hinc
1512 2746 1702 2778 restituenda

977 2815 1022 2838 est
1040 2807 1085 2837 illi
1101 2806 1240 2848 genuina
1254 2805 1345 2835 lectio
1360 2802 1399 2833 ad
1414 2801 1509 2841 eclog.
1524 2799 1556 2829 ii.
1572 2802 1620 2829 21.

1026 2882 1120 2914 Fulgur
1129 2884 1270 2912 tetragono
1285 2880 1411 2910 adspectu
1423 2875 1503 2902 vitale
1512 2877 1636 2900 coruscat:

980 2964 1016 2989 ut
1032 2958 1158 2998 ibidem,
1173 2966 1233 2987 ver.
1251 2960 1299 2986 29.
