<?xml version="1.0" encoding="UTF-8"?>
<!DOCTYPE html PUBLIC "-//W3C//DTD XHTML 1.0 Transitional//EN"
    "http://www.w3.org/TR/xhtml1/DTD/xhtml1-transitional.dtd">
<html xmlns="http://www.w3.org/1999/xhtml" xml:lang="en" lang="en">
 <head>
  <title>
</title>
<meta http-equiv="Content-Type" content="text/html;charset=utf-8" />
  <meta name='ocr-system' content='tesseract 3.04.00' />
  <meta name='ocr-capabilities' content='ocr_page ocr_carea ocr_par ocr_line ocrx_word'/>
</head>
<body>
  <div class='ocr_page' id='page_1' title='image "./tlucretiicarider01lucruoft_0347.png"; bbox 0 0 1894 3253; ppageno 0'>
   <div class='ocr_carea' id='block_1_1' title="bbox 512 239 1211 296">
    <p class='ocr_par' dir='ltr' id='par_1_1' title="bbox 512 239 1211 296">
     <span class='ocr_line' id='line_1_1' title="bbox 512 239 1211 296; baseline -0.013 1"><span class='ocrx_word' id='word_1_1' title='bbox 512 245 740 296; x_wconf 85' lang='lat' dir='ltr'>LIBER</span> <span class='ocrx_word' id='word_1_2' title='bbox 795 239 1211 292; x_wconf 88' lang='lat' dir='ltr'><strong>SECUNDUS.</strong></span> 
     </span>
    </p>
   </div>
   <div class='ocr_carea' id='block_1_2' title="bbox 1509 245 1602 292">
    <p class='ocr_par' dir='ltr' id='par_1_2' title="bbox 1509 245 1602 292">
     <span class='ocr_line' id='line_1_2' title="bbox 1509 245 1602 292; baseline -0.065 0"><span class='ocrx_word' id='word_1_3' title='bbox 1509 245 1602 292; x_wconf 82' lang='lat'>279</span> 
     </span>
    </p>
   </div>
   <div class='ocr_carea' id='block_1_3' title="bbox 265 371 1516 658">
    <p class='ocr_par' dir='ltr' id='par_1_3' title="bbox 265 371 1516 658">
     <span class='ocr_line' id='line_1_3' title="bbox 265 371 1295 436; baseline -0.012 -11"><span class='ocrx_word' id='word_1_4' title='bbox 265 383 358 434; x_wconf 85' lang='lat' dir='ltr'>Est;</span> <span class='ocrx_word' id='word_1_5' title='bbox 391 389 432 424; x_wconf 84' lang='lat' dir='ltr'>ct</span> <span class='ocrx_word' id='word_1_6' title='bbox 450 382 618 423; x_wconf 82' lang='lat' dir='ltr'>laevibus</span> <span class='ocrx_word' id='word_1_7' title='bbox 638 388 760 436; x_wconf 86' lang='lat' dir='ltr'>atque</span> <span class='ocrx_word' id='word_1_8' title='bbox 781 375 968 418; x_wconf 88' lang='lat' dir='ltr'>rotundis</span> <span class='ocrx_word' id='word_1_9' title='bbox 984 375 1118 416; x_wconf 87' lang='lat' dir='ltr'>mixta</span> <span class='ocrx_word' id='word_1_10' title='bbox 1139 371 1295 414; x_wconf 87' lang='lat' dir='ltr'>doloris</span> 
     </span>
     <span class='ocr_line' id='line_1_4' title="bbox 267 449 1469 513; baseline -0.011 -13"><span class='ocrx_word' id='word_1_11' title='bbox 267 459 469 513; x_wconf 80' lang='lat' dir='ltr'>Corpora:</span> <span class='ocrx_word' id='word_1_12' title='bbox 502 471 578 498; x_wconf 89' lang='lat' dir='ltr'>nec</span> <span class='ocrx_word' id='word_1_13' title='bbox 598 465 735 498; x_wconf 88' lang='lat' dir='ltr'>tamen</span> <span class='ocrx_word' id='word_1_14' title='bbox 757 453 847 494; x_wconf 88' lang='lat' dir='ltr'>haec</span> <span class='ocrx_word' id='word_1_15' title='bbox 867 450 1034 491; x_wconf 89' lang='lat' dir='ltr'>retineri</span> <span class='ocrx_word' id='word_1_16' title='bbox 1054 449 1222 490; x_wconf 85' lang='lat' dir='ltr'>hamata</span> <span class='ocrx_word' id='word_1_17' title='bbox 1241 461 1469 488; x_wconf 84' lang='lat' dir='ltr'>necessum:</span> 
     </span>
     <span class='ocr_line' id='line_1_5' title="bbox 268 522 1516 587; baseline -0.009 -13"><span class='ocrx_word' id='word_1_18' title='bbox 268 532 447 581; x_wconf 87' lang='lat' dir='ltr'>Scilicet3</span> <span class='ocrx_word' id='word_1_19' title='bbox 480 546 564 572; x_wconf 86' lang='lat' dir='ltr'>esse</span> <span class='ocrx_word' id='word_1_20' title='bbox 583 529 753 587; x_wconf 84' lang='lat' dir='ltr'>globosa</span> <span class='ocrx_word' id='word_1_21' title='bbox 774 535 929 574; x_wconf 87' lang='lat' dir='ltr'>tamen,</span> <span class='ocrx_word' id='word_1_22' title='bbox 958 538 1085 580; x_wconf 91' lang='lat' dir='ltr'>quom</span> <span class='ocrx_word' id='word_1_23' title='bbox 1107 522 1291 578; x_wconf 85' lang='lat' dir='ltr'>squalida</span> <span class='ocrx_word' id='word_1_24' title='bbox 1311 529 1516 572; x_wconf 88' lang='lat' dir='ltr'>constent,</span> 
     </span>
     <span class='ocr_line' id='line_1_6' title="bbox 266 598 1289 658; baseline -0.011 -10"><span class='ocrx_word' id='word_1_25' title='bbox 266 606 458 648; x_wconf 86' lang='lat' dir='ltr'>Provolvi</span> <span class='ocrx_word' id='word_1_26' title='bbox 478 605 612 654; x_wconf 86' lang='lat' dir='ltr'>simul,</span> <span class='ocrx_word' id='word_1_27' title='bbox 636 612 682 646; x_wconf 90' lang='lat' dir='ltr'>ut</span> <span class='ocrx_word' id='word_1_28' title='bbox 702 602 861 658; x_wconf 88' lang='lat' dir='ltr'>possint</span> <span class='ocrx_word' id='word_1_29' title='bbox 884 598 1116 641; x_wconf 89' lang='lat' dir='ltr'>conlaedere</span> <span class='ocrx_word' id='word_1_30' title='bbox 1136 612 1289 638; x_wconf 86' lang='lat' dir='ltr'>sensus.</span> 
     </span>
    </p>
   </div>
   <div class='ocr_carea' id='block_1_4' title="bbox 347 775 783 803">
    <p class='ocr_par' dir='ltr' id='par_1_4' title="bbox 347 775 783 803">
     <span class='ocr_line' id='line_1_7' title="bbox 347 775 783 803; baseline -0.009 0"><span class='ocrx_word' id='word_1_31' title='bbox 347 780 426 803; x_wconf 88' lang='lat' dir='ltr'>cocto</span> <span class='ocrx_word' id='word_1_32' title='bbox 438 783 499 802; x_wconf 84' lang='lat' dir='ltr'>num</span> <span class='ocrx_word' id='word_1_33' title='bbox 509 777 583 802; x_wconf 81' lang='lat' dir='ltr'>adest</span> <span class='ocrx_word' id='word_1_34' title='bbox 595 776 682 800; x_wconf 87' lang='lat' dir='ltr'>honor</span> <span class='ocrx_word' id='word_1_35' title='bbox 694 775 783 800; x_wconf 82' lang='lat' dir='ltr'>idem?</span> 
     </span>
    </p>
   </div>
   <div class='ocr_carea' id='block_1_5' title="bbox 184 792 338 800">
    <p class='ocr_par' dir='ltr' id='par_1_5' title="bbox 184 792 338 800">
     <span class='ocr_line' id='line_1_8' title="bbox 184 792 338 800; baseline 0 0"><span class='ocrx_word' id='word_1_36' title='bbox 184 792 338 800; x_wconf 95' lang='lat' dir='ltr'> </span> 
     </span>
    </p>
   </div>
   <div class='ocr_carea' id='block_1_6' title="bbox 120 834 869 2835">
    <p class='ocr_par' dir='ltr' id='par_1_6' title="bbox 123 834 853 921">
     <span class='ocr_line' id='line_1_9' title="bbox 123 834 853 879; baseline -0.008 -10"><span class='ocrx_word' id='word_1_37' title='bbox 123 838 177 869; x_wconf 84' lang='lat' dir='ltr'>ubi</span> <span class='ocrx_word' id='word_1_38' title='bbox 192 837 378 879; x_wconf 86' lang='lat' dir='ltr'>perlegenda</span> <span class='ocrx_word' id='word_1_39' title='bbox 393 843 439 868; x_wconf 88' lang='lat' dir='ltr'>est</span> <span class='ocrx_word' id='word_1_40' title='bbox 460 835 613 878; x_wconf 82' lang='lat' dir='ltr'>exquisita</span> <span class='ocrx_word' id='word_1_41' title='bbox 628 834 765 866; x_wconf 87' lang='lat' dir='ltr'>Bentleii</span> <span class='ocrx_word' id='word_1_42' title='bbox 781 844 853 864; x_wconf 85' lang='lat' dir='ltr'>eru-</span> 
     </span>
     <span class='ocr_line' id='line_1_10' title="bbox 126 890 212 921; baseline -0.012 0"><span class='ocrx_word' id='word_1_43' title='bbox 126 890 212 921; x_wconf 85' lang='lat' dir='ltr'>ditio.</span> 
     </span>
    </p>

    <p class='ocr_par' dir='ltr' id='par_1_7' title="bbox 120 939 856 1546">
     <span class='ocr_line' id='line_1_11' title="bbox 165 939 850 980; baseline -0.006 -7"><span class='ocrx_word' id='word_1_44' title='bbox 165 943 239 972; x_wconf 89' lang='lat' dir='ltr'>Ver.</span> <span class='ocrx_word' id='word_1_45' title='bbox 256 946 329 973; x_wconf 83' lang='lat'>466.</span> <span class='ocrx_word' id='word_1_46' title='bbox 352 948 398 972; x_wconf 76' lang='lat' dir='ltr'>et.-</span> <span class='ocrx_word' id='word_1_47' title='bbox 424 941 467 971; x_wconf 83' lang='lat' dir='ltr'>sie</span> <span class='ocrx_word' id='word_1_48' title='bbox 493 941 565 971; x_wconf 90' lang='lat' dir='ltr'>dedi</span> <span class='ocrx_word' id='word_1_49' title='bbox 591 951 629 971; x_wconf 85' lang='lat' dir='ltr'>ex</span> <span class='ocrx_word' id='word_1_50' title='bbox 655 939 850 980; x_wconf 70' lang='lat' dir='ltr'>conjectura,</span> 
     </span>
     <span class='ocr_line' id='line_1_12' title="bbox 121 993 853 1032; baseline -0.005 -8"><span class='ocrx_word' id='word_1_51' title='bbox 121 994 269 1024; x_wconf 83' lang='lat' dir='ltr'>leviorem</span> <span class='ocrx_word' id='word_1_52' title='bbox 285 993 492 1023; x_wconf 87' lang='lat' dir='ltr'>mutationem</span> <span class='ocrx_word' id='word_1_53' title='bbox 507 998 632 1032; x_wconf 85' lang='lat' dir='ltr'>putans,</span> <span class='ocrx_word' id='word_1_54' title='bbox 649 998 679 1022; x_wconf 90' lang='lat' dir='ltr'>et</span> <span class='ocrx_word' id='word_1_55' title='bbox 695 1002 783 1031; x_wconf 83' lang='lat' dir='ltr'>aeque</span> <span class='ocrx_word' id='word_1_56' title='bbox 798 993 853 1021; x_wconf 90' lang='lat' dir='ltr'>bo·</span> 
     </span>
     <span class='ocr_line' id='line_1_13' title="bbox 121 1043 849 1084; baseline -0.004 -9"><span class='ocrx_word' id='word_1_57' title='bbox 121 1056 195 1075; x_wconf 87' lang='lat' dir='ltr'>nam</span> <span class='ocrx_word' id='word_1_58' title='bbox 225 1045 403 1082; x_wconf 81' lang='lat' dir='ltr'>lectionem,</span> <span class='ocrx_word' id='word_1_59' title='bbox 434 1055 469 1075; x_wconf 88' lang='lat' dir='ltr'>ac</span> <span class='ocrx_word' id='word_1_60' title='bbox 497 1055 579 1082; x_wconf 86' lang='lat' dir='ltr'>eam,</span> <span class='ocrx_word' id='word_1_61' title='bbox 602 1055 698 1084; x_wconf 88' lang='lat' dir='ltr'>quam</span> <span class='ocrx_word' id='word_1_62' title='bbox 720 1043 849 1084; x_wconf 83' lang='lat' dir='ltr'>ingenia</span> 
     </span>
     <span class='ocr_line' id='line_1_14' title="bbox 120 1096 852 1135; baseline -0.003 -8"><span class='ocrx_word' id='word_1_63' title='bbox 120 1097 256 1128; x_wconf 83' lang='lat' dir='ltr'>aliorum</span> <span class='ocrx_word' id='word_1_64' title='bbox 271 1097 427 1127; x_wconf 85' lang='lat' dir='ltr'>editorum</span> <span class='ocrx_word' id='word_1_65' title='bbox 443 1096 709 1135; x_wconf 81' lang='lat' dir='ltr'>interpolaverint‚</span> <span class='ocrx_word' id='word_1_66' title='bbox 740 1102 773 1127; x_wconf 78' lang='lat' dir='ltr'>at</span> <span class='ocrx_word' id='word_1_67' title='bbox 789 1096 852 1125; x_wconf 92' lang='lat' dir='ltr'>uti-</span> 
     </span>
     <span class='ocr_line' id='line_1_15' title="bbox 121 1148 853 1189; baseline -0.001 -11"><span class='ocrx_word' id='word_1_68' title='bbox 121 1159 196 1189; x_wconf 89' lang='lat' dir='ltr'>que:</span> <span class='ocrx_word' id='word_1_69' title='bbox 213 1159 287 1178; x_wconf 86' lang='lat' dir='ltr'>nam</span> <span class='ocrx_word' id='word_1_70' title='bbox 301 1160 317 1180; x_wconf 84' lang='lat' dir='ltr'>e</span> <span class='ocrx_word' id='word_1_71' title='bbox 330 1148 461 1187; x_wconf 82' lang='lat' dir='ltr'>simplex</span> <span class='ocrx_word' id='word_1_72' title='bbox 473 1155 519 1178; x_wconf 78' lang='lat' dir='ltr'>est</span> <span class='ocrx_word' id='word_1_73' title='bbox 530 1148 680 1178; x_wconf 88' lang='lat' dir='ltr'>librorum</span> <span class='ocrx_word' id='word_1_74' title='bbox 693 1148 853 1185; x_wconf 82' lang='lat' dir='ltr'>omniurn,</span> 
     </span>
     <span class='ocr_line' id='line_1_16' title="bbox 122 1199 854 1241; baseline -0.001 -11"><span class='ocrx_word' id='word_1_75' title='bbox 122 1207 188 1230; x_wconf 80' lang='lat' dir='ltr'>tam</span> <span class='ocrx_word' id='word_1_76' title='bbox 205 1200 300 1230; x_wconf 83' lang='lat' dir='ltr'>MSS.</span> <span class='ocrx_word' id='word_1_77' title='bbox 316 1210 412 1241; x_wconf 88' lang='lat' dir='ltr'>quam</span> <span class='ocrx_word' id='word_1_78' title='bbox 427 1199 598 1240; x_wconf 88' lang='lat' dir='ltr'>antiquitus</span> <span class='ocrx_word' id='word_1_79' title='bbox 614 1200 854 1238; x_wconf 85' lang='lat' dir='ltr'>impressorum,</span> 
     </span>
     <span class='ocr_line' id='line_1_17' title="bbox 122 1250 852 1292; baseline -0.003 -9"><span class='ocrx_word' id='word_1_80' title='bbox 122 1252 481 1292; x_wconf 67' lang='lat' dir='ltr'>scriptura—rotundis:</span> <span class='ocrx_word' id='word_1_81' title='bbox 525 1250 623 1282; x_wconf 87' lang='lat' dir='ltr'>Vind.</span> <span class='ocrx_word' id='word_1_82' title='bbox 672 1254 852 1282; x_wconf 74' lang='lat' dir='ltr'>rotundi.—</span> 
     </span>
     <span class='ocr_line' id='line_1_18' title="bbox 121 1303 853 1335; baseline -0.003 -1"><span class='ocrx_word' id='word_1_83' title='bbox 121 1307 235 1335; x_wconf 58' lang='grc' dir='ltr'>νηὶ-ιω·</span> <span class='ocrx_word' id='word_1_84' title='bbox 261 1304 298 1334; x_wconf 88' lang='grc' dir='ltr'>Ρ.</span> <span class='ocrx_word' id='word_1_85' title='bbox 317 1303 413 1334; x_wconf 82' lang='lat' dir='ltr'>Vind.</span> <span class='ocrx_word' id='word_1_86' title='bbox 429 1304 469 1333; x_wconf 82' lang='lat' dir='ltr'>V.</span> <span class='ocrx_word' id='word_1_87' title='bbox 489 1303 534 1333; x_wconf 87' lang='lat' dir='ltr'>ed.</span> <span class='ocrx_word' id='word_1_88' title='bbox 559 1308 593 1333; x_wconf 93' lang='grc' dir='ltr'>Δ.</span> <span class='ocrx_word' id='word_1_89' title='bbox 613 1310 653 1333; x_wconf 91' lang='grc' dir='ltr'>Π.</span> <span class='ocrx_word' id='word_1_90' title='bbox 671 1308 705 1334; x_wconf 85' lang='grc' dir='ltr'>Σ.</span> <span class='ocrx_word' id='word_1_91' title='bbox 723 1309 768 1333; x_wconf 79' lang='grc' dir='ltr'>Ω.</span> <span class='ocrx_word' id='word_1_92' title='bbox 795 1305 853 1332; x_wconf 77' lang='lat' dir='ltr'>ad-</span> 
     </span>
     <span class='ocr_line' id='line_1_19' title="bbox 121 1353 852 1395; baseline 0 -10"><span class='ocrx_word' id='word_1_93' title='bbox 121 1357 232 1391; x_wconf 54' lang='lat' dir='ltr'>mimam</span> <span class='ocrx_word' id='word_1_94' title='bbox 257 1354 341 1395; x_wconf 90' lang='lat' dir='ltr'>quod</span> <span class='ocrx_word' id='word_1_95' title='bbox 367 1354 444 1384; x_wconf 88' lang='lat' dir='ltr'>mihi</span> <span class='ocrx_word' id='word_1_96' title='bbox 471 1353 654 1393; x_wconf 83' lang='lat' dir='ltr'>scrupulum</span> <span class='ocrx_word' id='word_1_97' title='bbox 677 1355 792 1394; x_wconf 83' lang='lat' dir='ltr'><strong>injicit:</strong></span> <span class='ocrx_word' id='word_1_98' title='bbox 821 1361 852 1385; x_wconf 89' lang='lat' dir='ltr'>et</span> 
     </span>
     <span class='ocr_line' id='line_1_20' title="bbox 122 1405 852 1446; baseline 0.001 -11"><span class='ocrx_word' id='word_1_99' title='bbox 122 1406 218 1436; x_wconf 90' lang='lat' dir='ltr'>miror</span> <span class='ocrx_word' id='word_1_100' title='bbox 235 1406 343 1443; x_wconf 88' lang='lat' dir='ltr'>Pium,</span> <span class='ocrx_word' id='word_1_101' title='bbox 367 1405 421 1446; x_wconf 87' lang='lat' dir='ltr'>qui</span> <span class='ocrx_word' id='word_1_102' title='bbox 448 1405 598 1446; x_wconf 83' lang='lat' dir='ltr'>syllabam</span> <span class='ocrx_word' id='word_1_103' title='bbox 621 1407 852 1444; x_wconf 81' lang='lat' dir='ltr'>abundantem,</span> 
     </span>
     <span class='ocr_line' id='line_1_21' title="bbox 122 1456 856 1497; baseline 0.004 -11"><span class='ocrx_word' id='word_1_104' title='bbox 122 1457 201 1487; x_wconf 85' lang='lat' dir='ltr'>nihil</span> <span class='ocrx_word' id='word_1_105' title='bbox 227 1467 319 1496; x_wconf 87' lang='lat' dir='ltr'>super</span> <span class='ocrx_word' id='word_1_106' title='bbox 349 1456 385 1486; x_wconf 67' lang='lat' dir='ltr'>ea</span> <span class='ocrx_word' id='word_1_107' title='bbox 407 1456 521 1487; x_wconf 87' lang='lat' dir='ltr'>lectore</span> <span class='ocrx_word' id='word_1_108' title='bbox 547 1458 678 1494; x_wconf 91' lang='lat' dir='ltr'>monito,</span> <span class='ocrx_word' id='word_1_109' title='bbox 703 1458 856 1497; x_wconf 82' lang='lat' dir='ltr'>patienter</span> 
     </span>
     <span class='ocr_line' id='line_1_22' title="bbox 123 1508 833 1546; baseline 0.003 -8"><span class='ocrx_word' id='word_1_110' title='bbox 123 1509 242 1546; x_wconf 87' lang='lat' dir='ltr'>tulerit,</span> <span class='ocrx_word' id='word_1_111' title='bbox 255 1519 289 1539; x_wconf 86' lang='lat' dir='ltr'>ac</span> <span class='ocrx_word' id='word_1_112' title='bbox 305 1508 647 1539; x_wconf 58' lang='lat' dir='ltr'>admiserit—doloris:</span> <span class='ocrx_word' id='word_1_113' title='bbox 674 1509 710 1539; x_wconf 93' lang='lat' dir='ltr'>P.</span> <span class='ocrx_word' id='word_1_114' title='bbox 726 1512 833 1540; x_wconf 77' lang='lat' dir='ltr'>volare.</span> 
     </span>
    </p>

    <p class='ocr_par' dir='ltr' id='par_1_8' title="bbox 125 1560 859 1952">
     <span class='ocr_line' id='line_1_23' title="bbox 169 1560 853 1591; baseline 0 0"><span class='ocrx_word' id='word_1_115' title='bbox 169 1561 246 1591; x_wconf 86' lang='lat' dir='ltr'>Ver.</span> <span class='ocrx_word' id='word_1_116' title='bbox 259 1563 332 1591; x_wconf 83' lang='lat'>467.</span> <span class='ocrx_word' id='word_1_117' title='bbox 349 1566 467 1590; x_wconf 77' lang='lat' dir='ltr'>tamen:</span> <span class='ocrx_word' id='word_1_118' title='bbox 488 1560 524 1589; x_wconf 91' lang='lat' dir='ltr'>P.</span> <span class='ocrx_word' id='word_1_119' title='bbox 536 1563 853 1591; x_wconf 50' lang='lat' dir='ltr'>tantuna—retineri.-</span> 
     </span>
     <span class='ocr_line' id='line_1_24' title="bbox 125 1612 856 1646; baseline 0.001 -4"><span class='ocrx_word' id='word_1_120' title='bbox 125 1613 164 1644; x_wconf 85' lang='lat' dir='ltr'>P.</span> <span class='ocrx_word' id='word_1_121' title='bbox 181 1613 222 1642; x_wconf 92' lang='lat' dir='ltr'>V.</span> <span class='ocrx_word' id='word_1_122' title='bbox 237 1612 284 1642; x_wconf 92' lang='lat' dir='ltr'>ed.</span> <span class='ocrx_word' id='word_1_123' title='bbox 303 1618 336 1643; x_wconf 91' lang='grc' dir='ltr'>Δ.</span> <span class='ocrx_word' id='word_1_124' title='bbox 355 1618 395 1642; x_wconf 88' lang='grc' dir='ltr'>Π.</span> <span class='ocrx_word' id='word_1_125' title='bbox 414 1617 447 1642; x_wconf 81' lang='grc' dir='ltr'>Σ.</span> <span class='ocrx_word' id='word_1_126' title='bbox 465 1618 511 1642; x_wconf 84' lang='grc' dir='ltr'>Ω.</span> <span class='ocrx_word' id='word_1_127' title='bbox 535 1615 684 1646; x_wconf 59' lang='lat' dir='ltr'>ramere,-</span> <span class='ocrx_word' id='word_1_128' title='bbox 710 1623 775 1642; x_wconf 93' lang='lat' dir='ltr'>non</span> <span class='ocrx_word' id='word_1_129' title='bbox 804 1613 856 1643; x_wconf 88' lang='lat' dir='ltr'>de-</span> 
     </span>
     <span class='ocr_line' id='line_1_25' title="bbox 126 1662 857 1701; baseline 0 -7"><span class='ocrx_word' id='word_1_130' title='bbox 126 1664 240 1701; x_wconf 90' lang='lat' dir='ltr'>terius;</span> <span class='ocrx_word' id='word_1_131' title='bbox 263 1669 299 1693; x_wconf 92' lang='lat' dir='ltr'>ut</span> <span class='ocrx_word' id='word_1_132' title='bbox 322 1663 511 1694; x_wconf 84' lang='lat' dir='ltr'>constructio</span> <span class='ocrx_word' id='word_1_133' title='bbox 526 1662 580 1693; x_wconf 81' lang='lat' dir='ltr'>sit:</span> <span class='ocrx_word' id='word_1_134' title='bbox 607 1667 629 1681; x_wconf 89' lang='lat'>“</span> <span class='ocrx_word' id='word_1_135' title='bbox 648 1664 714 1693; x_wconf 91' lang='lat' dir='ltr'>Nec</span> <span class='ocrx_word' id='word_1_136' title='bbox 732 1674 857 1694; x_wconf 83' lang='lat' dir='ltr'>necesse</span> 
     </span>
     <span class='ocr_line' id='line_1_26' title="bbox 129 1715 858 1756; baseline -0.001 -9"><span class='ocrx_word' id='word_1_137' title='bbox 129 1720 152 1735; x_wconf 92' lang='lat'><strong>“</strong></span> <span class='ocrx_word' id='word_1_138' title='bbox 169 1723 224 1754; x_wconf 87' lang='lat' dir='ltr'>est,</span> <span class='ocrx_word' id='word_1_139' title='bbox 247 1717 374 1746; x_wconf 88' lang='lat' dir='ltr'>hamata</span> <span class='ocrx_word' id='word_1_140' title='bbox 397 1715 568 1755; x_wconf 85' lang='lat' dir='ltr'>primordia</span> <span class='ocrx_word' id='word_1_141' title='bbox 590 1726 711 1746; x_wconf 90' lang='lat' dir='ltr'>moram</span> <span class='ocrx_word' id='word_1_142' title='bbox 728 1716 858 1756; x_wconf 88' lang='lat' dir='ltr'>injicere</span> 
     </span>
     <span class='ocr_line' id='line_1_27' title="bbox 129 1767 858 1806; baseline 0.003 -9"><span class='ocrx_word' id='word_1_143' title='bbox 129 1771 152 1786; x_wconf 85' lang='lat'><strong>“</strong></span> <span class='ocrx_word' id='word_1_144' title='bbox 165 1768 213 1798; x_wconf 93' lang='lat' dir='ltr'>his</span> <span class='ocrx_word' id='word_1_145' title='bbox 223 1767 630 1806; x_wconf 54' lang='lat' dir='ltr'>corporibus)’—necessu⁷n</span> <span class='ocrx_word' id='word_1_146' title='bbox 639 1782 649 1797; x_wconf 84' lang='lat'>.·</span> <span class='ocrx_word' id='word_1_147' title='bbox 665 1768 707 1797; x_wconf 88' lang='lat' dir='ltr'>sic</span> <span class='ocrx_word' id='word_1_148' title='bbox 719 1768 754 1798; x_wconf 89' lang='lat' dir='ltr'>P.</span> <span class='ocrx_word' id='word_1_149' title='bbox 764 1767 858 1799; x_wconf 90' lang='lat' dir='ltr'>Vind.</span> 
     </span>
     <span class='ocr_line' id='line_1_28' title="bbox 131 1817 858 1860; baseline 0.001 -11"><span class='ocrx_word' id='word_1_150' title='bbox 131 1820 172 1850; x_wconf 89' lang='lat' dir='ltr'>V.</span> <span class='ocrx_word' id='word_1_151' title='bbox 199 1819 246 1849; x_wconf 90' lang='lat' dir='ltr'>ed.</span> <span class='ocrx_word' id='word_1_152' title='bbox 271 1825 311 1849; x_wconf 85' lang='grc' dir='ltr'>Π.</span> <span class='ocrx_word' id='word_1_153' title='bbox 338 1817 432 1858; x_wconf 85' lang='lat' dir='ltr'>quod,</span> <span class='ocrx_word' id='word_1_154' title='bbox 459 1824 496 1847; x_wconf 92' lang='lat' dir='ltr'>ut</span> <span class='ocrx_word' id='word_1_155' title='bbox 517 1818 623 1848; x_wconf 84' lang='lat' dir='ltr'>minus</span> <span class='ocrx_word' id='word_1_156' title='bbox 647 1827 858 1860; x_wconf 84' lang='lat' dir='ltr'>pervagatum,</span> 
     </span>
     <span class='ocr_line' id='line_1_29' title="bbox 132 1869 859 1910; baseline 0.003 -10"><span class='ocrx_word' id='word_1_157' title='bbox 132 1869 349 1909; x_wconf 83' lang='lat' dir='ltr'>accipiendum</span> <span class='ocrx_word' id='word_1_158' title='bbox 370 1870 481 1900; x_wconf 86' lang='lat' dir='ltr'>habui:</span> <span class='ocrx_word' id='word_1_159' title='bbox 508 1869 618 1910; x_wconf 87' lang='lat' dir='ltr'>reliqui</span> <span class='ocrx_word' id='word_1_160' title='bbox 635 1870 716 1907; x_wconf 85' lang='lat' dir='ltr'>libri,</span> <span class='ocrx_word' id='word_1_161' title='bbox 745 1883 859 1903; x_wconf 78' lang='lat' dir='ltr'>necesse</span> 
     </span>
     <span class='ocr_line' id='line_1_30' title="bbox 133 1928 184 1952; baseline -0.02 0"><span class='ocrx_word' id='word_1_162' title='bbox 133 1928 184 1952; x_wconf 77' lang='lat' dir='ltr'>est.</span> 
     </span>
    </p>

    <p class='ocr_par' dir='ltr' id='par_1_9' title="bbox 132 1973 868 2789">
     <span class='ocr_line' id='line_1_31' title="bbox 136 1973 860 2011; baseline 0.001 -7"><span class='ocrx_word' id='word_1_163' title='bbox 136 1974 304 2010; x_wconf 80' lang='lat' dir='ltr'>Coeterum,</span> <span class='ocrx_word' id='word_1_164' title='bbox 324 1973 431 2011; x_wconf 77' lang='lat' dir='ltr'>lector,</span> <span class='ocrx_word' id='word_1_165' title='bbox 456 1973 783 2004; x_wconf 86' lang='lat' dir='ltr'>commonefaciendus</span> <span class='ocrx_word' id='word_1_166' title='bbox 798 1985 860 2005; x_wconf 88' lang='lat' dir='ltr'>res-</span> 
     </span>
     <span class='ocr_line' id='line_1_32' title="bbox 132 2025 861 2067; baseline 0.003 -12"><span class='ocrx_word' id='word_1_167' title='bbox 132 2031 191 2063; x_wconf 83' lang='lat' dir='ltr'>tas,</span> <span class='ocrx_word' id='word_1_168' title='bbox 207 2025 350 2055; x_wconf 82' lang='lat' dir='ltr'>voculam</span> <span class='ocrx_word' id='word_1_169' title='bbox 360 2025 459 2055; x_wconf 81' lang='lat' dir='ltr'>necin</span> <span class='ocrx_word' id='word_1_170' title='bbox 473 2025 608 2065; x_wconf 86' lang='lat' dir='ltr'>origines</span> <span class='ocrx_word' id='word_1_171' title='bbox 620 2025 697 2065; x_wconf 84' lang='lat' dir='ltr'>ejus,</span> <span class='ocrx_word' id='word_1_172' title='bbox 710 2027 861 2067; x_wconf 88' lang='lat' dir='ltr'>conjunc-</span> 
     </span>
     <span class='ocr_line' id='line_1_33' title="bbox 133 2077 862 2118; baseline 0.004 -11"><span class='ocrx_word' id='word_1_173' title='bbox 133 2078 253 2108; x_wconf 86' lang='lat' dir='ltr'>tionem</span> <span class='ocrx_word' id='word_1_174' title='bbox 275 2087 387 2116; x_wconf 86' lang='lat' dir='ltr'>nempe</span> <span class='ocrx_word' id='word_1_175' title='bbox 416 2084 445 2108; x_wconf 79' lang='lat' dir='ltr'>et</span> <span class='ocrx_word' id='word_1_176' title='bbox 467 2084 559 2118; x_wconf 90' lang='lat' dir='ltr'>atque</span> <span class='ocrx_word' id='word_1_177' title='bbox 581 2077 763 2108; x_wconf 86' lang='lat' dir='ltr'>adverbium</span> <span class='ocrx_word' id='word_1_178' title='bbox 789 2091 862 2118; x_wconf 79' lang='lat' dir='ltr'>non,</span> 
     </span>
     <span class='ocr_line' id='line_1_34' title="bbox 135 2129 861 2169; baseline -0.001 -8"><span class='ocrx_word' id='word_1_179' title='bbox 135 2130 264 2169; x_wconf 89' lang='lat' dir='ltr'>dispesci</span> <span class='ocrx_word' id='word_1_180' title='bbox 280 2130 401 2167; x_wconf 88' lang='lat' dir='ltr'>debere,</span> <span class='ocrx_word' id='word_1_181' title='bbox 426 2130 451 2159; x_wconf 91' lang='lat' dir='ltr'>si</span> <span class='ocrx_word' id='word_1_182' title='bbox 472 2129 548 2159; x_wconf 87' lang='lat' dir='ltr'>velis</span> <span class='ocrx_word' id='word_1_183' title='bbox 570 2129 610 2159; x_wconf 88' lang='lat' dir='ltr'>ad</span> <span class='ocrx_word' id='word_1_184' title='bbox 624 2130 755 2169; x_wconf 85' lang='lat' dir='ltr'>plenum</span> <span class='ocrx_word' id='word_1_185' title='bbox 770 2131 861 2161; x_wconf 87' lang='lat' dir='ltr'>intel-</span> 
     </span>
     <span class='ocr_line' id='line_1_35' title="bbox 133 2182 862 2223; baseline 0.001 -11"><span class='ocrx_word' id='word_1_186' title='bbox 133 2183 252 2213; x_wconf 89' lang='lat' dir='ltr'>lectum</span> <span class='ocrx_word' id='word_1_187' title='bbox 267 2182 546 2223; x_wconf 80' lang='lat' dir='ltr'>argumentationis</span> <span class='ocrx_word' id='word_1_188' title='bbox 573 2182 769 2212; x_wconf 80' lang='lat' dir='ltr'>Lucretianae</span> <span class='ocrx_word' id='word_1_189' title='bbox 794 2193 862 2222; x_wconf 90' lang='lat' dir='ltr'>per-</span> 
     </span>
     <span class='ocr_line' id='line_1_36' title="bbox 137 2233 862 2275; baseline 0.001 -12"><span class='ocrx_word' id='word_1_190' title='bbox 137 2234 249 2264; x_wconf 86' lang='lat' dir='ltr'>venire.</span> <span class='ocrx_word' id='word_1_191' title='bbox 274 2238 296 2252; x_wconf 84' lang='lat'>“</span> <span class='ocrx_word' id='word_1_192' title='bbox 311 2234 428 2264; x_wconf 89' lang='lat' dir='ltr'>Amara</span> <span class='ocrx_word' id='word_1_193' title='bbox 439 2233 547 2269; x_wconf 89' lang='lat' dir='ltr'>fluida,</span> <span class='ocrx_word' id='word_1_194' title='bbox 559 2244 658 2274; x_wconf 90' lang='lat' dir='ltr'>quum</span> <span class='ocrx_word' id='word_1_195' title='bbox 673 2233 862 2275; x_wconf 77' lang='lat' dir='ltr'>sintfluida,</span> 
     </span>
     <span class='ocr_line' id='line_1_37' title="bbox 139 2284 860 2324; baseline 0.004 -11"><span class='ocrx_word' id='word_1_196' title='bbox 139 2287 162 2302; x_wconf 87' lang='lat'>“</span> <span class='ocrx_word' id='word_1_197' title='bbox 179 2294 217 2313; x_wconf 78' lang='lat' dir='ltr'>ex</span> <span class='ocrx_word' id='word_1_198' title='bbox 230 2284 358 2314; x_wconf 74' lang='lat' dir='ltr'>laevibus</span> <span class='ocrx_word' id='word_1_199' title='bbox 373 2293 404 2314; x_wconf 85' lang='lat' dir='ltr'>et</span> <span class='ocrx_word' id='word_1_200' title='bbox 423 2285 565 2314; x_wconf 86' lang='lat' dir='ltr'>rotundis</span> <span class='ocrx_word' id='word_1_201' title='bbox 589 2285 750 2324; x_wconf 75' lang='lat' dir='ltr'>particulis</span> <span class='ocrx_word' id='word_1_202' title='bbox 775 2296 860 2316; x_wconf 88' lang='lat' dir='ltr'>com-</span> 
     </span>
     <span class='ocr_line' id='line_1_38' title="bbox 140 2337 862 2376; baseline 0.006 -12"><span class='ocrx_word' id='word_1_203' title='bbox 140 2339 164 2353; x_wconf 89' lang='lat'>“</span> <span class='ocrx_word' id='word_1_204' title='bbox 180 2342 354 2374; x_wconf 88' lang='lat' dir='ltr'>ponuntur;</span> <span class='ocrx_word' id='word_1_205' title='bbox 389 2341 428 2371; x_wconf 88' lang='lat' dir='ltr'>et,</span> <span class='ocrx_word' id='word_1_206' title='bbox 459 2347 558 2376; x_wconf 90' lang='lat' dir='ltr'>quum</span> <span class='ocrx_word' id='word_1_207' title='bbox 588 2337 649 2366; x_wconf 84' lang='lat' dir='ltr'>sint</span> <span class='ocrx_word' id='word_1_208' title='bbox 678 2349 800 2376; x_wconf 80' lang='lat' dir='ltr'>amara,</span> <span class='ocrx_word' id='word_1_209' title='bbox 824 2349 862 2368; x_wconf 82' lang='lat' dir='ltr'>ex</span> 
     </span>
     <span class='ocr_line' id='line_1_39' title="bbox 141 2386 860 2426; baseline 0.007 -12"><span class='ocrx_word' id='word_1_210' title='bbox 141 2389 164 2404; x_wconf 84' lang='lat'><strong>“</strong></span> <span class='ocrx_word' id='word_1_211' title='bbox 181 2386 336 2425; x_wconf 77' lang='lat' dir='ltr'>particulis</span> <span class='ocrx_word' id='word_1_212' title='bbox 351 2387 445 2416; x_wconf 85' lang='lat' dir='ltr'>etiam</span> <span class='ocrx_word' id='word_1_213' title='bbox 461 2387 560 2416; x_wconf 87' lang='lat' dir='ltr'>dolori</span> <span class='ocrx_word' id='word_1_214' title='bbox 575 2387 732 2426; x_wconf 82' lang='lat' dir='ltr'>affinibus,</span> <span class='ocrx_word' id='word_1_215' title='bbox 757 2389 801 2418; x_wconf 89' lang='lat' dir='ltr'>ita</span> <span class='ocrx_word' id='word_1_216' title='bbox 815 2396 860 2419; x_wconf 89' lang='lat' dir='ltr'>ta-</span> 
     </span>
     <span class='ocr_line' id='line_1_40' title="bbox 141 2439 864 2477; baseline 0.006 -10"><span class='ocrx_word' id='word_1_217' title='bbox 141 2442 164 2457; x_wconf 85' lang='lat'><strong>“</strong></span> <span class='ocrx_word' id='word_1_218' title='bbox 181 2448 266 2475; x_wconf 89' lang='lat' dir='ltr'>men,</span> <span class='ocrx_word' id='word_1_219' title='bbox 288 2444 324 2468; x_wconf 89' lang='lat' dir='ltr'>ut</span> <span class='ocrx_word' id='word_1_220' title='bbox 348 2439 397 2468; x_wconf 87' lang='lat' dir='ltr'>hae</span> <span class='ocrx_word' id='word_1_221' title='bbox 418 2439 576 2477; x_wconf 85' lang='lat' dir='ltr'>particulae</span> <span class='ocrx_word' id='word_1_222' title='bbox 591 2440 707 2470; x_wconf 89' lang='lat' dir='ltr'>scilicet</span> <span class='ocrx_word' id='word_1_223' title='bbox 723 2451 786 2470; x_wconf 91' lang='lat' dir='ltr'>non</span> <span class='ocrx_word' id='word_1_224' title='bbox 802 2441 864 2471; x_wconf 88' lang='lat' dir='ltr'>sint</span> 
     </span>
     <span class='ocr_line' id='line_1_41' title="bbox 144 2489 862 2530; baseline 0.004 -12"><span class='ocrx_word' id='word_1_225' title='bbox 144 2490 216 2519; x_wconf 88' lang='lat' dir='ltr'>“in</span> <span class='ocrx_word' id='word_1_226' title='bbox 231 2489 290 2518; x_wconf 89' lang='lat' dir='ltr'>hoc</span> <span class='ocrx_word' id='word_1_227' title='bbox 305 2499 377 2518; x_wconf 86' lang='lat' dir='ltr'>casu</span> <span class='ocrx_word' id='word_1_228' title='bbox 398 2490 546 2527; x_wconf 87' lang='lat' dir='ltr'>hamatae;</span> <span class='ocrx_word' id='word_1_229' title='bbox 570 2490 612 2526; x_wconf 92' lang='lat' dir='ltr'>id,</span> <span class='ocrx_word' id='word_1_230' title='bbox 636 2491 719 2530; x_wconf 92' lang='lat' dir='ltr'>quod</span> <span class='ocrx_word' id='word_1_231' title='bbox 742 2491 862 2521; x_wconf 87' lang='lat' dir='ltr'>liberri-</span> 
     </span>
     <span class='ocr_line' id='line_1_42' title="bbox 145 2544 859 2584; baseline 0.006 -13"><span class='ocrx_word' id='word_1_232' title='bbox 145 2547 166 2562; x_wconf 85' lang='lat'><strong>“</strong></span> <span class='ocrx_word' id='word_1_233' title='bbox 183 2553 254 2572; x_wconf 86' lang='lat' dir='ltr'>mus</span> <span class='ocrx_word' id='word_1_234' title='bbox 283 2553 391 2572; x_wconf 88' lang='lat' dir='ltr'>earum</span> <span class='ocrx_word' id='word_1_235' title='bbox 423 2553 587 2581; x_wconf 84' lang='lat' dir='ltr'>procursus</span> <span class='ocrx_word' id='word_1_236' title='bbox 616 2544 701 2574; x_wconf 88' lang='lat' dir='ltr'>haud</span> <span class='ocrx_word' id='word_1_237' title='bbox 731 2545 859 2584; x_wconf 86' lang='lat' dir='ltr'>patitur:</span> 
     </span>
     <span class='ocr_line' id='line_1_43' title="bbox 144 2594 864 2634; baseline 0.004 -11"><span class='ocrx_word' id='word_1_238' title='bbox 144 2598 169 2614; x_wconf 86' lang='lat'><strong>“</strong></span> <span class='ocrx_word' id='word_1_239' title='bbox 184 2595 246 2624; x_wconf 87' lang='lat' dir='ltr'>sint</span> <span class='ocrx_word' id='word_1_240' title='bbox 260 2594 356 2634; x_wconf 85' lang='lat' dir='ltr'>igitur</span> <span class='ocrx_word' id='word_1_241' title='bbox 366 2600 496 2633; x_wconf 76' lang='lat' dir='ltr'>oportet,</span> <span class='ocrx_word' id='word_1_242' title='bbox 507 2600 538 2624; x_wconf 87' lang='lat' dir='ltr'>et</span> <span class='ocrx_word' id='word_1_243' title='bbox 547 2594 673 2634; x_wconf 86' lang='lat' dir='ltr'>globosa</span> <span class='ocrx_word' id='word_1_244' title='bbox 684 2601 715 2625; x_wconf 89' lang='lat' dir='ltr'>et</span> <span class='ocrx_word' id='word_1_245' title='bbox 726 2596 864 2634; x_wconf 88' lang='lat' dir='ltr'>aspera,”</span> 
     </span>
     <span class='ocr_line' id='line_1_44' title="bbox 147 2645 866 2688; baseline 0.001 -11"><span class='ocrx_word' id='word_1_246' title='bbox 147 2648 219 2688; x_wconf 90' lang='lat' dir='ltr'>(hoc</span> <span class='ocrx_word' id='word_1_247' title='bbox 235 2645 427 2686; x_wconf 83' lang='lat' dir='ltr'>significatur</span> <span class='ocrx_word' id='word_1_248' title='bbox 443 2660 484 2686; x_wconf 69' lang='grc' dir='ltr'>«τῳ</span> <span class='ocrx_word' id='word_1_249' title='bbox 498 2648 638 2686; x_wconf 79' lang='lat' dir='ltr'>squalida</span> <span class='ocrx_word' id='word_1_250' title='bbox 647 2661 657 2681; x_wconf 88' lang='lat'><em>;</em></span> <span class='ocrx_word' id='word_1_251' title='bbox 676 2647 746 2676; x_wconf 68' lang='lat' dir='ltr'>vide</span> <span class='ocrx_word' id='word_1_252' title='bbox 757 2648 797 2677; x_wconf 92' lang='lat' dir='ltr'>ad</span> <span class='ocrx_word' id='word_1_253' title='bbox 806 2658 866 2678; x_wconf 82' lang='lat' dir='ltr'>ver.</span> 
     </span>
     <span class='ocr_line' id='line_1_45' title="bbox 143 2698 868 2739; baseline 0.001 -10"><span class='ocrx_word' id='word_1_254' title='bbox 143 2699 230 2739; x_wconf 78' lang='lat'>425.)</span> <span class='ocrx_word' id='word_1_255' title='bbox 267 2702 288 2717; x_wconf 87' lang='lat'>“</span> <span class='ocrx_word' id='word_1_256' title='bbox 305 2704 341 2728; x_wconf 90' lang='lat' dir='ltr'>ut</span> <span class='ocrx_word' id='word_1_257' title='bbox 377 2708 442 2728; x_wconf 88' lang='lat' dir='ltr'>uno</span> <span class='ocrx_word' id='word_1_258' title='bbox 470 2705 562 2738; x_wconf 90' lang='lat' dir='ltr'>atque</span> <span class='ocrx_word' id='word_1_259' title='bbox 591 2698 700 2728; x_wconf 90' lang='lat' dir='ltr'>eodem</span> <span class='ocrx_word' id='word_1_260' title='bbox 729 2705 868 2738; x_wconf 86' lang='lat' dir='ltr'>tempore</span> 
     </span>
     <span class='ocr_line' id='line_1_46' title="bbox 145 2749 747 2789; baseline 0 -9"><span class='ocrx_word' id='word_1_261' title='bbox 145 2753 168 2768; x_wconf 83' lang='lat'><strong>“</strong></span> <span class='ocrx_word' id='word_1_262' title='bbox 184 2749 310 2787; x_wconf 63' lang='lat' dir='ltr'>laedant,</span> <span class='ocrx_word' id='word_1_263' title='bbox 326 2756 356 2780; x_wconf 89' lang='lat' dir='ltr'>et</span> <span class='ocrx_word' id='word_1_264' title='bbox 371 2750 485 2789; x_wconf 84' lang='lat' dir='ltr'>pariter</span> <span class='ocrx_word' id='word_1_265' title='bbox 500 2749 747 2789; x_wconf 84' lang='lat' dir='ltr'>provolvantur.&#39;‘</span> 
     </span>
    </p>

    <p class='ocr_par' dir='ltr' id='par_1_10' title="bbox 149 2800 869 2835">
     <span class='ocr_line' id='line_1_47' title="bbox 149 2800 869 2835; baseline 0.003 -5"><span class='ocrx_word' id='word_1_266' title='bbox 149 2800 236 2835; x_wconf 85' lang='lat' dir='ltr'>Quid</span> <span class='ocrx_word' id='word_1_267' title='bbox 249 2800 374 2832; x_wconf 83' lang='lat' dir='ltr'>autem?</span> <span class='ocrx_word' id='word_1_268' title='bbox 400 2802 598 2831; x_wconf 83' lang='lat' dir='ltr'>observabam</span> <span class='ocrx_word' id='word_1_269' title='bbox 625 2812 679 2831; x_wconf 84' lang='lat' dir='ltr'>nec</span> <span class='ocrx_word' id='word_1_270' title='bbox 703 2802 735 2831; x_wconf 92' lang='lat' dir='ltr'>in</span> <span class='ocrx_word' id='word_1_271' title='bbox 757 2813 817 2832; x_wconf 80' lang='lat' dir='ltr'>non</span> <span class='ocrx_word' id='word_1_272' title='bbox 839 2808 869 2832; x_wconf 84' lang='lat' dir='ltr'>et</span> 
     </span>
    </p>
   </div>
   <div class='ocr_carea' id='block_1_7' title="bbox 897 768 1632 1071">
    <p class='ocr_par' dir='ltr' id='par_1_11' title="bbox 897 768 1632 1071">
     <span class='ocr_line' id='line_1_48' title="bbox 901 768 1629 812; baseline -0.007 -8"><span class='ocrx_word' id='word_1_273' title='bbox 901 774 936 804; x_wconf 90' lang='lat' dir='ltr'>in</span> <span class='ocrx_word' id='word_1_274' title='bbox 951 773 1059 812; x_wconf 65' lang='lat' dir='ltr'>poetis,</span> <span class='ocrx_word' id='word_1_275' title='bbox 1083 771 1157 802; x_wconf 89' lang='lat' dir='ltr'>hinc</span> <span class='ocrx_word' id='word_1_276' title='bbox 1182 770 1351 811; x_wconf 80' lang='lat' dir='ltr'>pendente,</span> <span class='ocrx_word' id='word_1_277' title='bbox 1377 768 1629 800; x_wconf 85' lang='lat' dir='ltr'>honorificentio-</span> 
     </span>
     <span class='ocr_line' id='line_1_49' title="bbox 900 823 1629 863; baseline -0.008 -6"><span class='ocrx_word' id='word_1_278' title='bbox 900 836 968 857; x_wconf 88' lang='lat' dir='ltr'>rem</span> <span class='ocrx_word' id='word_1_279' title='bbox 993 825 1033 856; x_wconf 90' lang='lat' dir='ltr'>de</span> <span class='ocrx_word' id='word_1_280' title='bbox 1055 823 1179 856; x_wconf 70' lang='lat' dir='ltr'>tantilla</span> <span class='ocrx_word' id='word_1_281' title='bbox 1204 834 1237 854; x_wconf 90' lang='lat' dir='ltr'>re</span> <span class='ocrx_word' id='word_1_282' title='bbox 1260 823 1441 863; x_wconf 87' lang='lat' dir='ltr'>opinionem</span> <span class='ocrx_word' id='word_1_283' title='bbox 1465 823 1629 861; x_wconf 86' lang='lat' dir='ltr'>concipere</span> 
     </span>
     <span class='ocr_line' id='line_1_50' title="bbox 899 874 1631 916; baseline -0.005 -9"><span class='ocrx_word' id='word_1_284' title='bbox 899 888 939 907; x_wconf 89' lang='lat' dir='ltr'>ne</span> <span class='ocrx_word' id='word_1_285' title='bbox 969 876 1160 916; x_wconf 85' lang='lat' dir='ltr'>dedigneris.</span> <span class='ocrx_word' id='word_1_286' title='bbox 1208 875 1262 905; x_wconf 93' lang='lat' dir='ltr'>Ad</span> <span class='ocrx_word' id='word_1_287' title='bbox 1290 876 1371 904; x_wconf 90' lang='lat' dir='ltr'>hanc</span> <span class='ocrx_word' id='word_1_288' title='bbox 1397 874 1567 904; x_wconf 85' lang='lat' dir='ltr'>formulam</span> <span class='ocrx_word' id='word_1_289' title='bbox 1596 874 1631 903; x_wconf 92' lang='lat' dir='ltr'>in</span> 
     </span>
     <span class='ocr_line' id='line_1_51' title="bbox 900 925 1632 966; baseline -0.005 -8"><span class='ocrx_word' id='word_1_290' title='bbox 900 929 1042 966; x_wconf 86' lang='lat' dir='ltr'>Lucano,</span> <span class='ocrx_word' id='word_1_291' title='bbox 1060 928 1168 957; x_wconf 90' lang='lat' dir='ltr'>Phars.</span> <span class='ocrx_word' id='word_1_292' title='bbox 1184 938 1210 957; x_wconf 91' lang='lat' dir='ltr'>v.</span> <span class='ocrx_word' id='word_1_293' title='bbox 1230 930 1303 958; x_wconf 78' lang='lat'>439.</span> <span class='ocrx_word' id='word_1_294' title='bbox 1317 936 1349 956; x_wconf 88' lang='lat' dir='ltr'>se</span> <span class='ocrx_word' id='word_1_295' title='bbox 1367 926 1491 956; x_wconf 87' lang='lat' dir='ltr'>Cortius</span> <span class='ocrx_word' id='word_1_296' title='bbox 1500 925 1632 964; x_wconf 77' lang='lat' dir='ltr'>turpiter</span> 
     </span>
     <span class='ocr_line' id='line_1_52' title="bbox 897 977 1631 1018; baseline -0.005 -9"><span class='ocrx_word' id='word_1_297' title='bbox 897 979 1045 1014; x_wconf 81' lang='lat' dir='ltr'>traduxit,</span> <span class='ocrx_word' id='word_1_298' title='bbox 1061 978 1139 1009; x_wconf 92' lang='lat' dir='ltr'>dum</span> <span class='ocrx_word' id='word_1_299' title='bbox 1155 977 1341 1018; x_wconf 86' lang='lat' dir='ltr'>conjecturis</span> <span class='ocrx_word' id='word_1_300' title='bbox 1356 987 1479 1007; x_wconf 83' lang='lat' dir='ltr'>versum</span> <span class='ocrx_word' id='word_1_301' title='bbox 1490 987 1631 1006; x_wconf 87' lang='lat' dir='ltr'>corrum-</span> 
     </span>
     <span class='ocr_line' id='line_1_53' title="bbox 898 1028 1625 1071; baseline -0.006 -10"><span class='ocrx_word' id='word_1_302' title='bbox 898 1041 970 1071; x_wconf 87' lang='lat' dir='ltr'>pere</span> <span class='ocrx_word' id='word_1_303' title='bbox 985 1030 1116 1066; x_wconf 89' lang='lat' dir='ltr'>volebat‚</span> <span class='ocrx_word' id='word_1_304' title='bbox 1130 1029 1270 1070; x_wconf 88' lang='lat' dir='ltr'>gelatum</span> <span class='ocrx_word' id='word_1_305' title='bbox 1285 1039 1372 1059; x_wconf 91' lang='lat' dir='ltr'>mare</span> <span class='ocrx_word' id='word_1_306' title='bbox 1383 1028 1625 1059; x_wconf 86' lang='lat' dir='ltr'>describentem:</span> 
     </span>
    </p>
   </div>
   <div class='ocr_carea' id='block_1_8' title="bbox 1295 1118 1544 1150">
    <p class='ocr_par' dir='ltr' id='par_1_12' title="bbox 1295 1118 1544 1150">
     <span class='ocr_line' id='line_1_54' title="bbox 1295 1118 1544 1150; baseline -0.004 -7"><span class='ocrx_word' id='word_1_307' title='bbox 1295 1118 1452 1150; x_wconf 84' lang='lat' dir='ltr'>comprimit</span> <span class='ocrx_word' id='word_1_308' title='bbox 1461 1118 1544 1148; x_wconf 79' lang='lat' dir='ltr'>unda,</span> 
     </span>
    </p>
   </div>
   <div class='ocr_carea' id='block_1_9' title="bbox 916 1160 1627 1235">
    <p class='ocr_par' dir='ltr' id='par_1_13' title="bbox 916 1160 1627 1235">
     <span class='ocr_line' id='line_1_55' title="bbox 916 1160 1627 1196; baseline -0.006 -7"><span class='ocrx_word' id='word_1_309' title='bbox 916 1164 1063 1196; x_wconf 80' lang='lat' dir='ltr'>Deprendit</span> <span class='ocrx_word' id='word_1_310' title='bbox 1075 1169 1270 1195; x_wconf 87' lang='lat' dir='ltr'>quascumque,</span> <span class='ocrx_word' id='word_1_311' title='bbox 1288 1166 1372 1191; x_wconf 81' lang='lat' dir='ltr'>rates;</span> <span class='ocrx_word' id='word_1_312' title='bbox 1392 1169 1435 1186; x_wconf 83' lang='lat' dir='ltr'>nec</span> <span class='ocrx_word' id='word_1_313' title='bbox 1453 1161 1545 1192; x_wconf 86' lang='lat' dir='ltr'>pervia</span> <span class='ocrx_word' id='word_1_314' title='bbox 1562 1160 1627 1186; x_wconf 82' lang='lat' dir='ltr'>velis</span> 
     </span>
     <span class='ocr_line' id='line_1_56' title="bbox 917 1203 1254 1235; baseline -0.006 -8"><span class='ocrx_word' id='word_1_315' title='bbox 917 1206 1036 1235; x_wconf 82' lang='lat' dir='ltr'>AEquora</span> <span class='ocrx_word' id='word_1_316' title='bbox 1047 1203 1147 1234; x_wconf 79' lang='lat' dir='ltr'>frangit</span> <span class='ocrx_word' id='word_1_317' title='bbox 1157 1209 1237 1233; x_wconf 80' lang='lat' dir='ltr'>eques</span> <span class='ocrx_word' id='word_1_318' title='bbox 1247 1209 1254 1225; x_wconf 88' lang='grc'>;</span> 
     </span>
    </p>
   </div>
   <div class='ocr_carea' id='block_1_10' title="bbox 899 1280 1634 1584">
    <p class='ocr_par' dir='ltr' id='par_1_14' title="bbox 899 1280 1634 1584">
     <span class='ocr_line' id='line_1_57' title="bbox 901 1280 1631 1324; baseline -0.004 -10"><span class='ocrx_word' id='word_1_319' title='bbox 901 1285 923 1314; x_wconf 91' lang='lat' dir='ltr'>i.</span> <span class='ocrx_word' id='word_1_320' title='bbox 941 1294 966 1314; x_wconf 89' lang='lat' dir='ltr'>e.</span> <span class='ocrx_word' id='word_1_321' title='bbox 992 1287 1013 1302; x_wconf 92' lang='lat'><strong>“</strong></span> <span class='ocrx_word' id='word_1_322' title='bbox 1029 1291 1057 1314; x_wconf 77' lang='lat' dir='ltr'>et</span> <span class='ocrx_word' id='word_1_323' title='bbox 1073 1294 1166 1324; x_wconf 84' lang='lat' dir='ltr'>eques</span> <span class='ocrx_word' id='word_1_324' title='bbox 1188 1282 1304 1323; x_wconf 84' lang='lat' dir='ltr'>frangit</span> <span class='ocrx_word' id='word_1_325' title='bbox 1320 1291 1456 1322; x_wconf 64' lang='lat' dir='ltr'>aequora,</span> <span class='ocrx_word' id='word_1_326' title='bbox 1480 1280 1555 1310; x_wconf 79' lang='lat' dir='ltr'>velis</span> <span class='ocrx_word' id='word_1_327' title='bbox 1569 1292 1631 1311; x_wconf 79' lang='lat' dir='ltr'>non</span> 
     </span>
     <span class='ocr_line' id='line_1_58' title="bbox 900 1333 1632 1374; baseline -0.003 -10"><span class='ocrx_word' id='word_1_328' title='bbox 900 1339 922 1353; x_wconf 88' lang='lat'><strong>“</strong></span> <span class='ocrx_word' id='word_1_329' title='bbox 938 1334 1072 1374; x_wconf 82' lang='lat' dir='ltr'>pervia.”</span> <span class='ocrx_word' id='word_1_330' title='bbox 1119 1335 1242 1364; x_wconf 78' lang='lat' dir='ltr'>Verum</span> <span class='ocrx_word' id='word_1_331' title='bbox 1262 1333 1347 1363; x_wconf 87' lang='lat' dir='ltr'>solus</span> <span class='ocrx_word' id='word_1_332' title='bbox 1364 1334 1568 1363; x_wconf 85' lang='lat' dir='ltr'>Burmannus</span> <span class='ocrx_word' id='word_1_333' title='bbox 1583 1343 1632 1362; x_wconf 84' lang='lat' dir='ltr'>sa-</span> 
     </span>
     <span class='ocr_line' id='line_1_59' title="bbox 1313 1387 1630 1417; baseline 0 -1"><span class='ocrx_word' id='word_1_334' title='bbox 1313 1387 1405 1417; x_wconf 88' lang='lat' dir='ltr'>Idem</span> <span class='ocrx_word' id='word_1_335' title='bbox 1424 1393 1529 1416; x_wconf 90' lang='lat' dir='ltr'>tamen</span> <span class='ocrx_word' id='word_1_336' title='bbox 1548 1387 1630 1417; x_wconf 86' lang='lat' dir='ltr'>Bur-</span> 
     </span>
     <span class='ocr_line' id='line_1_60' title="bbox 899 1439 1634 1478; baseline -0.001 -8"><span class='ocrx_word' id='word_1_337' title='bbox 899 1451 1045 1475; x_wconf 89' lang='lat' dir='ltr'>mannus,</span> <span class='ocrx_word' id='word_1_338' title='bbox 1069 1439 1283 1469; x_wconf 82' lang='lat' dir='ltr'>infelicissime</span> <span class='ocrx_word' id='word_1_339' title='bbox 1300 1439 1347 1469; x_wconf 91' lang='lat' dir='ltr'>sui</span> <span class='ocrx_word' id='word_1_340' title='bbox 1363 1439 1543 1477; x_wconf 81' lang='lat' dir='ltr'>immemor,</span> <span class='ocrx_word' id='word_1_341' title='bbox 1561 1450 1634 1478; x_wconf 87' lang='lat' dir='ltr'>pro-</span> 
     </span>
     <span class='ocr_line' id='line_1_61' title="bbox 899 1490 1632 1522; baseline -0.001 0"><span class='ocrx_word' id='word_1_342' title='bbox 899 1494 973 1522; x_wconf 88' lang='lat' dir='ltr'>bam</span> <span class='ocrx_word' id='word_1_343' title='bbox 994 1491 1162 1521; x_wconf 86' lang='lat' dir='ltr'>lectionem</span> <span class='ocrx_word' id='word_1_344' title='bbox 1185 1491 1226 1520; x_wconf 91' lang='lat' dir='ltr'>ad</span> <span class='ocrx_word' id='word_1_345' title='bbox 1251 1490 1357 1520; x_wconf 84' lang='lat' dir='ltr'>Ovidii</span> <span class='ocrx_word' id='word_1_346' title='bbox 1381 1497 1454 1520; x_wconf 82' lang='lat' dir='ltr'>met.</span> <span class='ocrx_word' id='word_1_347' title='bbox 1478 1491 1539 1521; x_wconf 66' lang='lat' dir='ltr'>viii.</span> <span class='ocrx_word' id='word_1_348' title='bbox 1560 1494 1632 1522; x_wconf 72' lang='lat'>291.</span> 
     </span>
     <span class='ocr_line' id='line_1_62' title="bbox 901 1541 1620 1584; baseline -0.001 -11"><span class='ocrx_word' id='word_1_349' title='bbox 901 1543 1002 1584; x_wconf 78' lang='lat' dir='ltr'>ejecit,</span> <span class='ocrx_word' id='word_1_350' title='bbox 1019 1548 1049 1572; x_wconf 85' lang='lat' dir='ltr'>et</span> <span class='ocrx_word' id='word_1_351' title='bbox 1066 1541 1230 1580; x_wconf 80' lang='lat' dir='ltr'>amplexus</span> <span class='ocrx_word' id='word_1_352' title='bbox 1244 1548 1290 1571; x_wconf 77' lang='lat' dir='ltr'>est</span> <span class='ocrx_word' id='word_1_353' title='bbox 1305 1541 1502 1580; x_wconf 80' lang='lat' dir='ltr'>depravatam</span> <span class='ocrx_word' id='word_1_354' title='bbox 1521 1552 1620 1572; x_wconf 81' lang='lat' dir='ltr'>nnnc:</span> 
     </span>
    </p>
   </div>
   <div class='ocr_carea' id='block_1_11' title="bbox 898 1387 1266 1428">
    <p class='ocr_par' dir='ltr' id='par_1_15' title="bbox 898 1387 1266 1428">
     <span class='ocr_line' id='line_1_63' title="bbox 898 1387 1266 1428; baseline -0.005 -10"><span class='ocrx_word' id='word_1_355' title='bbox 898 1389 1015 1428; x_wconf 85' lang='lat' dir='ltr'>gaciter</span> <span class='ocrx_word' id='word_1_356' title='bbox 1041 1387 1189 1417; x_wconf 88' lang='lat' dir='ltr'>odoratus</span> <span class='ocrx_word' id='word_1_357' title='bbox 1212 1394 1266 1417; x_wconf 88' lang='lat' dir='ltr'>est.</span> 
     </span>
    </p>
   </div>
   <div class='ocr_carea' id='block_1_12' title="bbox 963 1618 1515 1645">
    <p class='ocr_par' dir='ltr' id='par_1_16' title="bbox 963 1618 1515 1645">
     <span class='ocr_line' id='line_1_64' title="bbox 963 1618 1515 1645; baseline -0.005 0"><span class='ocrx_word' id='word_1_358' title='bbox 963 1623 1013 1645; x_wconf 77' lang='lat' dir='ltr'>Nec</span> <span class='ocrx_word' id='word_1_359' title='bbox 1025 1623 1128 1644; x_wconf 75' lang='lat' dir='ltr'>matura</span> <span class='ocrx_word' id='word_1_360' title='bbox 1141 1618 1221 1643; x_wconf 87' lang='lat' dir='ltr'>metit</span> <span class='ocrx_word' id='word_1_361' title='bbox 1234 1618 1324 1643; x_wconf 85' lang='lat' dir='ltr'>fleturi</span> <span class='ocrx_word' id='word_1_362' title='bbox 1335 1622 1400 1642; x_wconf 81' lang='lat' dir='ltr'>vota</span> <span class='ocrx_word' id='word_1_363' title='bbox 1410 1618 1515 1642; x_wconf 86' lang='lat' dir='ltr'>coloni:</span> 
     </span>
    </p>
   </div>
   <div class='ocr_carea' id='block_1_13' title="bbox 903 1681 1637 2027">
    <p class='ocr_par' dir='ltr' id='par_1_17' title="bbox 903 1681 1637 2027">
     <span class='ocr_line' id='line_1_65' title="bbox 1539 1681 1634 1712; baseline 0.011 -1"><span class='ocrx_word' id='word_1_364' title='bbox 1539 1681 1634 1712; x_wconf 80' lang='lat' dir='ltr'>Vale-</span> 
     </span>
     <span class='ocr_line' id='line_1_66' title="bbox 1221 1735 1635 1774; baseline -0.002 -8"><span class='ocrx_word' id='word_1_365' title='bbox 1221 1736 1260 1766; x_wconf 86' lang='lat' dir='ltr'>ad</span> <span class='ocrx_word' id='word_1_366' title='bbox 1289 1736 1308 1766; x_wconf 91' lang='lat' dir='ltr'>i.</span> <span class='ocrx_word' id='word_1_367' title='bbox 1344 1739 1412 1765; x_wconf 78' lang='lat'>133.</span> <span class='ocrx_word' id='word_1_368' title='bbox 1450 1735 1635 1774; x_wconf 85' lang='lat' dir='ltr'>interpretes</span> 
     </span>
     <span class='ocr_line' id='line_1_67' title="bbox 903 1788 1636 1827; baseline -0.005 -5"><span class='ocrx_word' id='word_1_369' title='bbox 903 1792 1027 1822; x_wconf 88' lang='lat' dir='ltr'>silentio</span> <span class='ocrx_word' id='word_1_370' title='bbox 1042 1791 1240 1827; x_wconf 77' lang='lat' dir='ltr'>transiliunt3</span> <span class='ocrx_word' id='word_1_371' title='bbox 1265 1800 1306 1819; x_wconf 90' lang='lat' dir='ltr'>ne</span> <span class='ocrx_word' id='word_1_372' title='bbox 1331 1788 1496 1819; x_wconf 86' lang='lat' dir='ltr'>videantur</span> <span class='ocrx_word' id='word_1_373' title='bbox 1517 1788 1636 1818; x_wconf 87' lang='lat' dir='ltr'>scilicet</span> 
     </span>
     <span class='ocr_line' id='line_1_68' title="bbox 904 1839 1635 1881; baseline -0.005 -9"><span class='ocrx_word' id='word_1_374' title='bbox 904 1843 1057 1873; x_wconf 87' lang='lat' dir='ltr'>lectorum</span> <span class='ocrx_word' id='word_1_375' title='bbox 1073 1852 1204 1872; x_wconf 87' lang='lat' dir='ltr'>suorum</span> <span class='ocrx_word' id='word_1_376' title='bbox 1224 1840 1385 1881; x_wconf 86' lang='lat' dir='ltr'>sagacitati</span> <span class='ocrx_word' id='word_1_377' title='bbox 1409 1840 1547 1870; x_wconf 87' lang='lat' dir='ltr'>nimium</span> <span class='ocrx_word' id='word_1_378' title='bbox 1572 1839 1635 1870; x_wconf 81' lang='lat' dir='ltr'>dif-</span> 
     </span>
     <span class='ocr_line' id='line_1_69' title="bbox 903 1890 1636 1927; baseline -0.005 -3"><span class='ocrx_word' id='word_1_379' title='bbox 903 1895 998 1924; x_wconf 91' lang='lat' dir='ltr'>fidere</span> <span class='ocrx_word' id='word_1_380' title='bbox 1021 1893 1249 1923; x_wconf 87' lang='lat' dir='ltr'>modestissime</span> <span class='ocrx_word' id='word_1_381' title='bbox 1273 1892 1372 1927; x_wconf 92' lang='lat' dir='ltr'>veriti,</span> <span class='ocrx_word' id='word_1_382' title='bbox 1403 1891 1429 1920; x_wconf 86' lang='lat' dir='ltr'>si</span> <span class='ocrx_word' id='word_1_383' title='bbox 1454 1891 1539 1921; x_wconf 87' lang='lat' dir='ltr'>locos</span> <span class='ocrx_word' id='word_1_384' title='bbox 1565 1890 1636 1920; x_wconf 88' lang='lat' dir='ltr'>luce</span> 
     </span>
     <span class='ocr_line' id='line_1_70' title="bbox 905 1944 1637 1979; baseline -0.005 -4"><span class='ocrx_word' id='word_1_385' title='bbox 905 1944 1079 1976; x_wconf 70' lang='lat' dir='ltr'>meridiana</span> <span class='ocrx_word' id='word_1_386' title='bbox 1110 1945 1254 1975; x_wconf 87' lang='lat' dir='ltr'>clariores</span> <span class='ocrx_word' id='word_1_387' title='bbox 1286 1949 1466 1974; x_wconf 86' lang='lat' dir='ltr'>enarratum</span> <span class='ocrx_word' id='word_1_388' title='bbox 1495 1947 1579 1979; x_wconf 85' lang='lat' dir='ltr'>eant,</span> <span class='ocrx_word' id='word_1_389' title='bbox 1605 1947 1637 1972; x_wconf 85' lang='lat' dir='ltr'>et</span> 
     </span>
     <span class='ocr_line' id='line_1_71' title="bbox 905 1994 1637 2027; baseline -0.005 0"><span class='ocrx_word' id='word_1_390' title='bbox 905 1997 1061 2027; x_wconf 73' lang='lat' dir='ltr'>titivilitiis</span> <span class='ocrx_word' id='word_1_391' title='bbox 1075 2007 1140 2027; x_wconf 87' lang='lat' dir='ltr'>suae</span> <span class='ocrx_word' id='word_1_392' title='bbox 1157 1996 1342 2027; x_wconf 84' lang='lat' dir='ltr'>eruditionis</span> <span class='ocrx_word' id='word_1_393' title='bbox 1357 2001 1387 2025; x_wconf 89' lang='lat' dir='ltr'>et</span> <span class='ocrx_word' id='word_1_394' title='bbox 1401 1994 1557 2025; x_wconf 88' lang='lat' dir='ltr'>acuminis</span> <span class='ocrx_word' id='word_1_395' title='bbox 1571 1994 1637 2024; x_wconf 76' lang='lat' dir='ltr'>vim</span> 
     </span>
    </p>
   </div>
   <div class='ocr_carea' id='block_1_14' title="bbox 902 1681 1492 1774">
    <p class='ocr_par' dir='ltr' id='par_1_18' title="bbox 902 1681 1492 1774">
     <span class='ocr_line' id='line_1_72' title="bbox 903 1681 1492 1716; baseline -0.008 0"><span class='ocrx_word' id='word_1_396' title='bbox 903 1687 920 1716; x_wconf 94' lang='lat' dir='ltr'>i.</span> <span class='ocrx_word' id='word_1_397' title='bbox 938 1697 963 1716; x_wconf 89' lang='lat' dir='ltr'>c.</span> <span class='ocrx_word' id='word_1_398' title='bbox 988 1689 1009 1703; x_wconf 85' lang='lat'><strong>“</strong></span> <span class='ocrx_word' id='word_1_399' title='bbox 1025 1691 1053 1715; x_wconf 78' lang='lat' dir='ltr'>et</span> <span class='ocrx_word' id='word_1_400' title='bbox 1070 1684 1160 1714; x_wconf 87' lang='lat' dir='ltr'>metit</span> <span class='ocrx_word' id='word_1_401' title='bbox 1174 1689 1246 1713; x_wconf 80' lang='lat' dir='ltr'>vota</span> <span class='ocrx_word' id='word_1_402' title='bbox 1260 1694 1320 1713; x_wconf 83' lang='lat' dir='ltr'>non</span> <span class='ocrx_word' id='word_1_403' title='bbox 1337 1681 1492 1712; x_wconf 89' lang='lat' dir='ltr'>matura.&#39;‘</span> 
     </span>
     <span class='ocr_line' id='line_1_73' title="bbox 902 1738 1180 1774; baseline -0.011 -5"><span class='ocrx_word' id='word_1_404' title='bbox 902 1740 987 1769; x_wconf 87' lang='lat' dir='ltr'>rium</span> <span class='ocrx_word' id='word_1_405' title='bbox 1018 1738 1180 1774; x_wconf 89' lang='lat' dir='ltr'>Flaccum,</span> 
     </span>
    </p>
   </div>
   <div class='ocr_carea' id='block_1_15' title="bbox 906 2049 1105 2080">
    <p class='ocr_par' dir='ltr' id='par_1_19' title="bbox 906 2049 1105 2080">
     <span class='ocr_line' id='line_1_74' title="bbox 906 2049 1105 2080; baseline -0.01 0"><span class='ocrx_word' id='word_1_406' title='bbox 906 2049 1091 2080; x_wconf 87' lang='lat' dir='ltr'>admoveant</span> <span class='ocrx_word' id='word_1_407' title='bbox 1100 2049 1105 2079; x_wconf 93' lang='lat'>!</span> 
     </span>
    </p>
   </div>
   <div class='ocr_carea' id='block_1_16' title="bbox 1071 2127 1573 2159">
    <p class='ocr_par' dir='ltr' id='par_1_20' title="bbox 1071 2127 1573 2159">
     <span class='ocr_line' id='line_1_75' title="bbox 1071 2127 1573 2159; baseline -0.008 -5"><span class='ocrx_word' id='word_1_408' title='bbox 1071 2129 1114 2154; x_wconf 83' lang='lat' dir='ltr'>illa</span> <span class='ocrx_word' id='word_1_409' title='bbox 1125 2129 1211 2158; x_wconf 84' lang='lat' dir='ltr'>sedet,</span> <span class='ocrx_word' id='word_1_410' title='bbox 1223 2128 1328 2158; x_wconf 71' lang='lat' dir='ltr'>dejecta</span> <span class='ocrx_word' id='word_1_411' title='bbox 1340 2128 1368 2152; x_wconf 87' lang='lat' dir='ltr'>in</span> <span class='ocrx_word' id='word_1_412' title='bbox 1378 2127 1481 2152; x_wconf 86' lang='lat' dir='ltr'>lumina</span> <span class='ocrx_word' id='word_1_413' title='bbox 1492 2127 1573 2159; x_wconf 65' lang='lat' dir='ltr'>palla,</span> 
     </span>
    </p>
   </div>
   <div class='ocr_carea' id='block_1_17' title="bbox 968 2144 1061 2150">
    <p class='ocr_par' dir='ltr' id='par_1_21' title="bbox 968 2144 1061 2150">
     <span class='ocr_line' id='line_1_76' title="bbox 968 2144 1061 2150; baseline 0 0"><span class='ocrx_word' id='word_1_414' title='bbox 968 2144 1061 2150; x_wconf 95' lang='lat' dir='ltr'> </span> 
     </span>
    </p>
   </div>
   <div class='ocr_carea' id='block_1_18' title="bbox 968 2175 1587 2211">
    <p class='ocr_par' dir='ltr' id='par_1_22' title="bbox 968 2175 1587 2211">
     <span class='ocr_line' id='line_1_77' title="bbox 968 2175 1587 2211; baseline -0.01 -7"><span class='ocrx_word' id='word_1_415' title='bbox 968 2183 1018 2204; x_wconf 73' lang='lat' dir='ltr'>Nec</span> <span class='ocrx_word' id='word_1_416' title='bbox 1029 2181 1096 2211; x_wconf 87' lang='lat' dir='ltr'>Jove</span> <span class='ocrx_word' id='word_1_417' title='bbox 1107 2179 1227 2210; x_wconf 81' lang='lat' dir='ltr'>majorem</span> <span class='ocrx_word' id='word_1_418' title='bbox 1238 2177 1311 2202; x_wconf 81' lang='lat' dir='ltr'>nasci</span> <span class='ocrx_word' id='word_1_419' title='bbox 1321 2177 1434 2208; x_wconf 77' lang='lat' dir='ltr'>suspirat</span> <span class='ocrx_word' id='word_1_420' title='bbox 1443 2175 1587 2201; x_wconf 86' lang='lat' dir='ltr'>Achillem.</span> 
     </span>
    </p>
   </div>
   <div class='ocr_carea' id='block_1_19' title="bbox 905 2245 1640 2600">
    <p class='ocr_par' dir='ltr' id='par_1_23' title="bbox 905 2245 1640 2600">
     <span class='ocr_line' id='line_1_78' title="bbox 907 2245 1637 2289; baseline -0.011 -7"><span class='ocrx_word' id='word_1_421' title='bbox 907 2252 926 2282; x_wconf 93' lang='lat' dir='ltr'>i.</span> <span class='ocrx_word' id='word_1_422' title='bbox 943 2262 969 2281; x_wconf 92' lang='lat' dir='ltr'>e.</span> <span class='ocrx_word' id='word_1_423' title='bbox 993 2254 1014 2269; x_wconf 87' lang='lat'><strong>“</strong></span> <span class='ocrx_word' id='word_1_424' title='bbox 1031 2257 1059 2281; x_wconf 80' lang='lat' dir='ltr'>et</span> <span class='ocrx_word' id='word_1_425' title='bbox 1082 2251 1219 2289; x_wconf 82' lang='lat' dir='ltr'>suspirat</span> <span class='ocrx_word' id='word_1_426' title='bbox 1238 2247 1397 2278; x_wconf 84' lang='lat' dir='ltr'>Achillem</span> <span class='ocrx_word' id='word_1_427' title='bbox 1417 2258 1475 2277; x_wconf 83' lang='lat' dir='ltr'>non</span> <span class='ocrx_word' id='word_1_428' title='bbox 1500 2245 1637 2275; x_wconf 81' lang='lat' dir='ltr'>nascitu-</span> 
     </span>
     <span class='ocr_line' id='line_1_79' title="bbox 906 2296 1638 2339; baseline -0.011 -6"><span class='ocrx_word' id='word_1_429' title='bbox 906 2307 928 2322; x_wconf 86' lang='lat'><strong>“</strong></span> <span class='ocrx_word' id='word_1_430' title='bbox 944 2312 1016 2332; x_wconf 82' lang='lat' dir='ltr'>rum</span> <span class='ocrx_word' id='word_1_431' title='bbox 1032 2311 1098 2332; x_wconf 88' lang='lat' dir='ltr'>esse</span> <span class='ocrx_word' id='word_1_432' title='bbox 1111 2302 1192 2332; x_wconf 84' lang='lat' dir='ltr'>Jove</span> <span class='ocrx_word' id='word_1_433' title='bbox 1210 2299 1361 2339; x_wconf 83' lang='lat' dir='ltr'>majorem</span> <span class='ocrx_word' id='word_1_434' title='bbox 1370 2298 1401 2335; x_wconf 85' lang='lat'>;’&#39;</span> <span class='ocrx_word' id='word_1_435' title='bbox 1418 2299 1458 2327; x_wconf 88' lang='lat' dir='ltr'>ob</span> <span class='ocrx_word' id='word_1_436' title='bbox 1473 2296 1638 2326; x_wconf 87' lang='lat' dir='ltr'>oraculum</span> 
     </span>
     <span class='ocr_line' id='line_1_80' title="bbox 906 2349 1638 2393; baseline -0.011 -9"><span class='ocrx_word' id='word_1_437' title='bbox 906 2364 1019 2393; x_wconf 89' lang='lat' dir='ltr'>nempe</span> <span class='ocrx_word' id='word_1_438' title='bbox 1055 2358 1164 2391; x_wconf 85' lang='lat' dir='ltr'>parato</span> <span class='ocrx_word' id='word_1_439' title='bbox 1204 2350 1407 2381; x_wconf 87' lang='lat' dir='ltr'>matrimonio</span> <span class='ocrx_word' id='word_1_440' title='bbox 1435 2349 1638 2378; x_wconf 68' lang='lat' dir='ltr'>frustratum.</span> 
     </span>
     <span class='ocr_line' id='line_1_81' title="bbox 907 2399 1640 2436; baseline -0.011 -1"><span class='ocrx_word' id='word_1_441' title='bbox 907 2406 992 2436; x_wconf 87' lang='lat' dir='ltr'>Nota</span> <span class='ocrx_word' id='word_1_442' title='bbox 1007 2414 1055 2433; x_wconf 86' lang='lat' dir='ltr'>res</span> <span class='ocrx_word' id='word_1_443' title='bbox 1071 2409 1129 2433; x_wconf 83' lang='lat' dir='ltr'>est:</span> <span class='ocrx_word' id='word_1_444' title='bbox 1150 2402 1205 2433; x_wconf 90' lang='lat' dir='ltr'>sed</span> <span class='ocrx_word' id='word_1_445' title='bbox 1216 2402 1255 2432; x_wconf 90' lang='lat' dir='ltr'>de</span> <span class='ocrx_word' id='word_1_446' title='bbox 1270 2402 1319 2431; x_wconf 91' lang='lat' dir='ltr'>his</span> <span class='ocrx_word' id='word_1_447' title='bbox 1334 2400 1416 2436; x_wconf 85' lang='lat' dir='ltr'>satis,</span> <span class='ocrx_word' id='word_1_448' title='bbox 1433 2400 1459 2429; x_wconf 93' lang='lat' dir='ltr'>si</span> <span class='ocrx_word' id='word_1_449' title='bbox 1475 2405 1505 2429; x_wconf 94' lang='lat' dir='ltr'>et</span> <span class='ocrx_word' id='word_1_450' title='bbox 1517 2400 1550 2428; x_wconf 93' lang='lat' dir='ltr'>in</span> <span class='ocrx_word' id='word_1_451' title='bbox 1567 2399 1640 2428; x_wconf 88' lang='lat' dir='ltr'>Ho-</span> 
     </span>
     <span class='ocr_line' id='line_1_82' title="bbox 907 2451 1635 2492; baseline -0.011 -6"><span class='ocrx_word' id='word_1_452' title='bbox 907 2456 976 2487; x_wconf 88' lang='lat' dir='ltr'>ratii</span> <span class='ocrx_word' id='word_1_453' title='bbox 992 2455 1060 2485; x_wconf 91' lang='lat' dir='ltr'>loco</span> <span class='ocrx_word' id='word_1_454' title='bbox 1075 2454 1154 2484; x_wconf 86' lang='lat' dir='ltr'>mihi</span> <span class='ocrx_word' id='word_1_455' title='bbox 1169 2452 1359 2483; x_wconf 89' lang='lat' dir='ltr'>concedatur</span> <span class='ocrx_word' id='word_1_456' title='bbox 1373 2451 1546 2492; x_wconf 84' lang='lat' dir='ltr'>genuinam</span> <span class='ocrx_word' id='word_1_457' title='bbox 1568 2459 1635 2478; x_wconf 87' lang='lat' dir='ltr'>ver-</span> 
     </span>
     <span class='ocr_line' id='line_1_83' title="bbox 905 2503 1638 2542; baseline -0.012 -4"><span class='ocrx_word' id='word_1_458' title='bbox 905 2511 1019 2540; x_wconf 87' lang='lat' dir='ltr'>borum</span> <span class='ocrx_word' id='word_1_459' title='bbox 1035 2505 1300 2536; x_wconf 75' lang='lat' dir='ltr'>constructionem</span> <span class='ocrx_word' id='word_1_460' title='bbox 1316 2503 1446 2542; x_wconf 88' lang='lat' dir='ltr'>aperire,</span> <span class='ocrx_word' id='word_1_461' title='bbox 1459 2511 1553 2542; x_wconf 88' lang='lat' dir='ltr'>quam</span> <span class='ocrx_word' id='word_1_462' title='bbox 1569 2510 1638 2539; x_wconf 87' lang='lat' dir='ltr'>per-</span> 
     </span>
     <span class='ocr_line' id='line_1_84' title="bbox 909 2556 1416 2600; baseline -0.012 -10"><span class='ocrx_word' id='word_1_463' title='bbox 909 2559 1008 2600; x_wconf 74' lang='lat' dir='ltr'>spexit</span> <span class='ocrx_word' id='word_1_464' title='bbox 1022 2568 1127 2594; x_wconf 87' lang='lat' dir='ltr'>nemo,</span> <span class='ocrx_word' id='word_1_465' title='bbox 1144 2558 1183 2588; x_wconf 83' lang='lat' dir='ltr'>ad</span> <span class='ocrx_word' id='word_1_466' title='bbox 1198 2557 1248 2587; x_wconf 91' lang='lat' dir='ltr'>od.</span> <span class='ocrx_word' id='word_1_467' title='bbox 1263 2556 1282 2586; x_wconf 91' lang='lat' dir='ltr'>i.</span> <span class='ocrx_word' id='word_1_468' title='bbox 1298 2559 1349 2586; x_wconf 81' lang='lat'>51.</span> <span class='ocrx_word' id='word_1_469' title='bbox 1368 2559 1416 2585; x_wconf 85' lang='grc'>19.</span> 
     </span>
    </p>
   </div>
   <div class='ocr_carea' id='block_1_20' title="bbox 972 2649 1530 2803">
    <p class='ocr_par' dir='ltr' id='par_1_24' title="bbox 972 2649 1530 2803">
     <span class='ocr_line' id='line_1_85' title="bbox 972 2649 1384 2685; baseline -0.015 -7"><span class='ocrx_word' id='word_1_470' title='bbox 972 2654 1034 2678; x_wconf 83' lang='lat' dir='ltr'>Frui</span> <span class='ocrx_word' id='word_1_471' title='bbox 1046 2653 1154 2685; x_wconf 83' lang='lat' dir='ltr'>paratis,</span> <span class='ocrx_word' id='word_1_472' title='bbox 1163 2656 1190 2677; x_wconf 86' lang='lat' dir='ltr'>et</span> <span class='ocrx_word' id='word_1_473' title='bbox 1201 2651 1291 2676; x_wconf 80' lang='lat' dir='ltr'>valido</span> <span class='ocrx_word' id='word_1_474' title='bbox 1306 2649 1384 2679; x_wconf 78' lang='lat' dir='ltr'>mihi,</span> 
     </span>
     <span class='ocr_line' id='line_1_86' title="bbox 972 2688 1454 2723; baseline -0.015 -5"><span class='ocrx_word' id='word_1_475' title='bbox 972 2694 1068 2723; x_wconf 79' lang='lat' dir='ltr'>Lato&#39;e&#39;,</span> <span class='ocrx_word' id='word_1_476' title='bbox 1081 2693 1173 2721; x_wconf 88' lang='lat' dir='ltr'>dones,</span> <span class='ocrx_word' id='word_1_477' title='bbox 1184 2695 1223 2722; x_wconf 88' lang='lat' dir='ltr'>et,</span> <span class='ocrx_word' id='word_1_478' title='bbox 1234 2697 1339 2722; x_wconf 86' lang='lat' dir='ltr'>precor,</span> <span class='ocrx_word' id='word_1_479' title='bbox 1349 2688 1454 2720; x_wconf 67' lang='lat' dir='ltr'>integra</span> 
     </span>
     <span class='ocr_line' id='line_1_87' title="bbox 1004 2730 1530 2761; baseline -0.011 -4"><span class='ocrx_word' id='word_1_480' title='bbox 1004 2734 1074 2757; x_wconf 87' lang='lat' dir='ltr'>Cum</span> <span class='ocrx_word' id='word_1_481' title='bbox 1087 2735 1181 2756; x_wconf 89' lang='lat' dir='ltr'>mente</span> <span class='ocrx_word' id='word_1_482' title='bbox 1186 2740 1194 2761; x_wconf 89' lang='lat'>;</span> <span class='ocrx_word' id='word_1_483' title='bbox 1212 2737 1262 2755; x_wconf 88' lang='lat' dir='ltr'>nec</span> <span class='ocrx_word' id='word_1_484' title='bbox 1274 2733 1382 2760; x_wconf 81' lang='lat' dir='ltr'>turpem</span> <span class='ocrx_word' id='word_1_485' title='bbox 1393 2730 1530 2753; x_wconf 83' lang='lat' dir='ltr'>senectam</span> 
     </span>
     <span class='ocr_line' id='line_1_88' title="bbox 1036 2769 1482 2803; baseline -0.009 -7"><span class='ocrx_word' id='word_1_486' title='bbox 1036 2773 1148 2803; x_wconf 84' lang='lat' dir='ltr'>Degere,</span> <span class='ocrx_word' id='word_1_487' title='bbox 1160 2777 1209 2795; x_wconf 90' lang='lat' dir='ltr'>nec</span> <span class='ocrx_word' id='word_1_488' title='bbox 1219 2769 1322 2794; x_wconf 68' lang='lat' dir='ltr'>cithara</span> <span class='ocrx_word' id='word_1_489' title='bbox 1329 2771 1482 2794; x_wconf 70' lang='lat' dir='ltr'>carentem.</span> 
     </span>
    </p>
   </div>
   <div class='ocr_carea' id='block_1_21' title="bbox 0 2586 19 3253">
    <p class='ocr_par' dir='ltr' id='par_1_25' title="bbox 0 2586 19 3253">
     <span class='ocr_line' id='line_1_89' title="bbox 0 2586 19 3253; baseline 0 0"><span class='ocrx_word' id='word_1_490' title='bbox 0 2586 19 3253; x_wconf 95' lang='lat' dir='ltr'> </span> 
     </span>
    </p>
   </div>
   <div class='ocr_carea' id='block_1_22' title="bbox 147 2850 1639 2995">
    <p class='ocr_par' dir='ltr' id='par_1_26' title="bbox 147 2850 1639 2995">
     <span class='ocr_line' id='line_1_90' title="bbox 148 2850 1638 2888; baseline -0.001 -7"><span class='ocrx_word' id='word_1_491' title='bbox 148 2851 363 2883; x_wconf 87' lang='lat' dir='ltr'>resolvendum</span> <span class='ocrx_word' id='word_1_492' title='bbox 374 2863 452 2883; x_wconf 85' lang='lat' dir='ltr'>esse:</span> <span class='ocrx_word' id='word_1_493' title='bbox 472 2853 519 2883; x_wconf 89' lang='lat' dir='ltr'>sin</span> <span class='ocrx_word' id='word_1_494' title='bbox 529 2854 588 2883; x_wconf 91' lang='lat' dir='ltr'>hoc</span> <span class='ocrx_word' id='word_1_495' title='bbox 597 2853 652 2883; x_wconf 90' lang='lat' dir='ltr'>tibi</span> <span class='ocrx_word' id='word_1_496' title='bbox 664 2853 868 2883; x_wconf 81' lang='lat' dir='ltr'>leviusculum</span> <span class='ocrx_word' id='word_1_497' title='bbox 915 2855 1004 2885; x_wconf 78' lang='lat' dir='ltr'>Ordo</span> <span class='ocrx_word' id='word_1_498' title='bbox 1019 2860 1050 2884; x_wconf 86' lang='lat' dir='ltr'>et</span> <span class='ocrx_word' id='word_1_499' title='bbox 1065 2864 1174 2884; x_wconf 84' lang='lat' dir='ltr'>sensus</span> <span class='ocrx_word' id='word_1_500' title='bbox 1189 2858 1275 2883; x_wconf 85' lang='lat' dir='ltr'>sunt:</span> <span class='ocrx_word' id='word_1_501' title='bbox 1304 2855 1326 2871; x_wconf 89' lang='lat'><strong>“</strong></span> <span class='ocrx_word' id='word_1_502' title='bbox 1342 2852 1452 2888; x_wconf 89' lang='lat' dir='ltr'>Lato&#39;e&#39;,</span> <span class='ocrx_word' id='word_1_503' title='bbox 1467 2850 1566 2881; x_wconf 82' lang='lat' dir='ltr'>dones</span> <span class='ocrx_word' id='word_1_504' title='bbox 1577 2851 1638 2880; x_wconf 90' lang='lat' dir='ltr'>mi-</span> 
     </span>
     <span class='ocr_line' id='line_1_91' title="bbox 147 2900 1639 2945; baseline -0.001 -12"><span class='ocrx_word' id='word_1_505' title='bbox 147 2903 297 2941; x_wconf 62' lang='lat' dir='ltr'>videntur,</span> <span class='ocrx_word' id='word_1_506' title='bbox 313 2916 351 2936; x_wconf 85' lang='lat' dir='ltr'>ex</span> <span class='ocrx_word' id='word_1_507' title='bbox 365 2916 437 2937; x_wconf 79' lang='lat' dir='ltr'>vero</span> <span class='ocrx_word' id='word_1_508' title='bbox 447 2916 538 2937; x_wconf 88' lang='lat' dir='ltr'>sensu</span> <span class='ocrx_word' id='word_1_509' title='bbox 549 2906 721 2937; x_wconf 88' lang='lat' dir='ltr'>multorum</span> <span class='ocrx_word' id='word_1_510' title='bbox 731 2906 872 2937; x_wconf 88' lang='lat' dir='ltr'>locorum</span> <span class='ocrx_word' id='word_1_511' title='bbox 915 2910 938 2925; x_wconf 75' lang='lat'>‘⁸</span> <span class='ocrx_word' id='word_1_512' title='bbox 954 2905 1002 2945; x_wconf 47' lang='lat' dir='ltr'>hi‚⁷</span> <span class='ocrx_word' id='word_1_513' title='bbox 1015 2912 1045 2936; x_wconf 85' lang='lat' dir='ltr'>et</span> <span class='ocrx_word' id='word_1_514' title='bbox 1060 2915 1133 2936; x_wconf 83' lang='lat' dir='ltr'>cum</span> <span class='ocrx_word' id='word_1_515' title='bbox 1148 2915 1224 2936; x_wconf 88' lang='lat' dir='ltr'>sano</span> <span class='ocrx_word' id='word_1_516' title='bbox 1239 2913 1378 2944; x_wconf 85' lang='lat' dir='ltr'>corpore,</span> <span class='ocrx_word' id='word_1_517' title='bbox 1394 2909 1425 2934; x_wconf 85' lang='lat' dir='ltr'>et</span> <span class='ocrx_word' id='word_1_518' title='bbox 1434 2908 1539 2932; x_wconf 85' lang='lat' dir='ltr'>mente</span> <span class='ocrx_word' id='word_1_519' title='bbox 1552 2900 1639 2938; x_wconf 72' lang='lat' dir='ltr'>sana,</span> 
     </span>
     <span class='ocr_line' id='line_1_92' title="bbox 195 2962 910 2995; baseline 0.003 -3"><span class='ocrx_word' id='word_1_520' title='bbox 195 2962 282 2993; x_wconf 71' lang='lat' dir='ltr'>Vox..</span> <span class='ocrx_word' id='word_1_521' title='bbox 306 2964 332 2995; x_wconf 94' lang='grc' dir='ltr'>Ι.</span> <span class='ocrx_word' id='word_1_522' title='bbox 884 2964 910 2994; x_wconf 85' lang='grc' dir='ltr'><strong>Γ</strong></span> 
     </span>
    </p>
   </div>
  </div>
 </body>
</html>
