1894 3253
518 243 752 292 LIBER
803 242 885 290 SE

896 239 1220 290 CUNDus

149 387 232 424 ‚390
265 380 391 423 Unde
411 394 525 420 marc
546 378 797 426 inmensum,
830 374 1038 416 volventes
1058 372 1230 430 frigora,
1252 371 1386 414 funtes

264 455 452 497 Adsiduo
474 459 696 501 1·enovent;
730 450 870 499 habet,

264 530 373 571 Nam
394 529 533 570 multis
555 527 756 568 subeensa
775 525 874 566 locis

262 604 438 646 Eximiis
460 617 558 643 vero
580 601 680 642 furit
701 599 868 657 ignibus

261 679 374 720 Tum
393 692 522 733 porro
544 676 696 717 nitidas
717 675 873 732 fruges,

895 450 1011 506 ignes
1031 448 1143 490 unde
1163 449 1364 489 oriantur:

895 524 1048 564 ardent
1068 523 1154 563 sola
1173 531 1314 572 terrae3

889 599 1054 654 inpetus
1076 596 1237 638 AEtnae.

896 673 1146 729 arbustaque
1166 672 1276 721 laeta,

145 759 226 796 ,395
260 751 467 796 Gentibus
487 751 683 793 humanis
704 749 829 792 habet
849 749 962 791 unde
983 747 1182 790 extollere
1204 746 1349 803 possit:

158 926 258 956 Undae,
270 931 333 957 qua:
345 924 438 950 vitreis
449 924 560 956 pulsatis
570 924 649 948 litora
667 923 796 955 lymphis,

159 967 262 996 Litora,
271 972 333 996 quae
345 964 437 989 dulces
448 971 527 989 auras
539 963 687 989 diffunditis
696 963 776 995 agris,

159 1006 282 1038 Accipite
293 1005 340 1029 has
352 1011 441 1029 voces.

890 924 909 954 i.
926 934 952 954 e.
974 926 996 942 “
1009 924 1129 963 gelidas
1144 932 1252 959 auras,
1270 919 1398 951 Aniene
1414 917 1509 949 fluvio
1524 927 1620 959 geue-

891 979 913 994 “
930 974 1043 1005 ratas.’'
1092 974 1143 1004 Ita
1163 973 1252 1003 locus
1267 971 1324 1002 iste
1339 970 1511 1011 capiendus
1526 976 1580 1001 est.

892 1026 1063 1064 Caeterum,
1094 1024 1236 1055 oratione
1257 1022 1349 1063 prosa
1379 1033 1455 1054 usus
1483 1022 1623 1060 dixisset,

112 1079 164 1110 Sic
179 1079 300 1118 optime
317 1077 471 1107 Heinsius
495 1075 675 1107 emendavit
700 1085 756 1115 pro
782 1086 844 1106 ves·
884 1083 1056 1118 portantes,
1079 1076 1130 1107 vel
1147 1078 1293 1111 vehentes,
1319 1074 1369 1105 vel
1393 1076 1546 1111 habentes,
1569 1072 1625 1103 fri-

110 1135 185 1164 tris:
212 1137 247 1162 ut
272 1131 312 1161 sit
335 1129 480 1160 omnium
510 1128 670 1169 proportio
693 1127 846 1167 speciosa;

111 1186 214 1217 vitreis
228 1184 362 1224 lymphis
378 1183 499 1222 utique,
515 1183 618 1212 dulces
629 1192 732 1211 auras.
781 1180 847 1209 Vo-

115 1247 166 1267 ces
181 1245 296 1274 nempe
311 1237 423 1265 vitrum
447 1239 478 1264 et
499 1235 612 1264 vitreus
626 1230 848 1270 importunita-

114 1294 180 1317 tem
203 1286 414 1323 librariorum,
440 1291 477 1314 ut
499 1284 607 1314 omnia
634 1282 846 1322 exquisitiora,

114 1339 326 1370 infelicissime
342 1343 476 1376 expertae
487 1342 569 1366 sunt.
593 1334 755 1375 Quicquid
765 1334 848 1365 Bur-

111 1391 221 1422 manni
242 1395 351 1420 contra
365 1389 512 1426 sentiant,
528 1388 579 1418 hic
594 1387 634 1418 ad
649 1387 767 1424 locum,
791 1385 845 1416 ille

113 1444 153 1474 ad
166 1442 296 1474 Anthol.
313 1442 381 1472 Lat.
396 1441 416 1471 l.
432 1450 458 1471 e.
484 1439 626 1478 Catonis,
640 1439 726 1470 idem
738 1438 844 1468 Hein-

110 1495 174 1525 sius
187 1493 347 1524 verissime
370 1491 535 1532 castigavit
563 1490 729 1528 Ovidium,
757 1490 845 1529 epist.

113 1557 164 1578 xv.
181 1549 252 1577 157.

140 1621 185 1645 Est
197 1619 307 1647 nitidus,
319 1617 446 1648 vitroque
464 1616 550 1648 magis
561 1614 714 1648 perlucidus
725 1614 805 1644 omni,

177 1661 245 1685 Fons
255 1665 370 1684 sacer—.

116 1727 234 1768 Vulgo,
250 1728 342 1758 vitreo
358 1727 462 1761 amne}-
480 1723 534 1754 sed
548 1722 725 1754 Heinsiana
741 1732 848 1752 emen-

112 1779 239 1810 datione
269 1776 350 1808 nihil
388 1775 576 1817 eleganfius,
613 1774 695 1804 nihil
725 1773 847 1804 certius.

113 1830 260 1863 Eandem
275 1828 447 1859 dictionem
463 1837 520 1858 nos
548 1826 658 1857 Solino
681 1824 847 1856 redonabi-

111 1895 194 1922 mus,
211 1893 276 1922 cap.
291 1882 332 1912 ix.
378 1885 401 1899 “
417 1880 514 1910 Hanc
529 1881 568 1910 ab
586 1878 707 1909 AEtolizi
724 1878 850 1909 Pindus

113 1941 135 1957 “
153 1934 275 1970 dividit,
291 1933 346 1974 qui
363 1930 543 1962 Acheloum
554 1930 645 1970 parit,
657 1940 731 1960 cum
742 1928 851 1969 primis

114 1991 136 2007 “
156 1985 288 2018 Graeciae
303 1984 460 2019 amnibus,
484 1982 652 2023 praeditum
668 1983 742 2013 vitri
760 1981 850 2012 clari-

116 2046 138 2062 “
155 2040 250 2072 tate.'’
295 2039 385 2070 Libri
401 2038 561 2076 exhibent,
577 2039 670 2068 veteri
674 2053 685 2073 ;
710 2036 796 2067 unde
811 2036 851 2066 ad

117 2096 287 2136 indignum
302 2104 429 2134 prorsus
440 2103 570 2123 sensum
582 2101 684 2122 sermo
695 2090 852 2130 scriptoris

116 2147 326 2189 detorquetur.
373 2145 511 2180 Plinius,
538 2150 601 2174 nat.
626 2143 698 2174 hist.
726 2142 772 2173 iii.
798 2146 850 2173 20.

115 2205 135 2217 ‘⁴
152 2197 381 2230 Padus—nulli
400 2196 546 2227 amnium
571 2198 714 2226 claritate
740 2193 848 2224 inferi-

119 2256 138 2268 “
153 2251 228 2281 or:‘’
255 2250 340 2291 quod
362 2250 550 2290 ambiguum
574 2254 648 2286 ests
661 2253 698 2278 ut
723 2247 850 2277 Solinus

122 2302 218 2333 etiam
233 2312 261 2341 p.
281 2306 328 2332 11.
352 2302 391 2332 de
405 2302 464 2332 isto
479 2301 626 2339 flumine;
651 2300 706 2331 sed
720 2300 851 2330 fortasse

120 2354 235 2385 rectius
249 2352 288 2383 de
302 2353 503 2393 lympharum
518 2353 677 2394 qualitate,
693 2362 789 2393 quam
812 2351 851 2382 de

122 2405 264 2443 nomine,
290 2405 541 2446 intelligendum.
586 2404 770 2444 Dionysius,
796 2415 850 2444 pe—

122 2458 198 2499 rieg.
214 2461 287 2489 289.

173 2527 273 2561 Δγχοθι
287 2536 391 2557 πηγαων
405 2526 628 2552 ΚΑΛΛΙΡΡΟΟΥ
640 2525 775 2561 Ηριδανοιυ.

122 2592 207 2623 Vide
224 2590 395 2625 Avienum,
421 2599 463 2619 or.
491 2589 594 2619 marit.
617 2591 688 2620 190.
713 2587 852 2624 Addam,

124 2643 271 2683 denique,
283 2641 324 2672 ad
335 2640 520 2672 Lucretium
533 2639 767 2678 illustrandum,
778 2639 853 2670 Vir-

125 2694 192 2736 gilii
207 2704 312 2725 versus
327 2692 583 2732 appositissimos,
600 2691 655 2722 ecl.
670 2691 689 2722 i.
705 2694 755 2723 52.

157 2769 304 2793 Fortunate
315 2767 414 2792 senex!
434 2765 494 2791 heic
505 2764 694 2795 intel-flumina
706 2767 782 2794 nota,

157 2807 276 2839 Etsontis
286 2814 384 2837 sacros,
393 2806 483 2838 frigus
494 2805 613 2838 captabis
623 2811 750 2837 opacum.

129 2879 224 2910 Unde
242 2880 368 2918 Statius,
383 2879 451 2910 silv.
466 2879 505 2909 iv.
522 2882 550 2909 4.
571 2881 620 2909 17.

161 2943 268 2973 Tiburis
278 2947 307 2973 hi
317 2948 402 2979 lucos,
412 2948 567 2980 Anienaque
571 2946 686 2980 frigora,
697 2947 823 2978 captant:

824 2999 892 3031 ΠΩ

892 1140 984 1170 gora;
1007 1128 1062 1159 sed
1077 1128 1193 1168 pictam
1209 1126 1393 1165 dictionem,
1416 1131 1448 1156 et
1469 1131 1625 1162 ornatam,

892 1182 1023 1222 pulchre
1038 1181 1182 1213 adhibuit
1203 1181 1294 1220 po‘e'ta
1312 1179 1458 1219 pulcher;
1480 1180 1626 1209 volventes

893 1235 1023 1265 scilicet:
1050 1233 1121 1263 vide
1137 1242 1239 1271 supra,
1256 1231 1297 1262 ad
1311 1241 1372 1261 ver.
1387 1234 1460 1261 580.

935 1287 1016 1318 Ibid.
1039 1297 1125 1317 mare
1140 1288 1323 1316 inmensum.
1367 1282 1536 1325 Virgilius,
1556 1293 1623 1324 geo.

891 1339 911 1370 i.
927 1344 977 1371 29.

953 1398 996 1423 An
1008 1397 1073 1422 deus
1083 1395 1191 1422 inmensi
1201 1395 1292 1421 venias
1307 1394 1437 1419 πανὺ-ἓ

889 1456 909 1486 i.
925 1466 951 1486 e.
975 1459 998 1474 “
1014 1455 1105 1495 cujus
1119 1464 1269 1485 mensura
1284 1464 1349 1483 non
1364 1458 1466 1493 potest
1480 1462 1622 1492 compre·
1642 1486 1647 1493 ἡ

890 1507 1027 1538 hendi:”
1043 1507 1090 1537 uti
1116 1508 1197 1536 bene
1219 1505 1356 1543 Servius,
1373 1510 1467 1545 atque
1483 1511 1624 1545 ετυμολο-

893 1574 993 1600 usuam.
1040 1558 1219 1597 Oppianus,
1235 1556 1298 1587 hal.
1312 1556 1333 1586 i.
1352 1559 1404 1588 85.

913 1636 990 1644 —
1001 1631 1123 1658 ατειρεσνη
1135 1632 1195 1657 γαρ,
1208 1618 1384 1656 σιμετροέαθης
1397 1629 1432 1651 τε,
1445 1620 1586 1649 Salaeca-n.

894 1677 984 1707 Hinc
1016 1677 1176 1716 Archytae,
1207 1673 1326 1705 summi
1355 1673 1569 1703 mathematici
1595 1679 1627 1704 et

892 1734 1073 1768 geometrae,
1104 1727 1174 1757 laus
1202 1726 1287 1766 apud
1310 1724 1494 1763 Horatium,
1525 1724 1576 1755 od.
1603 1723 1626 1755 i.

893 1784 943 1811 28.
964 1785 989 1811 1.

924 1858 968 1881 Te
978 1855 1069 1885 maris,
1080 1858 1107 1880 et
1117 1858 1210 1884 ωηατ,
1221 1860 1391 1884 numeroque
1400 1852 1515 1879 carentis
1523 1858 1624 1883 arenae,

985 1898 1137 1920 Mensorem
1148 1894 1288 1924 cohibent,
1299 1893 1468 1925 Archyta—:

894 1957 914 1987 i.
930 1967 956 1987 e.
972 1956 1025 1997 qui
1040 1954 1249 1997 quantitatem
1263 1954 1403 1985 materiae
1417 1954 1451 1983 in
1463 1951 1627 1983 immensis

895 2007 1076 2047 corporibus
1092 2007 1170 2045 istis,
1194 2005 1276 2037 terra
1290 2006 1412 2046 utique,
1433 2012 1464 2035 et
1479 2004 1571 2040 mari,
1595 2009 1626 2033 et

895 2069 1062 2089 arenarum
1091 2058 1248 2098 congerie,
1279 2067 1317 2087 ex
1346 2056 1426 2087 datis
1455 2054 1624 2095 particulis,

895 2110 945 2142 vel
959 2109 1127 2147 mensuris,
1143 2109 1311 2151 globorum
1322 2119 1397 2139 cum
1412 2108 1492 2138 datis
1507 2108 1624 2138 diame-

894 2163 960 2201 tris,
990 2161 1148 2192 declarare
1169 2161 1279 2202 potuit.
1328 2161 1379 2191 Sic
1408 2170 1498 2189 mens
1526 2159 1625 2197 po'etae

894 2213 1075 2254 accipienda
1090 2219 1144 2244 est.

936 2266 1013 2297 Ver.
1032 2267 1105 2297 591.
1127 2269 1286 2295 renovent:
1325 2267 1360 2292 Δ.
1388 2267 1539 2292 removent
1543 2275 1554 2296 ;
1584 2266 1624 2290 Π.

894 2323 1031 2349 removet.

940 2370 1013 2400 Ver.
1043 2370 1117 2400 592.
1154 2368 1216 2398 sola
1246 2372 1346 2397 terroe.
1392 2363 1509 2395 Paullo
1538 2362 1627 2393 aliter

895 2422 1035 2463 phrasim
1046 2419 1188 2451 tractavit
1200 2419 1408 2453 Mantuanus,
1421 2416 1498 2447 AEn.
1512 2425 1541 2445 x.
1556 2419 1627 2446 102.

958 2493 991 2516 Et
1001 2489 1164 2516 tremefacta
1173 2488 1222 2513 solo
1233 2488 1315 2512 tellus.

941 2549 1014 2580 Ver.
1031 2551 1103 2581 593.
1128 2546 1278 2583 Eximiis;
1304 2545 1344 2575 V.
1360 2544 1408 2575 ed.
1431 2544 1471 2574 O.
1489 2547 1523 2574 Σ.
1548 2542 1627 2572 Exi-

897 2604 970 2638 mis‚·
996 2607 1042 2632 Ω.
1066 2601 1117 2631 Ex
1133 2602 1220 2635 z'mz's,·
1245 2597 1366 2627 minore
1389 2605 1463 2625 cum
1478 2592 1626 2632 simplici-

897 2658 973 2682 tate:
993 2651 1064 2682 vide
1075 2661 1160 2686 mox,
1172 2660 1243 2691 quae
1254 2648 1294 2678 ad
1309 2657 1370 2677 ver.
1384 2650 1458 2677 607.
1474 2644 1627 2675 dicentur.

942 2703 1023 2734 Ibid.
1035 2703 1124 2743 furit
1139 2702 1270 2741 ignibus.
1305 2699 1409 2733 Maro,
1420 2706 1489 2737 geo.
1504 2695 1549 2726 iii.
1561 2699 1612 2727 99.

915 2779 954 2802 Ut
965 2777 1103 2809 quondam
1112 2777 1138 2800 'm
1150 2774 1252 2807 stipulis
1263 2779 1377 2805 magnus
1384 2771 1441 2797 sine
1453 2770 1552 2796 viribus
1562 2769 1636 2802 ignis*

915 2820 1051 2842 Incassum
1054 2816 1168 2848 sterit—.

901 2884 1053 2916 Aurelius
1081 2883 1189 2922 victor,
1220 2882 1306 2921 epist.
1335 2891 1365 2912 x.
1397 2884 1448 2911 12.
1478 2883 1500 2898 ‘⁶
1517 2877 1628 2918 Hujus

901 2941 1078 2977 “tempore
1100 2947 1191 2968 mons
1213 2934 1370 2966 Vesuvius
1393 2933 1427 2964 in
1453 2927 1628 2971 Campania
