1894 3253
167 282 229 320 42

309 404 448 447 Omne
467 419 596 462 genus
616 403 729 444 nasci
747 410 901 458 posset:

667 273 726 320 T.
775 269 1156 319 LUCRETII

933 401 1038 442 nihil
1057 402 1212 443 semine
1231 411 1383 460 egeret.

311 479 349 521 E
369 494 482 520 mare
501 478 683 533 primum
703 477 909 527 homines,
931 492 955 518 e
974 475 1082 518 terra
1103 485 1240 532 posset
1260 477 1359 518 oriri

292 538 629 609 ‘Squamigerum
648 568 794 610 genus,
817 560 858 593 et
877 552 1077 593 volucres:
1110 567 1325 607 erumpere
1345 551 1450 593 coelo

315 627 532 677 Armenta3
565 637 688 684 atque
707 627 797 669 ah'ae
817 625 1010 681 pecudes,
1032 640 1162 682 genus
1184 641 1322 678 omne,
1344 626 1539 676 ferarum,

200 706 278 742 165
312 701 477 743 Incerto
496 710 630 757 partu,
655 701 764 743 culta
783 716 831 743 ac
851 699 1012 742 deserta
1032 708 1238 742 tenerent:

312 776 401 817 Nec
420 776 576 818 fructus
594 776 720 818 iidem
740 775 956 818 arboribus
988 783 1177 817 constare
1193 775 1384 826 solerent,

314 850 398 892 Sed
418 859 695 901 mutarentur3
728 851 834 892 ferre
855 864 998 890 omnes
1020 851 1160 891 onmia
1174 858 1352 905 possent.

314 923 498 980 Quippe,
520 925 592 966 ubi
612 941 699 967 non
721 932 853 966 essent
873 924 1068 980 genitalia
1087 938 1263 979 corpora
1278 924 1472 980 quoique,

168 1079 380 1119 disperditam,
403 1081 499 1112 nitori
522 1092 579 1111 suo
605 1088 699 1122 atque
714 1080 830 1119 ordini,
852 1090 901 1110 ra-

168 1132 308 1162 tionibus
344 1131 541 1163 validissimis
577 1133 662 1172 fulti,
700 1134 903 1164 restituimus.

171 1183 222 1214 Sic
238 1184 365 1215 exhibet
379 1184 474 1216 editio
490 1186 718 1225 Havercampi:

201 1251 221 1274 E
232 1258 306 1275 mare
318 1251 437 1282 primum
449 1253 582 1283 homines,
594 1260 609 1278 e
621 1253 692 1278 terra
704 1256 791 1285 posset
803 1253 865 1277 oriri

201 1290 408 1322 squamigerum
434 1298 528 1323 genus,
548 1296 575 1317 et
598 1293 734 1323 volucres3
762 1299 905 1324 erumpere

294 1330 366 1355 coelo

202 1371 343 1400 Armenta,
355 1374 438 1402 atque
447 1371 507 1397 aliae
519 1373 650 1404 pecudes:
669 1378 753 1404 genus
765 1379 848 1397 omne
863 1371 903 1397 fe-

294 1417 427 1435 rarum—.

215 1467 298 1498 Ibid.
309 1480 466 1509 erumpere
477 1471 559 1500 coelo.
585 1468 637 1500 Sic
648 1468 788 1500 absolute
799 1469 904 1507 Maro,

169 1528 244 1559 geo.
260 1520 301 1550 iv.
316 1521 367 1550 78.

188 1587 267 1618 Ergo,
279 1587 325 1611 ubi
333 1593 380 1612 ver
392 1590 481 1613 nactae
493 1589 591 1612 sudum
603 1594 767 1620 camposque
779 1587 906 1620 patentis,

190 1635 334 1667 Erumpunt
346 1636 438 1667 portis.

176 1700 271 1731 Silius
287 1701 383 1732 etiam
399 1702 542 1740 Italicus,
555 1702 607 1733 xii.
620 1705 692 1734 459.

464 1770 582 1802 angustis
593 1777 608 1795 e
620 1770 742 1794 faucibus
752 1775 847 1801 aequor

238 1816 356 1848 Erumpit
367 1817 490 1849 scopulos
502 1817 571 1842 inter
582 1825 588 1841 :

175 1877 207 1901 et
222 1882 329 1902 rursus
343 1873 394 1904 vii.
409 1877 484 1905 555.
507 1875 561 1915 qui
573 1885 680 1905 versus
692 1874 822 1905 meliore
837 1879 912 1905 sunt

177 1922 377 1954 distinctione
393 1925 569 1956 excolendi:

345 1991 474 2022 gliscente
484 1991 567 2020 malo,
578 1994 605 2016 et
617 1990 799 2021 quassantibus
810 1996 885 2022 aegra

209 2030 346 2055 Armentis
357 2031 444 2062 capita
453 2031 566 2061 adjutae‚
578 2032 751 2062 pinguescere
763 2031 885 2055 flamma:

208 2070 334 2100 Carpere,
347 2072 384 2099 et,
396 2069 505 2094 vincens
515 2069 616 2099 fumoe,
628 2077 771 2102 erumpere
781 2075 896 2095 vertex:

179 2129 201 2144 “
219 2125 355 2156 flammae
370 2126 480 2166 utique
495 2126 612 2166 adjutae
635 2133 729 2167 atque
751 2126 910 2157 ventilatae

181 2182 201 2194 ‘⁶
215 2177 377 2214 armentis,
404 2177 506 2217 capita
529 2188 586 2208 sua
602 2178 742 2218 undique
762 2178 909 2218 jactanti-

181 2232 200 2244 “
215 2229 301 2258 bus.'’
348 2228 502 2259 conferas
528 2229 667 2259 eundem
689 2229 730 2260 ad
756 2230 841 2260 Pun.
866 2230 909 2260 iX.

180 2283 254 2311 614.
299 2280 341 2310 In
355 2280 395 2310 iis
412 2287 519 2311 autem
534 2281 619 2317 locis,
644 2287 680 2312 ut
694 2281 729 2311 in
748 2281 910 2320 Lucretio,

180 2337 290 2361 contra
299 2331 535 2362 usitatissimam
550 2332 624 2363 Cari
636 2333 911 2371 consuetudinem,

181 2388 213 2412 et
237 2382 433 2414 voluntatem
464 2383 659 2422 Gratiarum,
684 2394 859 2423 pronomen
883 2396 913 2416 se

182 2434 398 2465 infelicissime
412 2435 481 2466 vult
495 2435 642 2466 infercire
656 2436 818 2467 Heinsius.
855 2437 915 2466 Vi-

184 2485 258 2516 deas
274 2487 440 2528 utrobique
456 2487 763 2518 Drakenborchium.
810 2488 915 2519 Amo-

183 2538 263 2575 bius,
279 2539 449 2570 fidissimus
463 2540 603 2571 Lucretii
630 2540 781 2578 imitator,
807 2540 861 2571 lib.
887 2541 919 2571 ii.

185 2599 215 2628 p.
227 2594 283 2626 51.
328 2595 349 2609 ‘⁶
373 2592 461 2628 Quid
483 2592 517 2622 in
533 2592 669 2623 Politico
691 2592 778 2623 idem
800 2592 918 2625 Plato?

186 2643 208 2658 “
225 2641 495 2675 Nonne—rursus
516 2652 675 2685 erupturos
702 2645 846 2676 homines
861 2645 918 2676 tel-

187 2697 208 2710 “
223 2692 300 2723 luris
321 2705 338 2724 e
361 2696 481 2735 gremio
504 2696 651 2730 scribit?'’
678 2697 730 2727 Ita
754 2697 918 2735 Manilius,

186 2743 228 2774 iv.
247 2746 321 2775 587.

355 2812 486 2838 Totidem
498 2815 573 2840 venti
583 2816 617 2841 de
627 2817 745 2848 partibus
755 2817 848 2842 iisdem

219 2860 372 2891 Erumpunt.

233 2916 311 2947 Ver.
339 2921 408 2949 164.
440 2920 513 2950 aliae
541 2923 673 2961 pecudes
689 2923 834 2963 firarum
857 2924 919 2955 for-

945 1078 1033 1109 mula
1049 1085 1095 1110 est
1109 1078 1258 1109 orationis
1268 1078 1478 1115 Lucretianae,
1489 1078 1562 1108 satis
1571 1088 1680 1117 super-

947 1143 1008 1172 que
1023 1132 1113 1163 nobis
1129 1132 1169 1163 ad
1185 1143 1246 1162 ver.
1263 1135 1336 1163 475.
1352 1137 1383 1162 et
1397 1131 1482 1162 locos
1497 1131 1538 1162 ibi
1554 1137 1681 1162 notatos

948 1183 1120 1220 illustratae,
1136 1194 1193 1223 pro
1198 1186 1341 1223 pecudes,
1351 1183 1400 1214 vel
1411 1194 1532 1223 greges,
1544 1185 1681 1214 aliarum

938 1234 1098 1275 ferarum,
1125 1241 1190 1264 tam
1213 1235 1340 1265 mitium
1356 1241 1388 1265 et
1402 1235 1506 1265 herbis
1529 1235 1682 1265 vescenti-

949 1296 1016 1322 um,
1033 1296 1129 1326 quam
1146 1286 1299 1316 ferocium
1314 1293 1408 1326 atque
1430 1286 1682 1324 carnivorarum;

946 1335 1016 1366 vide
1040 1347 1134 1377 supra
1162 1347 1223 1368 ver.
1250 1341 1300 1367 14.
1345 1338 1390 1368 Et
1417 1338 1556 1376 phraeim
1583 1349 1681 1377 genus

947 1399 1034 1418 omne
1057 1388 1224 1418 Lucretius
1254 1388 1397 1418 similiter
1421 1389 1564 1419 adhibuit
1586 1388 1627 1419 ad
1641 1389 1681 1419 iv.

950 1442 1021 1471 759.

965 1508 1043 1531 Omne
1051 1514 1131 1539 genus
1144 1507 1272 1538 quoniam
1284 1507 1381 1538 passim
1391 1506 1528 1531 simulacra
1539 1506 1682 1532 feruntur:

950 1571 1004 1600 ubi
1021 1570 1125 1601 videas
1140 1581 1209 1611 quae
1222 1571 1366 1606 dixerim,
1383 1576 1414 1600 et
1426 1570 1456 1601 ii.
1470 1574 1538 1602 194.
1549 1570 1596 1601 iii.
1613 1574 1686 1601 222.

952 1625 1024 1653 267.
1041 1632 1067 1652 v.
1084 1626 1159 1653 607.
1178 1623 1262 1652 locos
1279 1621 1431 1662 gemellos
1446 1622 1598 1652 conferas.

1000 1674 1076 1705 Ver.
1095 1677 1164 1705 165.
1185 1681 1330 1705 tenerent.
1374 1673 1426 1705 Ita
1454 1673 1493 1703 G.
1511 1673 1547 1703 P.
1571 1673 1612 1703 V.
1635 1672 1686 1703 ed.

957 1726 996 1758 B.
1013 1726 1049 1756 L.
1067 1726 1115 1757 M.
1133 1732 1169 1756 Δ.
1186 1733 1226 1757 Π,
1243 1731 1279 1757 Σ.
1304 1732 1348 1756 Ω.
1372 1724 1540 1763 Nonnulli,
1564 1730 1688 1761 teneret,

954 1784 1062 1808 contra
1077 1778 1294 1808 auctoritatem
1309 1777 1472 1808 librorum.

999 1829 1079 1859 Ibid.
1097 1831 1212 1859 incerto
1231 1836 1328 1869 partu
1340 1843 1349 1858 :
1368 1828 1387 1858 i.
1404 1838 1430 1858 e.
1447 1832 1468 1846 “
1484 1827 1618 1867 pecudes
1627 1826 1688 1857 mi-

956 1883 977 1898 “
994 1880 1088 1909 tiores
1103 1890 1141 1909 ex
1157 1879 1231 1909 feris
1246 1885 1460 1917 nascerentur,
1485 1879 1553 1909 loca
1568 1879 1691 1909 deserta

958 1938 977 1950 “
993 1932 1241 1970 celebrantibu55
1280 1938 1311 1962 et
1332 1931 1470 1962 vicissim
1493 1931 1566 1961 ferae
1589 1932 1693 1962 bubus

955 1987 977 2002 “
994 1990 1025 2013 et
1046 1984 1167 2021 ovibus,
1205 1983 1289 2013 culta
1312 1994 1429 2022 pascua
1455 1984 1635 2013 tenentibus
1660 1990 1693 2013 et

955 2039 978 2053 “
994 2035 1161 2065 homiuum
1171 2035 1349 2064 amantibus
1359 2035 1551 2072 societatem,
1561 2035 1690 2075 progig-

955 2090 977 2105 “
994 2087 1173 2130 nerentur.”
1221 2086 1372 2116 Auctoris
1395 2097 1488 2125 scopo
1504 2086 1585 2116 nihil
1600 2097 1690 2125 aper-

953 2139 1028 2175 tius,
1045 2144 1075 2167 et
1090 2139 1258 2167 verborum
1274 2138 1394 2167 ratione
1417 2138 1497 2167 nihil
1514 2138 1670 2168 evolutius
1679 2149 1690 2176 ;

954 2196 991 2220 ut
1002 2189 1120 2219 mirum
1130 2189 1172 2219 sit
1184 2189 1443 2227 Havercampum
1453 2199 1488 2218 ac
1503 2188 1692 2229 Preigerum

955 2241 994 2272 de
1004 2247 1110 2281 pastu,
1133 2240 1202 2270 loco
1219 2247 1328 2280 partu,
1354 2239 1554 2280 cogitavisse;
1578 2240 1622 2270 sic
1645 2246 1692 2270 to-

957 2299 1023 2324 tam
1056 2292 1280 2332 proprietatem
1317 2292 1495 2333 argumenti
1533 2292 1692 2331 perditum

957 2351 1076 2376 euntes.

1003 2396 1076 2427 Ver.
1096 2400 1167 2428 166.
1192 2396 1398 2437 *Yecfmcctus
1414 2398 1510 2426 iidem
1526 2396 1694 2426 arboribus.

959 2449 1170 2487 Mantuanus,
1187 2459 1254 2489 geo.
1270 2448 1301 2478 ii.
1317 2452 1367 2480 89.
1379 2449 1531 2478 horumce
1546 2457 1694 2477 versuum

962 2500 1048 2531 haud
1062 2511 1187 2540 prorsus
1201 2500 1383 2530 immemor:

978 2571 1034 2593 Non
1046 2567 1131 2592 eadem
1143 2567 1270 2592 arboribus
1282 2568 1382 2599 pendet
1394 2567 1530 2592 vindemia
1540 2567 1675 2592 nostris—-

1006 2632 1089 2662 Ibid.
1113 2638 1266 2662 constare:
1295 2631 1315 2662 i.
1332 2643 1358 2662 e.
1381 2631 1490 2662 ordine
1515 2640 1580 2660 uno
1601 2635 1694 2669 atque

964 2683 1189 2723 imperturbato
1212 2689 1301 2713 stare.
1348 2681 1514 2722 Virgilius,
1545 2680 1619 2710 AEn.
1645 2679 1693 2711 iii.

964 2739 1037 2766 518.

1112 2805 1211 2827 cuncta
1221 2802 1295 2826 videt
1307 2800 1377 2825 coelo
1388 2802 1499 2823 constare
1510 2804 1619 2824 sereno:

966 2862 985 2892 i.
1002 2872 1027 2892 e.
1043 2859 1167 2901 propria
1182 2860 1215 2889 in
1230 2856 1369 2898 positura
1382 2855 1550 2897 tranquille
1565 2861 1655 2885 stare.

1011 2923 1084 2954 Ver.
1115 2925 1185 2954 167.
1203 2921 1292 2964 serre
1316 2930 1416 2952 omnes
1441 2920 1544 2950 onmia
1563 2922 1695 2959 possent.
