1894 3253
535 251 770 300 LIBER
819 251 1236 302 SECUNDUS.

165 387 245 426 575
280 385 404 426 Nunc
424 384 530 435 heic,
554 400 664 427 nunc
685 385 778 435 illic,
802 394 996 440 superant
1016 386 1152 428 vitalia
1173 401 1330 438 rerum3

277 460 333 501 Et
354 469 600 515 superantur
620 461 733 502 item:
765 461 960 501 miscetur
981 460 1123 502 funere
1142 477 1285 518 vagor,

275 534 413 584 Quem
434 536 574 590 puerei
595 535 758 584 tollunt,
781 535 955 575 visentes
976 534 1141 574 luminis
1161 550 1270 575 oras:

274 609 363 650 Nec
385 623 469 649 nox
491 609 570 650 ulla
591 609 716 658 diem,
739 623 874 663 neque
894 615 1059 648 noctem
1080 623 1245 659 aurora,
1269 619 1438 666 sequuta
1457 621 1531 663 est,

272 682 381 732 Quae
402 698 487 724 non
509 683 700 732 audierit,
723 683 875 723 mixtos
895 682 1115 740 vagitibus,
1140 698 1275 740 aegros

153 762 233 798 580
285 757 489 807 Ploratus,
519 757 671 798 Mortis
692 758 875 808 comites,
899 765 939 798 et
962 757 1135 799 Funeris
1155 759 1246 800 atri.

323 831 431 872 Illud
450 832 494 871 in
515 831 592 872 hiis
613 831 877 889 obsignatum
898 847 1062 887 quoque
1082 832 1203 874 rebus
1224 833 1376 876 habere

269 906 490 957 Convenit,
514 914 555 947 et
575 907 749 947 memori
770 906 1014 948 mandatum
1034 915 1173 949 mente
1194 916 1352 959 tenere;

266 980 384 1022 Nihil
404 995 503 1031 esse,
526 981 569 1021 in
590 989 789 1036 promptu
811 996 989 1038 quorum
1010 989 1161 1024 natura
1179 982 1358 1034 videtur,

122 1139 217 1169 vitam
231 1139 409 1171 referentes.
435 1140 495 1171 Sed
511 1140 678 1172 audiamus
695 1141 851 1177 Servium,

118 1192 172 1230 qui
188 1192 266 1222 mihi
281 1192 382 1222 otium
398 1192 663 1232 interpretationis
677 1193 852 1223 solicitioris

118 1243 199 1274 fecit.
246 1247 268 1262 ‘⁶
284 1246 324 1275 In
347 1246 453 1275 limine
468 1247 581 1285 primo.
629 1245 713 1281 Quia
733 1245 771 1275 de
786 1245 850 1284 pri-

119 1299 142 1313 “
159 1295 212 1325 ma
227 1296 258 1325 hi
282 1296 420 1335 subrepti
442 1303 516 1326 sunt
530 1296 626 1327 vita.’'
674 1297 766 1326 Idem
780 1307 849 1326 rur-

116 1357 181 1376 sus:
220 1352 239 1365 “
255 1349 406 1378 Emortes.
451 1348 619 1386 Expertes;
643 1359 722 1388 quos
746 1348 850 1379 Graeci

116 1400 139 1415 “
155 1405 284 1440 ακληρες
300 1398 449 1430 dicunt:'’
474 1400 533 1436 vel,
556 1405 593 1430 ut
607 1400 711 1431 officio
732 1402 849 1441 proprii

116 1449 293 1489 interpretis
308 1450 374 1489 ipse
391 1450 545 1491 Virgilius
560 1451 725 1491 fungatur,
749 1455 847 1483 omni-

115 1511 167 1532 um
183 1513 300 1541 egenos,
323 1502 398 1532 AEn.
413 1503 434 1532 i.
452 1506 524 1534 599.
547 1503 660 1543 quibus
675 1503 786 1544 utique
802 1505 847 1534 vi-

115 1551 228 1582 talium
248 1552 439 1592 gaudiorum
465 1559 559 1594 atque
585 1555 847 1585 commoditatum

114 1604 204 1634 nulla
226 1605 393 1644 perfruitio
418 1605 599 1646 contigerat.
645 1607 719 1637 Hac
741 1614 848 1639 autem

113 1655 152 1686 de
167 1662 233 1686 toto
248 1656 316 1687 loco
328 1656 398 1687 crisi
413 1657 492 1686 nihil
507 1657 710 1697 inculpatius:
737 1665 768 1689 et
782 1659 843 1689 mi-

111 1708 187 1739 reris
201 1708 372 1745 neminem,
385 1709 434 1739 vel
448 1720 486 1740 ex
504 1710 611 1740 Servio
622 1717 842 1750 praemonstra*

113 1767 190 1798 tore,
213 1767 331 1791 rectam
347 1761 428 1791 viam
443 1761 577 1792 inivisse.
622 1762 759 1792 Homeri
774 1773 841 1793 ver-

112 1812 240 1850 siculus,
264 1813 319 1843 sed
341 1813 375 1842 in
397 1823 492 1843 sensu
514 1813 662 1852 primario
684 1814 781 1852 vocis,
804 1815 844 1845 ad

113 1864 310 1904 grammatici
339 1864 429 1895 istius
459 1865 699 1904 explicationem
723 1867 842 1906 aptissi-

112 1927 165 1947 me
180 1916 322 1958 quadrat,
338 1927 376 1948 ex
394 1917 455 1948 Od.
471 1924 503 1948 A.
521 1922 595 1949 489.

164 1989 238 2024 Ανδρι
251 1989 314 2025 παρ’
324 1995 437 2025 ακλκρῳ,
457 1990 477 2025 ᾦ
492 2000 531 2024 μη
543 1992 624 2022 fidon-og
634 1996 710 2020 πολυς
722 2002 762 2021 ειη.

110 2057 209 2097 ErgO,
227 2060 250 2076 “
267 2057 381 2094 infans,
398 2068 507 2098 expers
516 2058 674 2097 omnium,
689 2059 760 2089 vitae
772 2061 840 2091 bre-

110 2113 132 2128 “
148 2110 325 2141 vissimus.’‘
370 2111 434 2141 Adi
449 2111 500 2149 sis,
513 2121 584 2151 quae
598 2111 690 2150 plura
704 2113 840 2142 eontuli-

111 2171 194 2200 mus,
211 2163 272 2193 huc
287 2163 469 2202 spectantia,
486 2163 527 2193 ad
543 2163 585 2194 iii.
602 2167 674 2194 681.
711 2164 839 2205 Virgilii

109 2213 216 2244 locum
232 2214 381 2245 Lucanus
407 2215 573 2245 aemulatus
587 2221 644 2254 est,
670 2216 711 2246 ad
729 2216 839 2247 Phars.

110 2263 141 2294 ii.
169 2268 239 2295 106.
270 2265 324 2295 ubi
349 2266 494 2297 consulas
521 2266 616 2297 velim
646 2267 840 2299 doctissimos

112 2314 252 2346 editores.

155 2365 228 2396 Ver.
258 2368 331 2398 577.
366 2369 476 2402 Quem:
512 2373 548 2400 Δ.
578 2372 833 2405 Qum—tollunt.-

113 2423 156 2447 Ω.
172 2418 478 2450 tollant.—visentes.·
503 2426 541 2450 Δ.
557 2423 679 2453 visentis
683 2438 695 2459 ;
721 2429 761 2453 Π.
776 2425 836 2454 vis-

108 2475 214 2499 centes.

151 2520 233 2551 Ibid.
253 2524 379 2561 puerei:
408 2523 428 2553 i.
444 2533 470 2554 e.
495 2524 689 2564 generaliter,
715 2526 836 2557 soboles

107 2572 155 2603 vel
174 2572 283 2611 παιδες,
308 2580 344 2604 ut
362 2574 478 2605 Graeci:
508 2576 577 2606 vide
600 2576 643 2606 sis
658 2577 834 2617 Donatum,

108 2624 148 2655 ad
163 2625 289 2656 Terent.
307 2625 390 2657 And.
407 2626 439 2657 ii.
459 2630 489 2658 5.
505 2631 556 2659 26.

149 2678 224 2708 Ver.
249 2682 319 2710 578.
343 2680 425 2709 ulla:
459 2685 496 2710 Δ.
520 2681 759 2712 illm—aurora:
787 2682 834 2713 M.

107 2739 195 2760 aura.

151 2779 232 2812 Ibid.
254 2793 312 2812 nox
327 2784 417 2819 diem,
434 2790 549 2814 noctem
565 2795 690 2820 aurora,
710 2791 835 2825 sequuta

110 2837 162 2862 est.
207 2833 374 2874 Horatius,
389 2835 478 2874 epod.
494 2835 565 2866 xvii.
583 2838 634 2867 25.

202 2899 308 2931 Urguet
319 2901 385 2926 diem
397 2909 461 2934 nox,
474 2905 501 2928 et
513 2902 566 2927 dies
575 2905 713 2927 noctem.—

148 2961 222 2991 Ver.
249 2965 320 2995 579.
348 2967 440 3000 Quae:
477 2966 518 2997 V.
555 2966 602 2997 ed.
636 2966 837 3002 Quare.—Et

151 3019 239 3050 Vol.
267 3021 293 3051 I.

896 1140 992 1171 semel
1021 1151 1117 1171 ausus
1146 1151 1217 1171 sum
1247 1151 1285 1172 ex
1314 1141 1445 1183 ingenio
1476 1152 1627 1182 reponere

894 1205 1002 1233 (egros,
1028 1194 1062 1225 iu
1078 1194 1184 1224 locum
1201 1206 1239 1225 τε
1252 1197 1354 1234 aegrz's,
1382 1205 1493 1225 omnes
1518 1195 1627 1235 libros,

894 1250 926 1273 et
940 1244 1107 1282 impressos
1122 1250 1154 1274 et
1168 1254 1266 1274 manu
1278 1245 1418 1284 scriptos,
1435 1248 1630 1285 occupantis;

894 1294 947 1324 sed
962 1294 1217 1325 manifestissimo
1239 1305 1333 1335 scopo
1348 1296 1504 1335 scriptoris
1523 1297 1556 1328 id
1572 1308 1625 1328 ex-

893 1350 1051 1385 poscente,
1075 1356 1189 1387 neque,
1220 1347 1267 1377 uti
1283 1357 1417 1386 sperem,
1443 1358 1517 1378 cum
1533 1349 1626 1379 venia⁴

892 1401 1114 1432 tantummodo
1147 1402 1344 1433 eruditorum
1380 1403 1536 1441 omnium,
1571 1404 1626 1436 sed

892 1452 1116 1490 approbatione
1138 1453 1244 1490 etiam,
1279 1464 1314 1484 ac
1336 1454 1506 1493 plausibus.
1552 1456 1625 1486 Sole

892 1503 1068 1533 meridiano
1083 1504 1196 1535 clarius
1221 1511 1279 1542 est,
1302 1505 1442 1544 ploratus
1456 1517 1624 1547 aegrorum,

892 1561 922 1584 et
938 1555 1055 1584 morbis
1070 1556 1356 1594 succumbentium,
1370 1562 1440 1596 post
1448 1557 1624 1598 longiorem

891 1617 1021 1636 usuram
1044 1607 1126 1644 vitae,
1149 1608 1265 1647 opponi
1287 1608 1443 1649 vagitibus
1465 1609 1561 1640 modo
1584 1609 1622 1640 li-

888 1669 963 1689 men
979 1659 1056 1689 lucis
1072 1659 1284 1691 invisentium.

932 1719 1006 1749 Ver.
1030 1723 1102 1750 580,
1125 1722 1205 1750 atri:
1240 1720 1283 1751 O.
1307 1723 1393 1758 acri5
1417 1724 1454 1751 Δ.
1478 1726 1513 1753 Σ.
1536 1724 1617 1758 acti,-

888 1769 980 1800 male.
1025 1770 1191 1811 Virgilius,
1208 1781 1315 1811 supra:

925 1856 1041 1881 Abstulit
1052 1860 1111 1881 atra
1123 1857 1188 1887 dies,
1200 1860 1228 1882 et
1236 1857 1334 1888 sunere
1345 1858 1437 1884 mersit
1448 1859 1554 1884 acerbo.

929 1932 1004 1962 Ver.
1035 1935 1108 1962 581.
1134 1934 1345 1973 obsignatum:
1382 1934 1402 1964 i.
1429 1944 1455 1964 e.
1486 1933 1620 1964 fideliter

885 1983 1083 2014 reconditum
1094 1990 1125 2014 et
1140 1990 1332 2015 asservatum
1347 1991 1465 2015 mente:
1489 1996 1564 2015 nam
1579 1985 1618 2016 iis

885 2036 988 2072 rebus,
1011 2045 1088 2075 quas
1102 2036 1141 2065 ab
1156 2035 1345 2074 importunis
1359 2046 1520 2066 servorum
1534 2036 1617 2077 digi-

885 2088 924 2117 tis
938 2088 1083 2119 volebant
1097 2088 1267 2127 vindicare,
1290 2089 1432 2130 sigillum
1454 2088 1615 2128 imprime-

884 2140 967 2170 bant.
1014 2139 1151 2179 Tullius,
1170 2140 1210 2170 de
1225 2146 1302 2170 orat.
1321 2140 1354 2171 ii.
1369 2143 1491 2171 61.—-“
1510 2140 1617 2170 furace

885 2194 907 2209 “
923 2202 1010 2222 servo
1018 2192 1126 2229 ;-—cui
1144 2192 1231 2223 domi
1246 2192 1326 2223 nihil
1343 2192 1383 2223 sit
1397 2202 1455 2222 nec
1475 2193 1615 2231 obsigna-

884 2245 907 2260 “
922 2249 1000 2281 tum,
1028 2253 1085 2273 nec
1110 2243 1305 2274 occlusum.²'
1353 2243 1415 2273 Sed
1442 2253 1489 2272 res
1511 2248 1557 2272 est
1582 2242 1615 2272 in

883 2295 1054 2325 notissimis
1079 2296 1176 2326 etiam
1205 2306 1243 2326 ex
1268 2296 1406 2326 Horatio
1432 2295 1615 2335 Persioque.

882 2346 945 2376 Vel
961 2346 1001 2376 ad
1015 2348 1167 2386 epistolas,
1191 2346 1302 2387 sigillis
1321 2347 1501 2383 custoditas,
1526 2356 1566 2376 ne
1580 2347 1615 2375 in

880 2397 943 2428 illis
969 2398 1084 2437 scripta.
1112 2398 1363 2439 divulgarentur,
1393 2399 1479 2429 haud
1509 2398 1615 2434 minus

879 2450 1044 2480 commode
1059 2450 1166 2481 referri
1182 2451 1297 2491 poterit
1311 2452 1504 2490 metaphora.
1545 2449 1612 2479 Sal-

879 2508 944 2532 tem
960 2503 1096 2533 Arnobii
1119 2502 1236 2548 locum,
1260 2503 1363 2544 quiin
1386 2502 1438 2533 lib.
1455 2502 1488 2532 ii.
1513 2512 1544 2540 p.
1562 2503 1613 2532 45.

878 2553 1002 2594 legitur,
1033 2555 1297 2594 opportunissima
1334 2565 1408 2585 cum
1437 2553 1614 2584 eruditione

879 2605 1054 2636 Lambinus
1069 2606 1241 2637 advocaxit:
1270 2609 1293 2623 “
1310 2605 1417 2642 Unde,
1433 2614 1548 2645 quaeso,
1568 2610 1614 2634 est

881 2659 903 2674 “
918 2657 1005 2687 vobis
1041 2663 1167 2687 tantum
1196 2656 1358 2695 sapientiae
1397 2654 1613 2686 traditum?—

881 2711 902 2727 “
919 2708 993 2749 quia
1013 2709 1180 2739 Fornicem
1195 2708 1410 2745 Lucilianum,
1433 2713 1464 2737 et
1487 2707 1611 2747 Marsy-

881 2763 903 2777 “
918 2769 971 2789 am
1009 2759 1188 2798 Pomponii,
1225 2760 1416 2798 obsignatum
1453 2756 1610 2794 memorid,

880 2813 903 2829 “
919 2809 1104 2840 continetis?
1110 2809 1128 2821 ”

924 2864 1000 2893 Ver.
1029 2866 1102 2894 585.
1127 2865 1263 2894 videtur:
1291 2863 1325 2892 in
1351 2863 1442 2904 cujus
1466 2862 1611 2893 dictionis

879 2914 949 2945 loco
963 2915 1148 2954 posteriores
1174 2915 1326 2945 editiones
1340 2915 1457 2945 habent
1478 2920 1609 2950 tenetur,

880 2965 1108 2998 odiosissimam
1136 2977 1191 3006 per
1219 2966 1452 3006 repetitionem3
1480 2970 1519 2999 et,
1547 2972 1609 3004 quo

846 3027 879 3057 ‘U
