1894 3253
600 244 835 294 LIBER
884 243 1192 295 PRIMUS.

1593 251 1655 292 25

209 381 264 418 90
294 375 351 418 Et
370 385 564 420 moestum
584 378 704 420 simul
724 386 819 421 ante
839 394 929 420 aras
949 379 1112 421 adstare
1131 384 1346 434 parentem

297 452 448 503 Sensit,
471 461 511 494 et
531 453 644 495 hunc
664 462 834 509 propter
855 453 1008 495 ferrum
1029 454 1204 495 celerare
1224 452 1448 504 ministros,

292 527 585 582 Adspectuque
604 542 678 568 suo
698 527 898 568 lacrumas
919 528 1138 569 ecfundere
1157 528 1300 578 civeis;

153 666 314 697 Homereo
335 667 477 706 leporum
502 666 588 697 fonte
610 666 778 706 profluens,
803 673 873 706 post

145 719 340 750 venientium
362 719 507 749 omnium
536 719 699 759 poetarum
732 719 873 760 irrigavit

146 780 246 801 areas:
275 770 314 800 11.
332 776 363 800 E.
382 773 451 801 754.

182 833 326 858 HEIIAON
346 843 391 867 μεν
413 835 632 860 KATEXEYEN
653 833 718 861 ἕανον
729 844 822 870 παπ-ξος
834 833 869 860 zer'

260 881 319 912 εδει,

180 930 333 956 Ποικιλον-.

144 980 233 1011 Hinc
248 981 327 1011 mihi
349 982 494 1013 videntur
517 983 639 1014 Servius
665 990 695 1014 et
723 983 871 1024 Heynius

141 1032 248 1062 minus
267 1034 421 1072 politicam
445 1035 733 1074 interpretationem
751 1035 867 1075 impin-

141 1094 215 1125 gere
232 1084 378 1125 Virgilio,
394 1086 434 1116 ad
449 1086 503 1116 ecl.
519 1087 583 1116 viii.
601 1091 650 1117 64.

367 1145 434 1169 molli
445 1145 522 1177 cinge
533 1145 594 1169 haec
606 1145 696 1169 altaria
708 1145 781 1169 ‘vind
793 1153 801 1169 :

138 1193 159 1223 i.
183 1204 208 1224 e.
225 1193 479 1233 fluxa—pensili3
502 1195 645 1235 quamvis
660 1205 723 1224 non
743 1195 768 1224 is
783 1205 865 1232 sum,

138 1245 192 1285 qui
204 1243 382 1285 negaverim
392 1247 513 1276 laneam
524 1246 633 1276 fuisse:
654 1246 707 1276 sed
719 1247 865 1276 invenus-

137 1296 198 1326 tior
226 1302 272 1326 est
299 1298 365 1326 haee
388 1297 478 1335 ratio,
510 1297 711 1338 crassiorque.
759 1298 864 1336 Idem,

137 1347 214 1377 AEn.
234 1347 282 1377 vii.
297 1351 369 1378 488.

199 1406 314 1431 Mollibus
324 1407 450 1432 intexens
461 1409 572 1433 ornabat
584 1415 685 1433 cornua
695 1409 775 1433 syrtis.

137 1455 254 1486 Confer
285 1455 378 1486 Ovid.
409 1456 476 1487 fast.
506 1467 533 1487 v.
563 1460 635 1488 540.
693 1458 861 1495 Caeterum,

136 1507 282 1537 Schutzio
297 1508 481 1548 neutiquam
497 1519 609 1539 manus
631 1509 782 1547 dederim,
800 1511 862 1540 huc

133 1559 329 1599 obtorquenti
353 1570 476 1590 versum
492 1560 697 1600 AEschyleum
722 1561 753 1590 ir·
777 1562 860 1601 Aga-

133 1620 315 1649 memnone,
341 1611 395 1652 qui
421 1617 467 1641 est
481 1622 613 1642 numero
630 1616 690 1643 247
715 1623 779 1643 suae
795 1612 860 1643 edi-

132 1661 242 1699 tionis;
266 1672 364 1702 quum
379 1662 463 1692 vittae
478 1663 511 1693 in
527 1663 694 1701 sacrificiis,
708 1663 743 1692 ni
757 1663 859 1700 fallor,

131 1714 208 1744 albae
219 1713 345 1749 fuerint,
359 1724 423 1744 non
433 1726 517 1746 croco
529 1715 647 1745 tinctae:
667 1725 769 1755 neque
780 1715 859 1744 mihi

132 1774 196 1794 non
212 1764 416 1805 liquidissime
431 1772 550 1795 constat
566 1766 662 1795 istum
678 1766 783 1795 locum
799 1766 857 1795 cir-

131 1816 278 1846 cumferri
294 1816 505 1855 depravatum.

173 1868 248 1897 Ver.
266 1872 316 1899 90.
335 1869 394 1898 Et:
423 1874 462 1898 Π.
479 1874 520 1898 zet.
555 1868 593 1898 B.
618 1875 710 1906 stare,
726 1878 783 1907 pro
798 1871 854 1899 ad-

131 1926 220 1950 stare.

173 1969 254 2000 Ibid.
287 1977 358 2002 ante
379 1982 451 2002 uras
473 1973 603 2002 adstare.
656 1972 730 2002 Hoc
761 1971 856 2002 etiam

128 2022 270 2063 regimen
285 2033 379 2052 suum
394 2023 467 2052 fecit
491 2024 600 2063 magni
626 2023 767 2064 magistri
790 2033 854 2055 non

129 2073 232 2103 minor
247 2073 428 2112 discipulus,
443 2075 517 2104 AEn.
533 2074 579 2104 iii.
600 2077 668 2105 150.

352 2133 401 2157 visi
411 2137 468 2158 ante
479 2134 560 2158 oculos
567 2134 668 2159 adstare
676 2135 798 2165 jacentis.

167 2182 244 2213 Ver.
259 2187 308 2214 91.
318 2185 457 2214 celerare.
482 2184 577 2213 Hanc
586 2183 732 2214 editionis
745 2185 851 2214 Bono-

127 2233 242 2263 niensis
257 2233 435 2272 lectionem,
458 2234 553 2275 longe
567 2235 723 2276 longeque
746 2236 849 2276 signa-

125 2286 247 2321 tim-em,
263 2292 354 2326 atque
369 2286 430 2316 loci
445 2297 537 2326 scopo
552 2287 849 2324 convenientiorem,

125 2336 325 2375 cupidissime
340 2337 466 2375 arripio,
482 2338 697 2368 lubentissime
713 2339 849 2378 amplec-

124 2393 186 2417 tor:
213 2393 244 2417 et
267 2398 363 2427 quam
385 2389 470 2419 facili
484 2390 583 2428 lapsu,
607 2397 730 2430 propter
752 2392 847 2431 scrip-

124 2439 219 2469 tionis
232 2440 425 2479 brevitatem,
455 2442 489 2471 in
504 2443 709 2483 vulgatiorem
739 2445 846 2475 lectio-

125 2501 211 2529 nem,
227 2493 324 2522 celare
339 2492 465 2530 scilicet,
482 2499 588 2523 nostra
601 2494 762 2533 deflueret,
778 2496 848 2535 quis

123 2552 187 2572 non
210 2542 294 2572 videt
316 2543 431 2579 statim,
454 2549 486 2573 et
510 2546 669 2584 agnoscit?
696 2560 728 2576 τα
750 2548 847 2577 celare

124 2594 233 2634 utique
248 2594 348 2635 magis
363 2601 409 2624 est
431 2596 530 2634 po'e'tae
556 2598 732 2627 excusantis
755 2605 848 2639 atque

122 2647 319 2676 extenuantis
333 2647 442 2684 scelus,
460 2658 556 2688 quam
571 2650 718 2680 omnibus
728 2651 849 2691 ingenii

122 2698 249 2736 viribus,
265 2705 297 2728 et
312 2701 476 2730 verborum
491 2701 683 2731 amarissima
698 2703 846 2744 maligni-

120 2754 195 2787 tate,
224 2750 360 2790 graviter
382 2751 586 2782 incendentis.
633 2752 737 2788 Quid?
763 2755 847 2794 quod

120 2800 279 2838 probabile
293 2801 346 2832 fiat
357 2813 394 2832 ex
404 2803 455 2841 iis,
472 2814 542 2844 quae
558 2805 615 2833 sub
630 2813 690 2834 ver.
708 2807 756 2834 88.
773 2815 846 2836 con-

118 2850 261 2890 tulimus,
277 2854 417 2893 obnupto
432 2855 532 2894 capite
543 2855 660 2885 stetisse
674 2856 845 2896 Agamem-

120 2911 205 2931 nona
221 2903 344 2943 (confer
358 2905 468 2944 Eurip.
486 2906 555 2945 Iph.
575 2906 649 2936 Aul.
666 2907 772 2946 1550.)
789 2917 843 2937 ne-

121 2963 180 2993 que
195 2953 332 2987 cultrum
347 2956 450 2988 videre
464 2957 578 2998 quisse,
591 2958 686 2990 etiam
696 2959 722 2990 si
738 2959 845 2990 minus

917 667 990 697 huic
1020 667 1066 697 rei
1095 667 1231 697 ministri
1261 668 1479 707 providissent:
1521 667 1643 700 sonitus

916 729 989 748 vero
1000 720 1197 750 cclerantizcm
1211 719 1340 756 ferrum,
1351 726 1443 760 atque
1454 719 1649 758 acuentium,

915 780 993 810 quos
1010 769 1139 800 demum
1149 771 1291 800 horrores
1300 771 1447 801 excitaret
1456 770 1553 810 patri?
1573 769 1648 801 Vir-

916 821 1024 861 gilius,
1042 822 1117 852 AEn.
1134 821 1153 852 i.
1171 824 1244 853 656.

945 880 1005 903 Haec
1015 880 1134 910 celerans,
1145 880 1196 905 iter
1206 880 1240 905 ad
1252 880 1326 905 navis
1337 879 1464 906 tendebat
1475 880 1601 906 Achates.

916 928 1028 969 Neque
1055 929 1181 968 insuper
1211 930 1384 960 absurdum
1415 936 1460 961 est
1482 930 1646 970 suspicari,

915 980 1100 1010 mendosam
1134 981 1424 1020 interpretationem
1450 995 1488 1012 τε
1506 987 1646 1021 propter,

914 1031 1370 1072 quodjurca--prope—-valet,
1386 1032 1507 1072 aliquid
1518 1042 1644 1072 promo-

914 1083 1003 1119 visse,
1019 1089 1049 1112 et
1064 1094 1260 1123 propagasse,
1283 1094 1379 1125 quam
1402 1084 1643 1126 impugnamus,

913 1133 1092 1164 dictionem.
1117 1135 1167 1164 De
1182 1136 1241 1164 hoc
1264 1141 1371 1165 autem
1386 1135 1499 1165 erroris
1514 1146 1642 1175 genere,

911 1195 1005 1224 quem
1030 1185 1134 1225 gignit
1160 1185 1202 1214 ita
1229 1185 1332 1224 elapsa
1358 1185 1439 1214 vocis
1461 1185 1590 1224 syllaba,
1606 1192 1644 1216 ut

911 1235 1017 1266 relicta
1041 1246 1111 1275 pars
1136 1236 1232 1265 etiam
1254 1245 1309 1275 per
1333 1246 1365 1265 se
1388 1238 1518 1275 probam
1533 1246 1642 1267 vocem

910 1287 1014 1324 saciat,
1030 1287 1141 1317 monui
1156 1287 1196 1317 ad
1220 1287 1293 1318 Silv.
1311 1288 1386 1318 Crit.
1403 1287 1436 1318 ii.
1454 1299 1483 1327 p.
1499 1292 1528 1318 5.
1545 1295 1576 1318 et
1591 1299 1640 1319 er-

910 1349 960 1367 ror
975 1344 1019 1368 est
1036 1348 1109 1368 sane
1124 1349 1141 1368 e
1157 1339 1294 1369 maxime
1311 1339 1460 1379 genuinis
1475 1340 1638 1381 orthogra-

910 1390 991 1428 phiae
1021 1391 1233 1420 contractioris
1262 1391 1424 1422 fructibus.
1469 1392 1546 1422 Non
1576 1392 1638 1422 alio

906 1442 1022 1473 mendo
1040 1443 1135 1473 Silius
1152 1443 1281 1474 Italicus
1296 1443 1484 1483 maculatur,
1497 1444 1538 1475 ad
1550 1444 1637 1476 Pun.

907 1494 939 1524 ii.
955 1496 1026 1525 465.

1317 1566 1390 1590 sedet
1402 1568 1462 1590 acta
1473 1566 1595 1591 medullis

936 1604 995 1635 Jam
1007 1604 1121 1634 dudum,
1133 1608 1215 1635 atque
1222 1605 1314 1636 inopes
1325 1605 1430 1637 penitus
1440 1605 1532 1636 coquit
1540 1605 1636 1631 intima

1028 1644 1116 1674 pestis.

936 1684 979 1707 Est
990 1683 1086 1707 furtim
1098 1683 1171 1708 lento
1182 1683 1284 1709 miseris
1298 1684 1418 1708 sudantia
1430 1685 1493 1708 tabo

935 1723 1050 1753 Viscera,
1062 1727 1089 1747 et
1101 1724 1192 1747 exurit
1202 1724 1312 1747 siccatas
1321 1724 1449 1754 sanguine
1460 1730 1541 1748 venas

932 1764 980 1786 Per
991 1763 1102 1794 longum
1114 1762 1220 1787 celerata
1231 1763 1324 1787 fames.

903 1819 1019 1859 Vulg0‚
1036 1822 1198 1857 durantia,
1225 1820 1310 1860 quod
1334 1831 1398 1850 non
1421 1820 1528 1851 leviter
1543 1822 1633 1852 torsit

899 1871 1031 1908 criticos,
1044 1881 1076 1901 se
1089 1871 1228 1912 undique
1239 1878 1404 1910 vertentes,
1418 1878 1448 1902 et
1463 1873 1630 1912 expedien-
1667 1908 1670 1911 Δ

899 1929 945 1953 tes
960 1923 1049 1954 nihil.
1095 1923 1209 1953 Noster
1220 1923 1398 1960 Lucretius,
1414 1924 1452 1954 vi.
1469 1928 1482 1954 1
1492 1927 1564 1956 145.

960 1982 1091 2007 Sudahant
1102 1982 1185 2007 etiam
1196 1982 1286 2008 fauces
1296 1982 1453 2008 intrinsecus
1465 1986 1525 2008 atro

960 2021 1097 2053 Sanguine.

898 2070 1017 2101 Videas
1046 2071 1141 2101 etiam
1171 2071 1211 2102 ad
1233 2082 1261 2102 V.
1298 2075 1387 2103 1128.
1431 2073 1475 2103 Et
1496 2075 1628 2107 celerata

897 2122 1017 2163 utique,
1049 2123 1242 2162 pedetentim
1268 2129 1442 2162 properata,
1474 2130 1567 2165 atque
1592 2128 1627 2158 in

897 2175 981 2206 diem
997 2175 1152 2215 gradatim
1167 2175 1395 2216 ingravescens,
1411 2176 1452 2206 ad
1466 2176 1567 2216 ipsam
1581 2180 1627 2210 rei

896 2227 1066 2257 veritatem.
1112 2227 1199 2263 Quid
1215 2238 1287 2258 vero
1302 2239 1376 2258 cum
1392 2231 1488 2259 celata
1512 2229 1624 2261 feceris

895 2280 929 2309 in
951 2281 1010 2309 hoc
1036 2279 1116 2317 loco,
1148 2289 1222 2309 voce
1244 2280 1388 2318 improbe
1412 2279 1622 2314 intractabili?

896 2331 980 2360 Mihi
996 2336 1066 2370 post
1083 2330 1255 2360 Heinsium
1280 2331 1314 2360 in
1339 2331 1483 2361 animum
1498 2338 1625 2364 venerat

894 2384 1038 2420 celerata,
1061 2381 1128 2412 vice
1143 2384 1254 2419 celata,
1278 2382 1317 2413 ad
1342 2383 1400 2414 Sil.
1426 2383 1467 2413 It.
1483 2383 1553 2414 xvii.
1572 2388 1622 2416 9⁴2.

894 2434 947 2464 sed
962 2434 1042 2464 nihil
1056 2433 1100 2463 ibi
1122 2439 1273 2464 novatum
1295 2434 1399 2464 velim.
1443 2434 1511 2464 Adi
1538 2435 1621 2466 Dra-

891 2486 1071 2516 kenborchii
1086 2491 1202 2515 notam.

935 2537 1009 2567 Ver.
1023 2541 1072 2568 92.
1088 2538 1243 2568 lacrzonas
1258 2536 1429 2578 ecficnclere.
1451 2536 1618 2578 Virgilius,

893 2587 970 2618 AEn.
988 2587 1030 2617 iii.
1045 2591 1119 2617 512.

922 2647 1022 2671 Hector
1033 2646 1079 2670 ubi
1088 2647 1144 2670 est?
1161 2646 1246 2670 dixit:
1265 2645 1439 2678 lacrumasque
1449 2645 1548 2678 effudit.

891 2695 974 2725 Haec
989 2701 1106 2734 autem,
1123 2695 1256 2726 eandem
1271 2706 1403 2726 narrans
1413 2706 1492 2736 rem,
1504 2697 1549 2729 sic
1558 2698 1615 2729 ali-

889 2753 936 2777 ter
951 2747 1099 2786 expressit
1115 2748 1211 2785 Naso,
1228 2753 1300 2778 met.
1317 2748 1370 2780 xii.
1384 2751 1436 2779 50.

1114 2818 1271 2846 castumque
1282 2815 1378 2840 datura
1387 2821 1523 2846 cruorem,

921 2854 1043 2878 Flentibus
1053 2858 1116 2878 ante
1126 2861 1201 2878 aram
1211 2854 1287 2879 stetit
1296 2854 1434 2887 Iphigenia
1443 2854 1574 2879 ministra.

890 2911 942 2942 De
971 2911 1122 2951 scriptura
1143 2922 1215 2943 vero
1236 2911 1410 2955 antiquiore
1438 2912 1612 2954 eqftmdere,

886 2962 956 2993 vide
967 2972 1041 2995 mox
1056 2962 1098 2995 ad
1112 2973 1172 2995 ver.
1188 2966 1256 2995 1¹26.

846 3002 909 3035 C2
