1894 3253
677 231 910 281 LIBER
958 230 1266 281 PRIMUS.

1637 237 1726 276 125

374 364 430 407 Et
452 365 545 407 velit
565 365 723 407 ardoris
744 374 935 408 naturam
956 366 1140 421 linquere
1160 365 1302 414 solam,

371 439 511 488 Quam
533 449 655 497 neget
675 456 759 481 esse
780 441 925 497 igneis,
957 454 1158 481 summam
1179 446 1318 480 tamen
1332 451 1423 478 vesse
1442 435 1667 493 relinquat?

258 515 338 554 705
371 513 513 570 AEqua
533 515 695 556 videtur
715 516 826 555 enim
847 514 1056 554 dementia
1076 513 1212 554 dicere
1232 519 1464 567 utrumque.

372 588 655 643 Quapropter,
687 589 780 643 quei
801 587 1014 628 materiem
1035 601 1174 627 rerum
1195 601 1280 626 esse
1299 593 1499 641 putarunt

371 663 534 719 Ignem,
557 671 679 718 atque
700 677 753 703 ex
774 663 862 718 igni
883 676 1086 702 summam
1107 661 1327 702 consistere
1347 676 1484 715 posse3

367 737 423 778 Et
443 737 536 792 quei
557 737 809 792 principium
830 736 1056 793 gignundis
1077 737 1172 777 a'e'ra
1192 735 1314 776 rebus

367 811 646 862 Constituere3
680 820 751 853 aut
770 811 989 853 humorem
1014 811 1317 867 queiquomque
1336 817 1535 865 putarunt

251 887 332 926 710
365 885 543 942 Fingere
564 901 627 926 res
648 886 782 941 ipsum
803 901 879 941 per
900 901 960 935 se;
994 894 1198 926 terramve
1219 900 1360 926 creare

367 960 538 1010 Omnia,
561 968 601 1002 et
621 961 664 1000 in
685 975 823 1002 rerum
845 969 1012 1001 naturas
1034 960 1186 1001 vortier
1207 960 1363 1000 omneis
1371 977 1383 1009 ;

366 1034 529 1091 Magno
551 1050 675 1090 opere
696 1051 720 1076 a
742 1050 837 1077 vero
857 1035 995 1092 longei
1017 1034 1223 1076 deerrasse
1244 1034 1448 1076 videntur.

222 1194 244 1211 ‘⁴
261 1198 317 1230 tes,
342 1197 378 1222 ut
391 1190 499 1231 procul
522 1190 631 1221 diversi
655 1202 674 1221 a
688 1192 814 1223 veritate
830 1191 951 1222 deerra-

220 1250 243 1263 “
259 1245 359 1275 renff’
406 1244 657 1284 Elegantissime.

266 1296 346 1326 Ibid.
368 1298 485 1335 longei:
512 1296 555 1326 sic
571 1296 607 1325 L.
626 1296 672 1326 M.
693 1298 951 1327 n.—deer=›-asse.·

219 1348 263 1378 sic
281 1355 324 1378 Ω.
341 1354 372 1377 et
390 1348 428 1378 G.
445 1348 482 1378 L.
498 1350 652 1384 derrasse;
680 1349 726 1378 Μ.
745 1354 863 1387 autem,
889 1352 953 1379 lon-

215 1403 309 1441 gique
325 1403 460 1431 derrasse
466 1416 477 1436 ;
504 1401 539 1430 B.
562 1402 708 1441 longeque
726 1404 844 1432 emissa.
892 1402 954 1432 Re-

219 1453 310 1494 liqui,
334 1459 370 1483 ut
385 1453 490 1483 editur
505 1453 613 1493 vulgo,
629 1456 773 1494 longeque
788 1467 911 1486 errasse.

266 1505 347 1536 Ibid.
369 1507 472 1545 longez'
485 1508 647 1536 deerrasse.
693 1507 743 1536 Ex
767 1508 825 1537 hoc
840 1518 957 1547 genere

221 1557 386 1599 elegantiae
413 1564 470 1596 est,
497 1557 580 1598 quod
607 1557 693 1588 dedit
717 1565 821 1589 noster
846 1559 879 1589 in
910 1560 954 1591 iii.

222 1613 294 1641 464.

253 1679 324 1710 Quin
336 1678 429 1708 etiam,
442 1679 542 1704 morbis
553 1678 580 1702 in
592 1678 709 1711 corporis
720 1679 803 1704 avim
814 1682 883 1704 errat

253 1720 330 1750 Saepe
341 1718 453 1742 animus.

223 1786 267 1815 Et
282 1795 355 1814 sane
367 1784 503 1814 formula
520 1790 566 1814 est
580 1785 733 1814 sermonis
748 1785 842 1826 longe
858 1785 956 1815 notis-

222 1836 310 1866 sima.

267 1887 347 1918 Ibid.
363 1889 524 1918 deerrasse.
570 1887 735 1927 Virgilius,
752 1888 807 1918 ecl.
823 1888 873 1918 vii.
892 1891 919 1919 7.

318 1964 362 1988 Vir
373 1964 458 1996 gregis
469 1965 523 1996 ipse
534 1971 613 1996 caper
624 1965 803 1990 dcet-faverat.

266 2032 339 2062 Ver.
358 2035 428 2062 714.
451 2033 582 2071 liquori:
612 2032 654 2061 sic
676 2032 751 2062 alibi
774 2038 878 2062 noster
900 2034 952 2063 ab·

218 2084 321 2114 solute
337 2083 406 2122 plus
422 2083 488 2112 vice
504 2083 649 2121 simplici,
667 2094 722 2122 pro
737 2095 828 2124 aqua.
853 2084 953 2114 Haud

220 2135 309 2165 aliter
325 2134 490 2172 Horatius,
508 2134 557 2164 od.
573 2134 615 2165 iii.
631 2139 660 2165 5.
676 2139 727 2166 46,

445 2203 498 2234 qua
509 2203 612 2228 medius
623 2202 706 2235 liquor

313 2244 431 2269 secernit
443 2245 566 2275 Europen
577 2245 610 2269 ab
622 2244 759 2270 Afro—.

266 2309 341 2338 Ver.
359 2312 430 2340 715.
455 2309 662 2349 Opportunus
678 2311 712 2341 in
735 2311 844 2350 primis
866 2311 954 2342 locus

223 2366 281 2398 est,
305 2367 396 2400 atque
412 2368 518 2392 nostro
533 2362 719 2393 illustrando
734 2364 952 2394 accommoda-

225 2412 374 2449 tissimus,
399 2412 433 2441 in
455 2413 585 2451 mythol.
609 2414 723 2452 scriptt.
739 2415 786 2445 ed.
805 2416 897 2453 Gale,
924 2426 953 2454 p.

225 2468 298 2494 527.
345 2470 399 2497 Τῆς
417 2464 443 2494 δε
461 2477 516 2495 ’των
536 2478 684 2505 στοιχειων
705 2474 810 2506 φυσεως
830 2469 856 2505 εξ
880 2481 953 2498 evocit-

224 2530 289 2547 ΤΙων
305 2529 489 2552 σϋνξσΩ-ωσης,
500 2518 649 2558 ξῆρθτῆτος
670 2531 702 2548 *ΤΕ
719 2532 768 2548 nat
785 2520 952 2559 ὑγρῦΤῆῚ-Ος,

224 2586 275 2602 καί
291 2572 468 2613 θὲρμοτῆτθὶ
486 2584 535 2601 καΙ
560 2573 761 2614 ψυχροφῆῗθς·
787 2574 842 2604 ὑπο
858 2573 884 2604 δΞ
901 2588 952 2608 ‘2'713

224 2635 290 2665 προς
314 2629 442 2654 αλληλοι
467 2629 638 2662 αναλογιας,
665 2637 714 2653 και
733 2638 866 2665 κρατεως,
892 2639 952 2656 ενα-

224 2674 438 2716 περγαζομενης
467 2687 499 2703 το
528 2685 596 2704 mxv·
687 2675 878 2714 Εμπεδοκλκς
902 2685 952 2717 εφη

223 2739 264 2755 σοι
280 2727 337 2755 ὅλοι
352 2738 518 2755 συνεσταναι
535 2726 633 2760 οὕτως·

262 2807 362 2832 Αλλοτε
375 2817 419 2839 μεν
430 2813 541 2840 erlo-rari
552 2809 705 2842 wmpxofiasv'
720 2819 750 2838 εις
762 2809 785 2836 ἓν
796 2811 912 2842 &erma-a,

262 2854 361 2879 Αλλοτε
376 2853 397 2879 δ’
409 2865 442 2880 ow
453 2854 503 2888 διςζ
516 2855 620 2882 ἕκαστα
631 2864 762 2891 φορευμενοε
774 2867 857 2886 uiam
869 2859 942 2892 εχθει.

225 2922 314 2953 Male
328 2924 432 2965 vulgo,
458 2940 538 2961 avers,-
565 2937 621 2967 pro
645 2942 683 2959 ow
696 2928 776 2969 διχζ·
801 2936 832 2961 et
856 2933 953 2971 αχθει,

1000 1190 1069 1221 loco
1085 1193 1177 1231 ἤχθω.-
1203 1189 1396 1220 restituimus
1407 1195 1513 1220 autem
1529 1200 1567 1219 ex
1585 1189 1732 1230 Diogene

1000 1243 1137 1280 La'e'rtio,
1161 1242 1224 1272 viii.
1242 1245 1291 1272 76.
1315 1247 1346 1271 et
1360 1242 1563 1280 posteriorem
1583 1242 1731 1272 emenda-

999 1295 1120 1325 tionem
1144 1300 1217 1324 ante
1242 1293 1421 1334 conjectura
1450 1300 1608 1323 assecutus
1634 1304 1732 1332 eram,

999 1358 1094 1388 quam
1110 1347 1195 1387 apud
1210 1348 1295 1376 hunc
1313 1346 1482 1376 versiculos
1499 1346 1689 1376 inveneram.

1044 1399 1117 1430 Ver.
1136 1402 1206 1430 716.
1228 1396 1324 1435 terrei,
1351 1403 1442 1437 atque
1465 1396 1592 1428 am'mci:
1619 1398 1656 1428 B.
1672 1404 1732 1428 ter-

999 1464 1046 1488 ra,
1062 1458 1165 1488 vent05
1190 1461 1227 1481 ex
1244 1449 1362 1491 gloss2⁸13
1387 1450 1428 1480 V.
1449 1449 1496 1480 ed.
1521 1456 1617 1488 tem-a,
1642 1456 1734 1490 atque

999 1507 1118 1541 omnim
1146 1511 1186 1534 Π.
1202 1510 1354 1543 terraque,
1370 1509 1460 1542 atque
1475 1505 1592 1533 anima.

1044 1555 1125 1585 lbid.
1140 1553 1265 1585 animai.-
1291 1559 1397 1591 vento,
1419 1559 1455 1583 ut
1469 1564 1496 1584 v.
1513 1557 1585 1585 5257.
1608 1555 1662 1584 ubi
1678 1565 1735 1585 nos

999 1606 1134 1636 videndi.
1170 1606 1295 1635 Nonius
1311 1606 1344 1634 in
1361 1615 1448 1635 voce:
1477 1608 1500 1623 “
1518 1607 1648 1644 Anima,
1662 1616 1734 1636 ven-

1001 1663 1021 1676 “
1037 1665 1095 1688 tus,
1141 1656 1255 1697 virgil.
1278 1656 1353 1686 AEn.
1369 1656 1431 1685 viii.

1065 1736 1084 1748 “
1097 1735 1236 1764 Quantum
1249 1732 1332 1763 ignes,
1343 1731 1501 1762 mzimaeque,
1513 1732 1614 1757 valent.

1004 1805 1026 1820 “
1044 1800 1146 1830 Varro
1164 1798 1355 1839 Margopoli,
1379 1811 1444 1839 περι
1460 1812 1559 1838 αχης.·
1588 1799 1733 1829 Noctilu-

998 1858 1017 1870 “
1033 1862 1103 1881 cam
1118 1850 1208 1887 tollo,
1234 1849 1274 1879 ad
1294 1849 1405 1879 'focum
1421 1849 1498 1887 feto,
1523 1849 1599 1879 inflo
1614 1850 1733 1887 animd,

998 1907 1020 1922 “
1037 1901 1220 1932 reviviscit.’'
1269 1901 1319 1931 Ita
1346 1900 1436 1930 locus
1460 1901 1734 1942 interpungendus

998 1961 1052 1987 est.

1043 2010 1124 2040 Ibid.
1147 2011 1254 2039 imbri:
1290 2008 1310 2038 i.
1333 2019 1358 2039 e.
1389 2009 1534 2046 humore,
1560 2009 1609 2039 vel
1635 2010 1731 2050 aqufu

997 2068 1034 2093 ut
1044 2061 1171 2092 Ennius
1186 2061 1220 2090 in
1235 2060 1433 2100 fragmentis,
1452 2070 1483 2099 p.
1503 2063 1574 2090 121.
1594 2066 1732 2100 quatuor

997 2113 1153 2144 elementa
1175 2112 1218 2142 sic
1234 2111 1428 2150 complexus.

997 2194 1068 2226 Quoi
1080 2200 1127 2226 par
1138 2193 1225 2223 imber,
1236 2196 1264 2217 et
1275 2192 1353 2224 ignis,
1364 2192 1481 2222 spiritus,
1499 2196 1527 2217 et
1537 2192 1625 2224 gravis
1636 2196 1716 2218 terra.

999 2260 1167 2301 Virgilius,
1183 2270 1252 2300 geo.
1268 2259 1307 2289 iv.
1325 2262 1395 2290 115.

1477 2339 1531 2372 ipse
1541 2338 1636 2364 feracis

1028 2381 1104 2412 Figat
1115 2381 1199 2405 humo
1208 2381 1322 2412 plantas,
1340 2384 1367 2405 et
1378 2381 1479 2405 amicos
1490 2380 1587 2412 inriget
1600 2379 1695 2405 imbris.

1001 2455 1144 2493 Ovidius,
1161 2455 1247 2494 epist.
1263 2455 1345 2485 xviii.
1366 2459 1433 2486 104.

1060 2533 1092 2555 Et
1102 2531 1239 2555 madidam
1250 2532 1333 2556 siccas
1343 2531 1450 2563 aequoris
1461 2530 1538 2554 imbre
1548 2536 1667 2555 comam.

1000 2609 1120 2638 Rerum
1144 2608 1316 2647 primordia
1342 2608 1426 2637 idem
1458 2607 1656 2637 Mantuanus
1684 2608 1728 2639 sic

996 2660 1201 2697 enumeravit,
1219 2659 1273 2689 ecl.
1289 2659 1328 2689 vi.
1341 2662 1393 2688 52.
1409 2658 1508 2688 nostri
1524 2669 1657 2689 memor:

1028 2735 1135 2760 Semina
1144 2738 1337 2766 terrarumque,
1348 2736 1507 2768 animeque,
1523 2736 1656 2768 marisque
1666 2736 1728 2762 fuis-

1181 2781 1250 2807 sent,

1029 2818 1060 2840 Et
1071 2816 1165 2847 liquidi
1173 2817 1253 2841 simul
1264 2817 1339 2849 ignis.

1000 2882 1050 2912 Sic
1065 2883 1159 2913 etiam
1178 2884 1289 2923 Varro,
1313 2885 1352 2916 de
1366 2896 1399 2916 re
1414 2892 1489 2917 rust.
1510 2887 1529 2917 i.
1546 2891 1574 2917 4.
1593 2891 1619 2916 1.
1644 2890 1665 2904 “
1682 2886 1726 2915 Ε-

999 2937 1020 2952 “
1033 2935 1087 2975 jus
1103 2936 1249 2978 (culturae
1264 2937 1337 2978 soli)
1354 2938 1507 2978 principia
1521 2943 1596 2968 sunt
1606 2936 1727 2974 eadem,
