1894 3253
696 221 756 267 T.
809 218 1191 267 LUCRETII

336 353 578 407 Subspicere
597 351 644 390 in
662 350 754 391 coeli
774 350 970 407 dignatur
990 350 1127 392 lucida
1145 352 1311 407 templa,

336 427 492 469 Desine
512 433 780 481 quapropter,
812 425 993 466 novitate
1013 427 1231 467 exterritus
1252 426 1356 482 ipsa,

198 507 305 542 1040
338 501 554 555 Exspuere
575 514 629 540 ex
650 500 791 541 animo
812 500 1039 550 rationem3
1072 501 1142 542 sed
1163 501 1293 558 magis
1314 502 1397 542 acri

333 574 500 616 ,Iudicio
519 575 745 630 perpende:
777 583 831 625 et,
865 575 897 616 si
918 575 991 616 tibi
1012 591 1109 616 vera
1128 576 1335 626 videntur,

337 649 458 691 Dede
479 664 646 698 manus;
680 657 772 703 aut,
799 650 832 690 si
852 649 996 691 falsum
1019 659 1095 700 est,
1128 650 1348 708 adcingere
1369 660 1525 692 contra.

194 806 297 837 nullis
319 816 356 835 ex
386 806 586 846 philosophia
615 808 719 846 petitis
752 809 926 838 rationibus

194 864 303 888 contra
318 858 502 889 dicentibus.
547 859 661 889 Fateor
678 866 784 890 tamen
805 861 925 900 propri-

194 921 246 940 am
276 910 503 941 divinationem
531 912 609 941 mihi
641 912 814 951 plurimum
845 913 921 943 arri-

195 961 281 992 dere:

222 1048 319 1073 Desine
329 1052 494 1080 quapropter
505 1049 627 1074 novitate
640 1049 788 1074 exterritus
800 1050 859 1081 ipse.

195 1136 218 1151 “
234 1133 286 1163 Tu
302 1134 423 1172 saltem,
441 1135 592 1167 IlIemmi!
611 1137 703 1166 rebus
715 1137 863 1166 omnibus
878 1146 927 1165 or-

195 1188 219 1202 “
236 1185 409 1218 natissime!
425 1197 520 1227 quem
536 1187 930 1226 opinionesineptientium

196 1239 219 1253 ‘⁵
235 1237 503 1267 homunculorum
542 1239 751 1278 praejudicatae
781 1250 799 1268 a
829 1239 930 1268 sobria

195 1291 218 1305 “
236 1294 328 1327 atque
344 1288 500 1327 intrepida
515 1289 651 1319 veritatis
665 1289 929 1328 contemplatione

197 1341 220 1355 “
237 1349 301 1368 non
314 1338 429 1374 debent
439 1340 639 1370 absterrere.'’
665 1341 691 1370 C
694 1346 835 1378 aeterum,
848 1342 928 1370 hanc

197 1390 407 1428 suspicionem
434 1391 549 1420 codicis
577 1398 617 1421 Π.
637 1392 821 1421 auctoritate
836 1393 926 1421 robo-

197 1446 297 1470 ratam
324 1441 479 1480 postidem
506 1442 628 1478 inveni;
652 1452 710 1471 nec
737 1453 831 1479 ausus
857 1453 928 1472 sum

197 1499 304 1522 tamen
321 1493 487 1523 admittere
502 1494 534 1523 in
551 1500 682 1524 textum.

244 1544 326 1574 Ibid.
342 1547 475 1576 novitate
484 1547 654 1575 exterritus.
672 1546 830 1583 Phrasim,
846 1546 929 1585 quod

199 1595 329 1634 adsolet,
355 1596 516 1626 Arnobius
541 1596 700 1633 involavit,
724 1597 814 1637 cujus
829 1597 930 1636 perio-

200 1648 289 1684 dum,
316 1648 433 1689 insigni
449 1649 525 1679 vitio
540 1650 701 1689 scripturae
716 1649 931 1688 depravatum,

200 1699 361 1738 puriorem
391 1702 553 1739 praestabo,
592 1701 645 1731 lib.
677 1701 696 1731 i.
730 1712 760 1740 p.
790 1704 842 1731 32.
881 1701 933 1730 De

202 1750 326 1781 Christo
353 1751 500 1792 loquitur.
539 1755 560 1770 “
586 1753 712 1782 Exutus
737 1758 770 1782 at
793 1762 932 1790 corpore,

200 1805 222 1819 “
238 1802 322 1842 quod
338 1802 370 1831 in
387 1802 502 1843 exigua
517 1803 565 1833 sui
581 1803 819 1833 circumferebat
833 1809 930 1843 parte,

203 1856 225 1871 “
242 1860 407 1894 postquam
433 1854 530 1884 videri
555 1865 587 1884 se
616 1865 726 1893 passus
755 1861 812 1892 est,
845 1855 936 1895 cujus

202 1909 224 1923 “
241 1913 319 1936 esset
334 1913 360 1937 et
381 1906 503 1948 (vulgo,
519 1911 594 1947 aut)
607 1907 837 1947 magnitudinis
851 1907 935 1946 sciri,

202 1961 225 1975 “
241 1961 374 1989 novitate
388 1969 495 1989 rerum
509 1962 668 1997 eat-territa,
691 1962 827 1991 universi
854 1960 934 2001 (edi-

203 2013 226 2027 “
243 2015 306 2046 tur,
338 2012 501 2050 universa)
539 2011 651 2040 mundi
679 2017 753 2040 sunt
781 2011 937 2041 elementa

204 2065 227 2080 “
243 2063 378 2098 turbata,
401 2062 495 2092 tellus
509 2069 570 2093 tota
590 2063 674 2103 (libri
690 2068 791 2103 mota)
814 2070 935 2094 contre-

206 2116 229 2130 “
245 2113 339 2151 muit,
362 2124 450 2143 mare
471 2113 616 2143 funditus
638 2114 780 2144 refusum
807 2121 863 2152 est,
887 2116 939 2144 a'e‘r

207 2168 230 2183 “
245 2164 350 2205 globis
380 2165 541 2196 involutus
569 2172 615 2196 est
645 2167 859 2203 tenebrarum,
889 2167 937 2207 ig-

205 2221 228 2234 “
243 2217 424 2247 neus-orbis
441 2216 513 2247 solis
528 2217 695 2258 stupefacto
720 2217 841 2257 (vulgo,
857 2223 936 2256 tepe-

206 2269 346 2309 “factoj
367 2269 476 2299 ardore
491 2269 649 2310 diriguit.”
674 2270 726 2299 De
736 2269 854 2299 caeteris
865 2280 938 2299 cum

207 2326 393 2351 contumace
408 2331 473 2351 non
488 2321 635 2361 equidem
651 2321 881 2351 contenderim:
900 2321 938 2351 il-

206 2371 262 2402 lud
278 2378 384 2402 autem
399 2372 566 2413 stupefacto
582 2383 601 2402 a
611 2383 662 2402 me
675 2383 770 2403 nemo
784 2373 869 2403 facili
885 2383 936 2403 co-

207 2428 284 2453 natu
299 2423 510 2463 extorquebit3
533 2433 609 2453 nam
625 2425 752 2464 egregia
765 2430 813 2454 est
827 2430 858 2454 et
872 2435 938 2455 cer-

208 2474 329 2505 tissima
343 2474 529 2506 emendatio.
553 2475 605 2505 De
616 2476 802 2515 Subspz'cere,
817 2475 886 2506 vide
897 2475 938 2506 ad

207 2527 248 2557 iv.
267 2530 339 2559 750.

251 2580 326 2611 Ver.
356 2584 446 2612 1040.
471 2583 628 2622 Exspuere
653 2593 688 2613 ez*
710 2585 814 2613 animo
840 2584 936 2613 ratio-

208 2643 285 2663 nem.
331 2633 405 2663 Hac
433 2634 630 2674 signatorum
659 2636 826 2665 verborum
849 2633 936 2665 locu-

209 2683 296 2714 tione
312 2685 481 2719 Terentius
494 2687 580 2726 prior
606 2693 671 2718 erat
686 2698 771 2724 usus,
795 2687 879 2718 Eun.
894 2687 937 2717 iii.

213 2738 240 2766 l.
259 2739 306 2767 16.

243 2829 325 2861 Quasi
335 2831 381 2855 ubi
391 2832 465 2857 illam
476 2837 610 2867 exspueret
620 2833 747 2859 miseriam
759 2840 792 2858 ex
803 2833 896 2858 animo.

215 2912 279 2943 Ubi
306 2912 349 2944 sic
376 2914 536 2947 Donatus:
576 2920 599 2936 ‘⁶
616 2919 774 2958 Exqzuere
803 2923 849 2948 est
870 2926 944 2948 cum

975 813 995 828 “
1013 810 1138 840 fastidio
1167 809 1287 850 aliquid
1317 809 1454 850 rejicere,
1486 814 1517 839 et
1540 808 1703 849 expellere.

972 865 993 879 ‘⁶
1012 862 1096 891 Nam
1119 872 1278 900 exspuere,
1303 868 1350 891 est
1374 868 1458 892 erim
1481 873 1542 901 pus
1568 862 1703 898 mittere,

970 917 992 930 “
1008 913 1041 942 id
1057 919 1113 950 est,
1137 913 1229 943 foras.
1276 913 1362 942 Nam
1380 924 1442 952 pus
1464 919 1510 943 est
1524 913 1628 943 omnis
1642 914 1702 943 hu-

969 967 991 982 “
1009 974 1078 993 mor
1094 964 1215 1002 corpori
1232 964 1410 994 onerosuS.''
1441 964 1493 994 Tu
1510 970 1627 1001 autem,
1642 964 1706 995 lec-

970 1017 1031 1046 tor!
1058 1016 1256 1056 grammatici
1278 1015 1498 1054 deliramenta,
1521 1017 1548 1046 si
1564 1027 1615 1046 me
1631 1017 1705 1047 satis

972 1068 1090 1103 audias,
1113 1067 1249 1097 vicissim
1275 1067 1376 1097 rideas
1398 1074 1429 1097 et
1451 1078 1596 1107 exspuas:
1631 1078 1706 1098 nam

973 1129 1100 1160 etymon
1129 1120 1196 1160 ejus
1225 1119 1306 1149 nihil
1330 1126 1376 1149 est
1402 1120 1462 1149 nisi
1487 1130 1612 1150 merum
1638 1130 1706 1159 pus.

975 1171 1074 1207 Quasi
1089 1181 1161 1201 vero
1184 1171 1334 1201 Latinum
1351 1182 1460 1211 exspuo
1477 1182 1541 1201 non
1561 1172 1602 1201 sit
1618 1172 1708 1202 Grae-

973 1234 1047 1253 cum
1065 1237 1192 1258 εκπτυω,
1217 1223 1256 1253 ad
1281 1223 1422 1253 indolem
1453 1223 1624 1254 variantem
1646 1223 1707 1253 lin.

973 1285 1045 1313 guae
1060 1274 1157 1304 literis
1174 1274 1352 1313 paullulum
1370 1275 1593 1305 tantummodo
1608 1274 1707 1305 emol-

973 1325 1050 1356 litis!

1016 1376 1091 1407 Ver.
1113 1381 1204 1408 1041.
1223 1381 1395 1418 perpende:
1418 1385 1458 1408 Π.
1469 1381 1703 1418 perz'›zde.—vi-

973 1434 1103 1462 flentur:
1131 1433 1165 1462 P.
1184 1437 1217 1462 Δ.
1242 1435 1379 1468 videtum
1407 1432 1491 1473 quod
1507 1433 1624 1472 placuit
1642 1433 1709 1462 edi-

973 1483 1102 1518 toribus,
1119 1483 1227 1512 suavia
1237 1483 1363 1512 variatae
1381 1484 1621 1513 constructionis
1636 1493 1709 1513 con-

974 1534 1114 1564 dimenta
1138 1543 1296 1563 summam
1319 1544 1374 1572 per
1396 1533 1586 1564 industriam
1607 1545 1626 1564 a
1641 1535 1707 1565 Lu-

975 1587 1071 1616 cretio
1086 1585 1354 1616 inconsultissime
1371 1586 1602 1617 amolientibus.

1021 1638 1101 1668 Ibid.
1128 1638 1208 1668 Sane
1219 1640 1405 1678 perpendere
1421 1639 1547 1679 judicio
1562 1639 1712 1678 acceptis-

976 1691 1056 1720 sima
1072 1696 1118 1720 est
1134 1689 1264 1729 phrasis,
1291 1695 1322 1719 et
1337 1691 1376 1719 ab
1393 1689 1481 1719 omni
1497 1695 1583 1729 parte
1599 1691 1711 1728 proba-

975 1743 1048 1773 bilis
1063 1749 1156 1782 atque
1179 1741 1335 1771 absoluta:
1368 1741 1503 1780 suspicio
1520 1748 1627 1771 tamen
1650 1741 1710 1770 mi-

977 1794 1009 1823 hi
1026 1794 1058 1823 in
1082 1799 1222 1823 mentem
1248 1792 1409 1827 inciderat.
1433 1792 1628 1829 Lucretium,
1655 1792 1710 1832 qui

979 1846 1152 1876 locutiones
1172 1855 1209 1874 ex
1233 1844 1398 1874 oculorum
1424 1844 1526 1875 officio
1548 1843 1713 1875 translatas

980 1898 1115 1933 adamat,
1133 1896 1287 1936 scripsisse
1302 1896 1448 1926 forsitan:

1421 1993 1467 2018 sed
1478 1992 1563 2024 magis
1573 1991 1630 2018 acri

1043 2035 1146 2066 Judicio
1155 2034 1286 2067 pertende:

982 2121 1041 2150 hoc
1064 2121 1149 2150 enim
1174 2119 1443 2160 elegantissimum
1468 2118 1560 2154 foret,
1590 2121 1621 2146 et
1646 2115 1720 2155 ejus·

983 2171 1053 2201 usui
1066 2172 1232 2201 verborum
1245 2170 1460 2200 absolutorum
1472 2167 1630 2207 aptissime
1639 2177 1714 2197 con-

982 2223 1108 2252 veniret.
1148 2223 1219 2251 Has
1234 2228 1340 2251 autem
1356 2221 1507 2251 dictiones
1522 2224 1716 2259 permutatas

982 2284 1019 2303 ex
1046 2273 1205 2303 Ciceronis
1229 2279 1304 2302 orat.
1335 2283 1391 2312 pro
1415 2273 1488 2303 Cor.
1503 2271 1615 2309 Balbo,
1642 2276 1715 2300 sect.

983 2327 1013 2356 5.
1045 2330 1132 2363 potes
1157 2334 1358 2364 cognoscere;
1393 2329 1424 2354 et
1452 2334 1523 2354 acer
1549 2322 1588 2352 de
1614 2320 1714 2352 oculis

982 2376 1149 2415 saepissime
1175 2375 1348 2405 adhibetur.
1394 2374 1531 2413 Plinius,
1559 2379 1623 2404 nat.
1642 2373 1714 2403 hist.

983 2427 1048 2457 viii.
1074 2431 1125 2457 38.
1164 2438 1248 2457 unus
1280 2426 1464 2462 adducatur,
1491 2425 1531 2455 de
1561 2423 1717 2455 crocodilo

981 2479 1146 2509 disserens:
1182 2485 1202 2497 ‘⁶
1219 2479 1359 2508 Hebetes
1384 2477 1492 2508 oeulos
1512 2477 1573 2506 hoc
1595 2474 1714 2506 animal

981 2537 1004 2552 “
1020 2533 1134 2564 dicitur
1156 2534 1269 2563 habere
1292 2533 1325 2562 in
1349 2531 1447 2573 aqua;
1475 2537 1572 2568 extra,
1598 2530 1713 2560 acerri-

981 2589 1003 2604 “
1020 2587 1064 2616 mi
1086 2584 1195 2616 visas?¹
1247 2585 1302 2622 Et,
1330 2584 1365 2614 in
1390 2584 1552 2623 utriusque
1575 2579 1717 2612 vocabuli

983 2636 1239 2672 illustrationem,
1254 2635 1458 2673 Prudentius,
1473 2640 1581 2665 contra
1598 2633 1717 2671 Symm.

983 2690 1016 2720 ii.
1034 2694 1086 2721 99.
1133 2689 1239 2719 Locus
1255 2694 1301 2718 est
1316 2688 1461 2723 eximius,
1485 2693 1525 2722 et,
1547 2683 1661 2725 partim
1676 2682 1716 2713 ad

984 2741 1053 2772 cod.
1071 2740 1175 2771 Oxon.
1191 2739 1298 2778 fidem,
1315 2740 1359 2770 sic
1373 2737 1538 2780 legendus:

1002 2847 1108 2879 Quippe
1119 2847 1208 2871 minor
1221 2848 1317 2870 natura
1327 2843 1406 2868 aciem
1416 2841 1438 2865 si
1447 2837 1574 2864 intendere
1584 2841 1661 2883 tentet

1002 2887 1104 2917 Acrius,
1115 2894 1146 2912 ac
1158 2889 1300 2918 penetrare
1310 2883 1359 2908 Dei
1368 2883 1470 2906 secreta
1481 2885 1612 2921 supremi:

1004 2926 1070 2958 Quis
1080 2926 1187 2952 dubitet
1198 2925 1273 2950 victo
1284 2921 1408 2953 fragilem
1419 2920 1557 2945 lassescere
1570 2923 1674 2943 vuum*

964 2978 985 3004 5
