1894 3253
240 256 336 304 270

746 252 806 300 T.
858 250 1236 300 LUCRETII

381 383 617 425 Horrorem
636 390 823 424 constare
841 383 1048 425 elementis
1066 382 1234 425 laevibus
1253 396 1386 438 aeque,

381 458 446 498 Ac
468 456 631 497 Musaea
650 457 768 507 mele,
789 472 864 512 per
883 457 1058 499 chordas
1077 456 1284 514 organicei
1304 472 1398 513 quae

381 529 607 572 Mobilibus
628 531 766 588 digitis
787 531 1071 589 expergefacta
1090 531 1286 588 figurant:

378 604 472 645 Neu
493 605 611 646 simili
631 615 847 661 penetrare
864 615 982 662 putes
1001 606 1229 662 primordia
1247 604 1380 647 forma

264 683 345 719 415
378 678 430 719 In
449 680 583 721 nareis
602 680 834 732 hominum,
857 697 983 737 quom
1003 690 1108 724 tetra
1127 681 1326 724 cadavera
1345 687 1519 729 torrent,

261 833 336 856 Tum
349 832 414 857 ferri
422 833 504 865 rigor,
520 836 601 865 atque
611 838 710 868 argutae
721 836 820 860 lamina
834 843 923 861 serrae:

230 895 250 925 i.
265 905 291 925 e.
317 896 427 935 procul
456 896 562 935 dubio,
588 900 737 935 strz'duloe,
763 901 950 930 raucisonoe:

232 947 316 977 unde
331 959 411 987 saepe
422 949 564 989 cogitavi,
578 950 717 980 librarios
732 951 903 990 scriptores,
915 951 955 981 de

232 999 404 1039 quantitate
418 1000 551 1040 syllabae,
568 1008 603 1031 ut
617 1002 663 1039 fit,
686 1002 795 1032 inscite
810 1002 955 1039 solicitos,

229 1056 261 1080 et
276 1051 473 1089 potissimum
495 1052 528 1081 in
552 1053 610 1082 hac
632 1053 760 1091 caesurfi,
787 1054 957 1093 corrupisse

231 1101 399 1132 BIaronem
415 1103 552 1133 eundem
576 1103 617 1133 ad
631 1104 686 1134 ecl.
703 1105 744 1135 ix.
759 1109 810 1136 56.
833 1105 887 1135 ubi
914 1105 957 1135 sic

229 1154 390 1194 scripserat
404 1155 610 1187 nitidissimus
623 1157 728 1195 po'e'ta:

262 1229 329 1252 Nam
352 1235 440 1260 neque
460 1229 549 1254 adhuc
570 1229 648 1254 vario
668 1230 772 1260 videor,
792 1236 842 1255 nec
867 1230 957 1254 dicere

384 1269 470 1292 Cinna

261 1306 358 1338 Digna,
368 1308 415 1332 sed
423 1311 530 1339 argutus
541 1308 610 1332 inter
621 1312 738 1340 strepere
748 1315 824 1332 anser
834 1308 928 1333 olores.

231 1380 323 1410 Certe
339 1391 403 1411 non
418 1381 508 1411 aliter
523 1382 688 1418 Martialis,
706 1382 748 1412 iii.
762 1386 812 1413 58.
832 1386 880 1412 14.

290 1455 403 1485 Argutus
413 1461 498 1484 anser,
518 1455 691 1486 gemmeique
703 1461 829 1487 pavones,

275 1516 355 1546 Ibid.
398 1519 555 1548 stridentis
597 1519 739 1548 acerbum
777 1520 952 1550 Horrorem.

228 1568 350 1598 Rursus
367 1569 472 1607 Maro,
488 1579 556 1609 geo.
572 1569 615 1600 iii.
634 1573 704 1602 149.

352 1646 447 1677 Asper,
462 1645 550 1670 acerba
562 1652 667 1671 sonans.-

228 1713 259 1738 et
274 1708 327 1738 ille
342 1709 468 1747 iterum,
484 1708 525 1739 ad
541 1709 615 1739 AEn.
634 1709 672 1740 vi.
689 1713 760 1740 288.

637 1796 668 1814 ac
681 1789 767 1814 bellua
778 1791 886 1820 Lemae,

287 1828 446 1852 Horrendzaem
457 1827 575 1852 stridem.

272 1891 344 1921 Ver.
365 1895 436 1921 411.
461 1893 648 1922 Horrorem:
676 1899 716 1923 Π.
747 1894 956 1923 Honorem.—

226 1944 367 1974 Zzevibus:
396 1943 435 1974 O.
454 1949 489 1974 Δ.
513 1945 647 1980 lem’bus;
678 1955 774 1985 quam
797 1944 954 1975 confusio-

228 2005 302 2025 nem
318 2005 419 2033 nuper
433 1995 569 2025 vidimus
583 1996 624 2026 ad
638 2006 698 2026 ver.
716 2000 787 2027 402.

270 2046 344 2075 Ver.
369 2049 440 2075 412.
464 2048 622 2086 organz'cez'
642 2058 727 2086 quae:
765 2048 806 2078 V.
832 2047 880 2078 ed.
903 2060 953 2078 or-

226 2098 412 2136 gmzz'caque5
440 2102 475 2127 Δ.
493 2099 604 2136 organi
617 2108 696 2136 quae.

271 2148 345 2178 Ver.
362 2151 433 2178 415.
458 2149 638 2178 Mobilibus.-
665 2148 708 2178 sic
731 2148 789 2179 soli
806 2148 902 2179 Vind.
920 2154 953 2181 Σ.

226 2205 257 2229 et
272 2198 418 2228 nonnulli
439 2198 525 2237 apud
546 2199 643 2229 Pium
665 2199 700 2228 in
723 2199 816 2229 notis:
843 2199 954 2240 reliqui

227 2261 346 2287 omnes,
360 2252 522 2281 Nobilibus
527 2266 538 2287 ;
561 2251 601 2281 ad
615 2251 739 2281 solitam
753 2251 786 2280 in
802 2251 850 2281 his
862 2262 951 2282 voca-

226 2303 310 2334 bulis
339 2304 509 2333 scribarum
534 2303 772 2334 aberrationem.
819 2304 950 2334 Contra-

226 2355 309 2385 rium
333 2355 444 2385 vitium
468 2355 552 2393 apud
575 2355 749 2391 Adenum,
779 2355 843 2385 orb.
867 2355 949 2386 desc.

225 2410 297 2437 3²25.
329 2405 539 2445 deprehendo,
573 2406 607 2436 in
641 2405 809 2446 exemplari
842 2405 951 2437 saltem

227 2469 297 2489 meo
314 2458 549 2488 Maittaireauo:

243 2537 366 2558 Pronurus
377 2533 438 2558 hinc
451 2534 580 2558 Garamas
593 2533 647 2558 late
658 2533 774 2558 confinia
785 2534 890 2564 tendit;

211 2574 214 2578 '
240 2574 323 2597 Trux
335 2574 474 2602 Garamas,
485 2572 595 2604 pedibus
603 2572 711 2604 pernix,
722 2576 751 2597 et
758 2573 892 2598 arundinis
903 2580 951 2598 usu

242 2613 344 2637 Nobilis.

228 2688 346 2728 Vulgo,
374 2691 508 2720 fllobilz‘s.
555 2690 606 2719 De
621 2689 678 2719 hac
701 2695 807 2719 autem
825 2699 951 2728 permu-

226 2740 354 2777 tatione,
378 2741 482 2771 videas
503 2741 684 2781 interpretes
706 2741 746 2773 ad
770 2741 868 2771 Rutil.
884 2741 951 2771 itin.

226 2792 246 2821 i.
265 2795 335 2821 922.
359 2798 389 2821 et
410 2793 442 2822 in
459 2794 567 2831 primis
586 2793 890 2830 Drakenborchium‚
913 2792 953 2823 ad

227 2843 294 2872 Liv.
312 2852 340 2871 x.
355 2847 405 2872 520.
423 2847 450 2873 8.

271 2893 350 2924 Ibid.
375 2895 553 2925 Ilsobililucs:
587 2896 606 2925 i.
630 2906 655 2926 e.
678 2895 832 2926 levissima
858 2895 953 2925 soler-

226 2944 268 2975 tia
305 2944 434 2975 chordas
470 2946 731 2984 pervolitantibus.
787 2947 950 2987 Vegefius,

998 842 1053 866 art.
1080 842 1138 866 vet.
1166 836 1199 866 ii.
1229 838 1278 866 15.
1304 838 1400 865 5.—“
1415 839 1502 864 tenta
1528 833 1654 864 solerter
1660 845 1669 871 ;
1696 840 1728 863 et

999 895 1019 907 “
1037 891 1139 920 mobili
1159 899 1266 926 manu,
1299 887 1348 917 vel
1370 886 1540 922 forficibus,
1568 885 1727 916 eximito.’'

1000 940 1251 978 Caeterum,vice
1262 941 1421 981 figurant,
1447 943 1483 969 Σ.
1497 940 1632 980 figurat.
1670 937 1727 968 In-

998 998 1092 1029 terea,
1116 991 1212 1021 lector
1227 991 1375 1025 observet,
1399 999 1494 1029 quam
1515 988 1578 1018 sint
1599 988 1730 1029 hujusce

999 1043 1105 1074 versus
1119 1042 1293 1072 locutiones
1303 1040 1482 1071 felicissima
1497 1039 1617 1080 ingenii
1632 1039 1729 1070 soler-

1001 1095 1044 1125 tia
1056 1094 1096 1125 ad
1110 1099 1296 1134 praesectum
1307 1101 1450 1132 unguem
1466 1091 1640 1122 elaboratae.
1663 1091 1730 1121 Vix

1000 1146 1106 1177 minus
1120 1145 1277 1185 eleganter
1291 1143 1387 1175 etiam
1402 1142 1631 1181 Maximianus,
1650 1141 1730 1183 eleg.

1001 1208 1028 1228 v.
1046 1200 1095 1227 17.

1030 1264 1117 1287 Docta
1127 1262 1202 1293 loqui
1211 1261 1311 1293 digitis,
1327 1265 1356 1286 et
1366 1260 1486 1286 carmina
1495 1260 1599 1293 fingere
1609 1260 1701 1290 docta,

1061 1304 1094 1327 Et
1105 1309 1290 1334 responsuram
1301 1302 1435 1327 solicitare
1447 1301 1545 1334 lyram.

1043 1365 1123 1395 Ibid.
1150 1364 1366 1405 expergefacta.
1405 1364 1506 1394 Haud
1530 1362 1729 1394 incommode

999 1416 1153 1447 committi
1168 1422 1269 1455 potest
1287 1415 1511 1453 Callimachus,
1533 1415 1640 1455 hymn.
1656 1413 1729 1446 Del.

998 1472 1074 1499 512.

1035 1540 1141 1568 Ποτνιοι,
1166 1547 1207 1563 σον
1228 1547 1277 1571 περι
1296 1539 1389 1570 βωμον,
1417 1537 1662 1562 ΕΓΕῙΡΟΜΕΝΟΥ
1682 1537 1729 1562 Kl-

1155 1586 1353 1616 ΘΑΡΙΣΜΟΥ,

1038 1636 1143 1660 Κυκλων
1156 1637 1312 1668 ωρχκσαντο·
1332 1641 1396 1667 χυρε
1411 1631 1435 1657 δ’
1452 1631 1574 1663 ἦγηηιτο
1584 1632 1688 1660 Θκσευς.

999 1694 1099 1734 Popio
1124 1704 1206 1730 vero,
1235 1694 1406 1733 Graioque‚
1433 1692 1624 1722 nostratibus
1648 1693 1730 1722 hanc

998 1745 1188 1786 elegantiam
1197 1750 1354 1784 arreptam
1365 1754 1440 1780 esse,
1457 1754 1516 1774 nos
1526 1743 1600 1774 alibi
1615 1743 1650 1773 in
1664 1743 1729 1774 suis

998 1797 1074 1828 locis
1088 1797 1326 1828 observavimus.

1041 1849 1116 1879 Ver.
1133 1852 1204 1879 414.
1221 1855 1402 1888 penetrare:
1428 1848 1470 1878 V.
1497 1847 1546 1878 ed.
1573 1853 1614 1878 11.
1634 1857 1730 1887 peue-

998 1902 1227 1940 nala—putes.
1258 1906 1298 1930 Π.
1316 1905 1437 1939 putent.

1047 1951 1129 1981 Ibid.
1151 1957 1313 1990 penetrare
1329 1953 1363 1981 in
1382 1952 1495 1981 nareis.
1541 1949 1592 1980 Sic
1606 1948 1646 1979 de
1660 1951 1730 1980 odo-

998 2003 1081 2032 ribus
1100 2002 1305 2040 Claudianus,
1321 2001 1406 2042 idyll.
1423 2001 1443 2032 i.
1459 2005 1511 2033 98.

1028 2071 1071 2099 Et,
1087 2069 1231 2095 Pelusiacas
1242 2070 1388 2102 productus
1399 2070 1434 2094 ad
1448 2076 1533 2100 usque
1544 2069 1665 2101 paludes⁹

1029 2110 1110 2134 Indus
1121 2109 1182 2133 odor
1188 2113 1304 2141 penetrat
1314 2117 1396 2133 nares.

1000 2172 1050 2202 Ibi
1066 2171 1176 2201 malim
1191 2172 1338 2212 equidem
1349 2174 1530 2212 perductus,
1545 2172 1626 2201 utin
1642 2172 1726 2202 mul-

998 2223 1038 2253 tis
1052 2223 1122 2253 aliis
1136 2229 1276 2253 veterum
1291 2223 1377 2261 locis,
1401 2223 1455 2253 ubi
1470 2223 1601 2253 alteram
1616 2233 1726 2254 vocem

996 2275 1165 2305 editoribus
1180 2275 1279 2304 visum
1297 2280 1344 2305 est
1365 2275 1541 2305 retinuisse.
1588 2274 1728 2304 Amobi-

994 2336 1041 2362 us,
1058 2326 1111 2356 lib.
1129 2326 1180 2356 vii.
1202 2337 1231 2365 p.
1248 2329 1320 2356 235.
1343 2328 1364 2344 “
1384 2325 1558 2365 Accipiunt
1572 2335 1675 2363 auras,
1696 2330 1727 2355 et

997 2381 1019 2396 “
1035 2378 1214 2415 remittunt;
1237 2383 1274 2408 ut
1282 2384 1444 2418 penetrare
1456 2377 1528 2408 illos
1542 2377 1662 2417 possint
1675 2378 1725 2408 ni-

997 2433 1019 2449 “
1035 2433 1142 2461 dorum
1158 2430 1374 2461 differentium
1388 2429 1585 2471 qualitates.’'

1039 2482 1114 2512 Ver.
1142 2485 1213 2513 415.
1240 2489 1319 2513 tetra
1345 2488 1460 2513 torrent
1472 2495 1478 2500 ·
1491 2482 1544 2512 ¹V.
1567 2479 1616 2511 ed.
1644 2486 1726 2512 terra

995 2540 1126 2566 corrent.
1702 2541 1705 2545 ¹

1039 2586 1120 2616 Ibid.
1147 2586 1282 2617 Mecum
1305 2585 1447 2616 dubitare
1473 2584 1570 2623 soleo,
1594 2592 1635 2613 an
1659 2581 1725 2612 edi-

995 2642 1076 2667 tores
1092 2643 1175 2668 recte
1201 2637 1327 2677 capiant
1349 2637 1391 2667 ad
1413 2641 1553 2666 mentem
1572 2631 1726 2671 scriptoris

994 2699 1104 2719 vocem
1118 2696 1244 2727 torrent,
1260 2699 1316 2728 pro
1331 2694 1480 2725 cremant,
1495 2687 1528 2716 in
1543 2684 1626 2725 pyris
1639 2682 1725 2713 scili-

996 2747 1052 2772 cet.
1098 2741 1209 2772 Voluit
1247 2741 1375 2771 fortasse
1409 2745 1514 2770 noster
1550 2735 1725 2776 elegantius

996 2794 1170 2833 exprimere
1184 2794 1249 2824 vim
1263 2793 1410 2823 dictionis
1426 2791 1554 2826 Graecae,
1570 2787 1644 2818 satis
1658 2787 1723 2817 usi-

996 2850 1077 2881 tatae,
1096 2845 1184 2883 ζεεσι·
1196 2844 1338 2885 fervent:
1363 2843 1383 2873 i.
1398 2852 1424 2872 e.
1449 2846 1469 2859 “
1483 2849 1558 2870 cum
1572 2838 1724 2869 cadavera

997 2901 1017 2914 “
1031 2902 1164 2927 aestuant
1181 2892 1416 2935 putrescentia.’'
1461 2890 1630 2932 Virgilius,
1652 2899 1718 2931 geo.

995 2947 1033 2977 iv.
1048 2950 1119 2977 508.
