1894 3253
579 232 813 281 LIBER
863 232 1282 283 SECUNDUS.

1587 245 1682 285 229

323 366 449 416 Nam,
472 381 596 422 quam
616 366 676 407 vis
697 381 835 408 rerum
859 367 1049 423 ignorem
1069 366 1312 422 primordia,
1334 382 1427 424 quae
1447 369 1545 419 sint,

315 440 415 482 Hoc
435 450 573 482 tamen
596 456 647 482 ex
669 441 769 495 ipsis
791 440 883 481 coeli
906 440 1135 482 rationibus
1155 442 1287 482 ausim

316 515 592 566 Confirmare,
615 516 789 571 aliisque
810 530 862 556 ex
884 515 1005 555 rebus
1027 515 1199 556 reddere
1219 517 1370 567 multis,

200 595 278 631 180
310 590 583 645 Nequaquam
608 590 730 631 nobis
751 590 950 631 divinitus
972 604 1058 630 esse
1079 598 1258 631 creatam

312 665 512 705 Naturam
537 665 697 705 mundi:
731 679 987 720 quamquam
1007 664 1098 705 haec
1119 665 1199 706 sint
1218 666 1394 721 praedita
1413 667 1550 723 culpa:

311 740 420 788 Quae
441 739 514 779 tibi
536 739 753 794 posterius,
776 737 971 791 Memmi,
994 738 1189 781 faciemus
1211 750 1366 796 aperta:

169 895 346 936 Indignum
362 895 496 931 facinus,
521 901 551 925 et
569 895 728 927 odiosum!
757 895 902 927 Hoccine

166 953 213 978 est
227 947 374 988 genuina:
389 947 585 987 antiquitatis
601 954 809 978 monumenta
824 948 901 978 fide-

165 999 237 1029 liter
253 1005 361 1028 curata
376 998 508 1028 demum
524 999 694 1030 exhibere?

211 1051 285 1081 Ver.
313 1053 380 1081 177.
404 1053 543 1091 quamvis
571 1053 724 1090 ignorem:
751 1051 770 1082 i.
794 1062 819 1081 e.
844 1051 905 1080 “si

165 1105 190 1120 ‘⁴
207 1112 386 1132 concessero
416 1112 469 1131 me
496 1103 660 1142 ignorare;
684 1102 768 1143 quod
799 1109 905 1133 tamen

166 1158 188 1172 “
203 1154 389 1194 neutiquam
406 1154 651 1184 concesserim.”

212 1205 286 1235 Ver.
307 1209 377 1236 178.
407 1207 494 1236 Hoc:
523 1211 566 1235 Ω.
586 1205 759 1235 Non.—Et
770 1207 838 1235 coecz·
849 1217 903 1236 ra-

165 1259 309 1295 tionibus,
328 1263 363 1287 ut
378 1259 447 1287 coeli
458 1259 590 1294 ratione,
607 1257 626 1287 i.
643 1260 695 1288 49.
713 1267 748 1286 ac
766 1257 902 1296 Plinius,

163 1314 227 1338 nat.
243 1308 313 1337 hist.
331 1307 404 1337 xvii.
423 1309 480 1337 sub
496 1307 552 1338 fin.
578 1312 597 1325 “
615 1307 735 1337 Omnia
757 1309 824 1338 haec
846 1319 901 1338 an-

164 1361 186 1377 “
202 1358 266 1388 uua
280 1360 349 1389 coeli
361 1361 479 1389 ratione
497 1364 655 1396 constant;
680 1365 711 1389 et
727 1359 900 1400 aliquando

164 1413 187 1429 “
203 1410 303 1440 serius
324 1417 509 1450 poscuntur,
539 1411 711 1451 aliquando
736 1411 898 1443 celerius.'’

166 1461 208 1491 In
224 1472 316 1491 versu
333 1462 439 1492 statim
455 1462 612 1500 veniente,
631 1469 671 1492 Π.
688 1465 734 1500 in,
751 1463 817 1493 vice
831 1474 875 1493 ezr.

210 1513 285 1544 Ver.
306 1517 375 1544 179.
398 1516 541 1544 reddere:
560 1514 580 1544 i.
597 1524 622 1544 e.
638 1514 901 1552 praestare-dare

168 1575 381 1604 —exponere3
404 1565 452 1594 uti
477 1564 613 1601 Nonius,
638 1565 675 1595 iv.
691 1569 765 1597 592.
812 1566 901 1597 Alibi

166 1618 205 1648 de
221 1619 278 1647 hac
295 1627 379 1654 voce,
395 1626 452 1657 pro
465 1617 606 1656 simplice
617 1617 728 1657 posita,
744 1628 809 1649 non
820 1619 901 1650 nihil

167 1671 315 1701 diximus.

209 1724 284 1753 Ver.
305 1727 375 1753 180.
399 1725 548 1754 (livinitus
564 1730 716 1755 creatam:
743 1725 762 1755 i.
780 1735 806 1755 e.
824 1729 846 1744 ‘⁶
862 1736 900 1756 ex

166 1778 188 1793 ‘⁴
206 1774 256 1804 dei
286 1780 394 1804 mente
421 1774 575 1812 factam;”
599 1776 646 1805 uti
676 1776 898 1815 interpretatus

167 1831 214 1855 est
239 1825 400 1854 Charisius
429 1825 462 1855 in
487 1836 622 1865 gramm.
650 1826 760 1858 institt.
791 1831 898 1865 Θεοθεν,

165 1878 257 1919 gloss.
274 1885 371 1908 vetus.
424 1880 528 1917 Maro,
545 1890 612 1920 geo.
629 1881 648 1911 i.
666 1885 737 1912 414.

196 1952 284 1980 Haud,
295 1952 420 1982 equidem
433 1954 524 1983 credo,
536 1953 598 1984 quia
609 1954 642 1979 sit
655 1954 787 1980 divinitus
798 1956 846 1982 illis

198 1991 349 2022 Ingenium.

167 2059 256 2089 Male
270 2059 385 2100 legitur
399 2063 536 2092 divinius
557 2062 640 2101 apud
663 2063 695 2094 J.
724 2063 836 2095 sarisb.
862 2065 901 2095 de

166 2111 260 2151 nugis
283 2112 388 2142 curial.
405 2112 436 2142 ii.
460 2118 486 2143 2.
534 2114 623 2144 Hinc
646 2120 752 2145 autem
773 2120 898 2156 μισοέεος

167 2163 252 2202 apud
275 2170 393 2194 veteres
419 2165 576 2203 Epicurus
591 2166 748 2206 audiebat,
772 2175 808 2198 ut
825 2170 896 2200 Cle-

168 2225 259 2244 mens
275 2215 520 2255 Akexandrinus,
538 2224 643 2248 strom.
655 2219 686 2249 ii.
699 2223 750 2250 21.
783 2226 896 2254 Ἐπικε-

165 2279 206 2306 ρος
223 2266 260 2301 δε,
278 2279 303 2296 εν
319 2281 360 2306 τῳ
374 2282 415 2306 μη
433 2281 524 2311 πεινῃν
538 2270 609 2308 μηδὲ
625 2269 723 2313 διψῃν,
741 2286 792 2306 την
809 2273 898 2305 ευῖαι-

165 2330 261 2354 μονιαν
278 2319 424 2357 wemma,
448 2333 499 2352 την
516 2326 722 2353 ΜΙΣΟΘΕΟΝ
738 2333 896 2365 ετεφωνκσε

167 2374 268 2407 φωνην,
281 2369 387 2402 ασεέως
402 2382 494 2405 suram,
512 2376 548 2401 Er
560 2385 667 2407 ’παντως
681 2377 736 2415 κᾴι
749 2377 897 2420 Aderam-pt

166 2421 326 2458 μαχεσέαι.
385 2420 494 2462 Vulgo
523 2422 639 2463 legitur
670 2426 743 2456 satis
774 2427 896 2468 frigide,

167 2473 272 2502 ισοθεσν.
304 2471 411 2512 Atque
423 2472 463 2502 ad
481 2473 615 2505 Homeri
630 2478 818 2509 versiculum
833 2491 898 2512 non

164 2523 290 2562 illepide
305 2524 508 2565 philosophus
523 2527 642 2567 allusit,
661 2530 698 2561 11.
717 2537 749 2561 E.
765 2535 838 2563 457.

205 2595 334 2626 Τυδειδην,
345 2596 370 2624 ὃς
383 2608 418 2622 νυν
430 2607 459 2629 γε
470 2609 517 2624 κου
531 2609 562 2625 αν
576 2601 706 2637 Adron-'01
719 2611 853 2637 μαχοιτοὲ

165 2658 250 2699 quod
275 2659 410 2690 editores
432 2661 555 2692 videtur
569 2664 724 2704 effugisse.
770 2668 892 2709 Diony-

165 2710 230 2740 sius
246 2711 432 2751 Episcopus,
448 2714 532 2753 apud
548 2715 661 2747 Euseb.
677 2728 770 2759 praep.
786 2731 894 2762 evang.

165 2762 225 2793 xiv.
240 2766 292 2794 27.
308 2775 383 2794 eum
397 2773 486 2796 vocat
502 2770 587 2798 αέεον.

209 2815 283 2848 Ver.
302 2821 370 2849 181.
392 2830 577 2860 quamquam
602 2824 667 2853 lzaec
689 2826 767 2855 sint:
793 2825 837 2856 sic
860 2832 894 2858 Σ.

170 2871 214 2896 Ω.
236 2873 268 2897 et
282 2868 320 2899 P.
336 2869 395 2899 nisi
411 2871 496 2911 quod
511 2872 621 2903 habeat
641 2881 728 2912 smm-
745 2876 896 2909 omittunt

166 2919 227 2948 sinc
252 2925 292 2951 Π.
317 2924 351 2953 Σ.
373 2927 404 2953 et
423 2924 490 2955 Jzaec
511 2925 575 2956 sint
599 2925 705 2965 etiam,
735 2928 775 2960 G.
791 2929 828 2960 L.
846 2930 893 2962 M.

946 896 1111 928 omittunt:
1139 898 1180 928 V.
1207 897 1254 928 ed.
1289 910 1438 939 quamque
1461 901 1525 931 leoec
1540 902 1618 936 sz'nt5
1646 905 1680 935 Δ.

949 962 1100 991 quamque
1114 953 1197 982 lzoec:
1223 962 1261 982 ex
1287 952 1335 982 his
1358 953 1504 984 omnibus
1528 954 1571 991 id,
1595 954 1681 995 quod

950 1001 1088 1032 maxime
1117 1002 1279 1033 videbatur
1304 1005 1474 1043 probabile,
1505 1006 1676 1038 effecimus.

951 1053 1060 1094 Vulgo
1090 1054 1203 1093 editur,
1234 1066 1307 1086 cum
1333 1056 1509 1087 admirabili
1540 1059 1677 1099 quadam

948 1106 1170 1135 auctoritatum
1185 1106 1327 1137 fidelium
1339 1108 1588 1140 conculcatione:

978 1168 1107 1191 Naturam
1120 1168 1227 1197 mundi,
1238 1175 1296 1199 que
1308 1169 1382 1193 tanta}
1394 1173 1430 1193 est
1441 1171 1558 1201 praedita
1569 1172 1660 1204 culpa.

951 1215 1120 1253 Caeterum‚
1149 1223 1191 1246 Π.
1222 1227 1278 1255 pro
1300 1221 1422 1256 mundi,
1439 1220 1532 1250 habet
1556 1225 1676 1259 mendi,-

948 1269 1113 1309 apxai'zm,
1130 1274 1166 1298 ut
1182 1279 1263 1308 saepe
1279 1269 1353 1300 alibi
1368 1270 1401 1300 id
1417 1272 1583 1311 exemplar.

991 1319 1071 1349 Ibid.
1094 1331 1281 1360 quamquam
1310 1324 1373 1352 sint
1396 1326 1534 1363 proedc'ta
1564 1325 1675 1365 culpd:

944 1371 966 1401 i.
984 1381 1009 1400 e.
1034 1374 1055 1389 “
1072 1371 1145 1402 licet
1160 1372 1193 1402 in
1209 1373 1377 1404 hominum
1402 1377 1676 1414 reprehensionem

945 1425 967 1440 ‘⁶
983 1423 1050 1452 haec
1066 1423 1263 1463 philosophia
1279 1425 1428 1464 incurrat,
1455 1428 1543 1468 quasi
1565 1429 1674 1460 sceles-

946 1477 968 1492 “
985 1474 1024 1503 tis
1039 1480 1070 1504 et
1092 1475 1198 1514 impiis
1213 1487 1251 1506 ex
1274 1477 1438 1509 elementis
1462 1481 1670 1512 constituta:’'

944 1525 992 1554 uti
1007 1525 1150 1556 similiter
1165 1528 1310 1565 praecavit
1325 1536 1442 1568 noster,
1460 1531 1500 1561 ad
1516 1532 1538 1562 i.
1557 1536 1606 1563 81.
1623 1537 1673 1565 82.

946 1576 1073 1607 Phrasis
1081 1581 1218 1617 praedita
1234 1579 1324 1620 culpd
1341 1581 1432 1619 valet,
1445 1585 1569 1623 culpari
1578 1587 1674 1624 digna

944 1630 1256 1668 —reprehendenda:
1298 1638 1334 1662 ut
1370 1633 1489 1671 Cicero,
1519 1639 1676 1676 praeditus

945 1678 1092 1717 ααάαεὶἂ,
1107 1688 1199 1718 metu,
1223 1685 1342 1719 scelere,
1368 1685 1516 1725 ameneici,
1539 1689 1672 1728 levitate,

945 1738 976 1762 et
990 1733 1154 1772 similibus,
1170 1745 1226 1774 pro
1241 1738 1356 1772 nudans,
1372 1739 1672 1781 timidus‚scelestus,

943 1796 1060 1823 amens,
1075 1788 1155 1817 levis.
1182 1787 1271 1818 Hinc
1283 1788 1417 1827 Gellius,
1429 1789 1448 1820 i.
1464 1794 1511 1821 11.
1537 1795 1558 1810 “
1570 1793 1674 1834 Haly-

945 1839 967 1854 “
983 1842 1161 1867 attes—rex
1186 1843 1276 1868 terrae
1306 1839 1427 1879 Lydiae,
1464 1853 1545 1873 more
1581 1851 1674 1886 atque

945 1891 966 1906 ‘⁵
981 1889 1054 1917 luxu
1070 1888 1229 1919 barbarico
1239 1891 1435 1929 proedz'tus.-''
1463 1903 1519 1931 per
1533 1895 1671 1936 hendya.

944 1938 1026 1975 dem,
1044 1946 1079 1969 ut
1094 1947 1221 1980 exputo,
1237 1952 1293 1980 pro
1308 1954 1389 1974 more
1401 1944 1489 1975 lucetis
1500 1947 1669 1979 barbarici.-

943 1997 975 2021 ct
990 1992 1034 2021 ibi
1050 2002 1124 2021 sane
1151 1992 1323 2033 legendum
1349 1994 1489 2034 fortasse,
1506 2000 1667 2036 perditus.-

944 2043 1122 2081 Terentius,
1142 2043 1275 2082 Adelph.
1291 2045 1329 2075 ἰν.
1349 2048 1376 2076 7.
1393 2051 1443 2078 42.

974 2112 1076 2135 Domus
1087 2114 1260 2143 sumptuosa;
1278 2112 1431 2139 adolescens
1441 2116 1510 2141 luxu
1517 2120 1646 2150 perditus.-

941 2165 977 2189 ut
1001 2163 1023 2177 “
1038 2171 1120 2190 <more
1135 2162 1324 2200 moratam,”
1349 2163 1493 2203 Plautus,
1519 2168 1608 2199 Asin.
1628 2170 1672 2202 iii.

944 2216 971 2242 1.
993 2216 1023 2243 5.
1057 2213 1199 2244 Gellium
1224 2221 1330 2246 autem
1353 2218 1546 2249 comicorum
1568 2222 1671 2254 imita-

941 2265 1060 2295 tionem
1089 2276 1216 2296 summo
1246 2276 1339 2305 opere
1363 2268 1552 2301 affectavisse
1581 2275 1669 2304 novi-

939 2326 1021 2347 mus.

984 2370 1059 2399 Ver.
1079 2373 1147 2400 185.
1169 2373 1374 2411 expediemus:
1403 2379 1443 2404 Π.
1467 2379 1669 2415 eapediamus.

983 2421 1058 2450 Ver.
1079 2424 1149 2451 184.
1172 2424 1251 2452 illud
1275 2434 1408 2464 quoque:
1434 2425 1531 2456 Vind.
1558 2428 1595 2459 L.
1621 2430 1669 2461 M.

942 2476 977 2502 Δ.
995 2476 1029 2503 Σ.
1044 2483 1161 2512 quoque
1176 2475 1264 2504 illud.

941 2523 1039 2563 Lege,
1063 2527 1085 2541 ‘⁴
1103 2525 1190 2555 lVam
1206 2524 1294 2555 locus
1316 2526 1396 2557 est.‘’
1441 2528 1668 2564 BENTLmns.

938 2573 1081 2606 Placeret
1102 2585 1189 2613 sane,
1212 2576 1238 2605 si
1260 2587 1314 2615 per
1337 2577 1458 2608 codices
1482 2579 1598 2620 liceret,
1627 2585 1667 2614 ob

937 2626 1044 2656 statim
1059 2633 1251 2665 praeeuntem
1268 2630 1382 2664 Nunc;
1404 2629 1459 2660 sed
1477 2633 1668 2669 probabilius

937 2677 1060 2707 videtur
1074 2680 1155 2708 Jam.
1202 2678 1292 2708 Nihil
1306 2679 1434 2717 interea,
1456 2688 1492 2712 ut
1506 2683 1554 2714 his
1579 2685 1666 2716 fasti-

938 2728 998 2759 diis
1013 2729 1207 2767 consulatur,
1222 2729 1256 2760 in
1271 2730 1419 2763 Lucretio
1432 2735 1623 2768 novandum.

981 2779 1055 2809 Ver.
1075 2781 1144 2811 185.
1158 2779 1215 2811 εῑιᾶ
1230 2783 1276 2812 υι”;
1296 2782 1337 2813 V.
1349 2783 1397 2814 ed.
1411 2788 1514 2822 suave}
1530 2788 1669 2829 vocibus,

938 2830 986 2860 uti
1001 2830 1046 2868 fit,
1063 2832 1269 2864 consolidatis.
1307 2834 1397 2866 Hinc
1408 2836 1544 2869 derivata
1556 2841 1667 2871 Achil-

939 2880 977 2911 lis
992 2881 1077 2912 Tatii
1092 2882 1280 2923 depravatio,
1303 2885 1342 2917 vi.
1362 2891 1411 2918 22.
1433 2888 1501 2919 init.
1525 2891 1584 2921 hoc
1599 2901 1666 2921 mo-

939 2931 980 2963 do
995 2931 1027 2964 in
1044 2940 1164 2966 rectum
1179 2935 1349 2978 redigenda
1364 2945 1421 2971 est:
1445 2942 1527 2975 Καιῆ
1542 2947 1664 2973 Λευκιπ-
