1894 3253
604 256 839 306 LIBER
887 255 1197 306 PRIMUS.

297 389 428 432 Hunc
447 398 508 441 tu,
530 390 658 440 Diva,
679 399 752 432 tuo
774 390 1038 431 recubantem
1055 403 1229 445 corpore
1252 385 1394 431 sancto

208 469 262 505 40
295 464 554 507 Circumfusa
574 480 710 521 super,
733 466 888 506 suaveis
913 479 968 506 cx
988 480 1059 506 ore
1077 463 1256 520 loquelas

150 605 201 635 Ita
229 605 414 635 distinctum
444 604 594 643 oportuit,
627 609 658 634 et
681 604 876 642 rescriptum.

150 657 281 689 Codices
301 664 327 688 ει
350 657 510 698 felicibus,
549 655 597 686 vel
627 657 786 699 fidelibus,
821 666 878 695 pro

148 710 261 750 quibus
272 709 425 739 dederunt
435 708 569 739 editores
583 714 611 739 et
617 708 748 750 felicius
756 722 765 743 ;
784 708 877 744 male,

146 773 247 803 quum
273 762 382 792 nullus
411 761 460 791 sit⁴
473 760 700 801 comparationi
722 761 821 799 locus,
852 761 877 791 si

146 814 231 852 prior
260 814 324 845 vita
354 814 450 845 fuerit
479 815 538 844 isto
573 814 702 844 nomine
736 814 876 855 indigna.

146 865 229 895 Haec
241 871 286 895 est
297 876 387 895 mens
400 865 569 905 scriptoris:
592 869 614 884 “
626 866 759 896 Mutasti
769 867 877 903 vitam,

148 922 167 936 ‘⁴
187 919 312 957 Sabelli,
328 929 402 950 cum
417 925 527 950 morte.
550 920 663 949 Vitam
678 919 762 951 dixi?
790 920 874 958 Imo,

145 972 169 988 “
185 970 287 1001 vivere
302 981 387 1001 nune
402 971 533 1001 demum
549 971 676 1010 incipis;
700 981 758 1001 nec
773 971 875 1001 vivere

146 1024 168 1039 ‘⁶
184 1022 416 1060 tantummodo,
435 1022 490 1053 sed
511 1023 546 1052 in
562 1024 653 1053 rebus
668 1023 763 1052 etiam
778 1023 877 1053 beatis

146 1074 168 1090 “
183 1072 301 1110 vivere;
323 1079 354 1103 et
369 1084 426 1112 pro
448 1074 600 1114 dignitate
616 1073 671 1104 tua
686 1080 792 1104 nectar
806 1085 876 1114 pos-

148 1127 171 1142 “
188 1124 287 1154 cere.''

145 1177 266 1220 Vulgo,
276 1182 400 1220 pascis:
426 1179 593 1210 fedissimc.
632 1180 798 1218 Horatius,
822 1185 876 1210 sat.

146 1230 179 1261 ii.
197 1236 226 1262 8.
243 1235 296 1262 82.

176 1284 256 1315 Quod
266 1283 314 1308 sibi
322 1283 432 1316 poscenti
443 1291 497 1308 non
508 1284 607 1309 dentur
617 1284 723 1316 pocula.

146 1324 209 1355 Sed
235 1330 281 1355 est
302 1325 336 1355 in
364 1325 534 1355 tritissimis
563 1325 690 1356 dicendi
722 1326 875 1357 formulis.

153 1375 219 1411 Qui
233 1386 304 1406 vero
319 1376 360 1406 ad
377 1376 501 1412 Silium,
521 1377 602 1407 Pun.
619 1377 662 1407 iii.
680 1381 754 1408 202.

557 1437 640 1461 ardua
652 1443 714 1468 quae
726 1437 770 1467 sit,

175 1474 302 1505 scitatur,
313 1476 409 1507 pestis;
427 1479 564 1507 terrasque
575 1477 718 1509 urguentia
729 1478 851 1502 membra

176 1515 237 1546 Quo
246 1515 327 1546 ferat,
338 1520 366 1541 et
378 1523 509 1548 quosnam
522 1517 634 1549 populos
645 1517 759 1550 deposcat
770 1518 859 1543 hiatu:

146 1580 219 1600 cum
236 1570 373 1600 Heinsio
398 1570 580 1601 rescriberet
604 1573 759 1611 depascat,
787 1582 875 1611 aper-

147 1628 187 1652 tae
217 1622 277 1653 loci
306 1623 405 1662 ipsius
431 1623 611 1663 proprietati
638 1623 702 1653 vim
736 1624 875 1662 inferret,

148 1681 180 1705 et
203 1686 313 1706 omnes
336 1686 465 1707 veneres
493 1676 642 1718 imaginis
668 1677 876 1717 extingueret,

147 1737 200 1757 me
221 1727 332 1758 saltem
352 1727 476 1768 judice3
502 1735 538 1758 ut
562 1728 740 1759 audiendus
760 1729 801 1759 sit
823 1740 878 1768 po-

147 1779 212 1809 tius
237 1781 296 1810 hac
322 1780 389 1811 vice
416 1781 616 1811 acutissimus
639 1781 692 1811 ille
718 1782 879 1812 Romano-

148 1843 220 1863 rum
233 1834 396 1872 po'etarum
411 1833 605 1871 emendator,
629 1844 723 1873 quam
747 1833 877 1863 auscul-

149 1884 275 1914 tandus.

151 1934 310 1974 Denique,
327 1934 482 1975 Virgilius
497 1941 542 1965 est
557 1934 705 1965 Lucretio
720 1944 776 1974 pro
791 1945 879 1965 more

149 1987 405 2024 committendus,
422 1987 461 2017 ad
478 1988 552 2016 AEn.
568 1987 588 2017 i.
601 1989 673 2018 464.

180 2048 426 2056 ——-—-
436 2036 551 2060 animum
562 2036 668 2068 pictura
676 2037 758 2068 pascit
769 2036 855 2061 inani:

149 2082 181 2105 et
197 2077 366 2114 Martialis,
383 2077 423 2107 ix,
441 2081 490 2107 60.
508 2081 535 2106 2.

212 2127 327 2158 Inspexit
336 2126 430 2151 molles
441 2134 546 2158 pueros,
559 2127 690 2158 undisque
700 2127 814 2151 comedit.

192 2167 275 2198 Ibid.
298 2170 431 2199 inhians.
472 2168 565 2198 Idem
591 2169 721 2208 scriptor
745 2169 780 2198 in
806 2169 876 2199 An-

148 2221 225 2252 thol.
245 2221 315 2252 Lat.
338 2222 433 2252 modo
452 2228 654 2260 memoratus,
671 2223 738 2252 haec
764 2221 882 2253 ibidem

148 2271 288 2302 imitatus
300 2279 360 2303 est:

166 2331 223 2361 Ille,
234 2333 304 2358 inter
315 2333 402 2363 fiores,
412 2333 479 2358 furti
490 2333 634 2363 velamina,
644 2337 743 2363 tectus,

165 2373 263 2403 spectat
273 2372 346 2397 hians
354 2375 496 2404 Venerem,
507 2378 628 2405 totusque
636 2374 730 2398 ardore
735 2373 875 2398 tremiscit.

151 2411 204 2441 Ita
218 2413 434 2452 castigandum
449 2424 506 2453 pro
516 2420 574 2445 toto
581 2429 592 2449 ,-
618 2424 694 2444 nam
710 2415 878 2445 Maronem

150 2464 308 2503 exprimit,
325 2464 365 2495 ad
379 2475 448 2505 geo.
466 2466 510 2496 iii.
528 2470 599 2497 250.

182 2525 277 2548 Nonne
287 2523 372 2552 vides,
383 2527 414 2547 ut
425 2527 476 2548 tota
488 2527 580 2548 tremor
590 2526 727 2555 pertentet
737 2531 869 2556 equorum

181 2564 300 2595 Corpora
400 2564 408 2580 ³

195 2612 269 2642 Ver.
284 2615 337 2642 58.
361 2613 469 2652 Eque:
496 2612 535 2642 V.
563 2612 610 2643 ed.
629 2615 750 2654 Atque.-
778 2621 809 2645 et
824 2626 880 2655 pro

147 2666 273 2703 pendet,
291 2671 335 2695 Ω.
348 2667 492 2704 pendent.
538 2664 625 2695 Illud
650 2672 757 2696 autem
779 2669 880 2708 Atque

153 2718 346 2748 Veronensis
372 2718 518 2748 editionis
544 2729 628 2748 error
653 2719 776 2749 videtur
805 2731 880 2760 ope-

153 2779 268 2807 rarum,
293 2781 395 2801 errore
417 2781 474 2801 suo
497 2771 640 2801 felicium
662 2771 800 2809 fortasse,
824 2784 881 2812 pro

155 2822 262 2860 Aque;
288 2828 324 2852 ut
336 2822 501 2862 Virgilius,
519 2824 595 2854 AEn.
612 2823 649 2854 ir.
668 2826 717 2855 79.

345 2872 490 2904 pendetque
501 2873 600 2898 iterum
613 2874 743 2899 narrantis
754 2874 784 2899 ab
796 2882 846 2899 ore.

157 2913 302 2954 Hujusce
328 2916 434 2946 versus
462 2927 527 2947 non
550 2917 699 2956 expalluit
729 2918 878 2948 imitatio-

154 2974 229 2995 nem
245 2966 284 3002 Q.
302 2967 441 3005 Curtius,
457 2967 499 2999 iii.
513 2972 541 2999 6.
561 2972 607 3000 10.
633 2972 652 2988 “
670 2969 751 3007 Rex,
768 2969 880 3010 inquit,

923 607 944 621 “
961 612 1083 642 semper
1112 601 1240 643 quidem
1277 605 1405 643 spiritns
1438 612 1528 633 meus
1561 614 1595 634 ex
1625 611 1653 635 te

923 657 944 672 ‘⁴
957 656 1121 694 pependi&
1151 653 1205 683 sed
1231 664 1317 683 nunc
1339 665 1422 694 vere,
1437 654 1581 694 arbitror,
1604 667 1654 686 sa-

923 709 946 725 “
963 718 1013 737 cro
1045 711 1075 737 et
1097 706 1264 736 venerabili
1295 718 1345 737 ore
1378 707 1522 738 trahitur:
1532 707 1551 720 ”
1586 707 1605 739 i.
1629 719 1654 739 e.

922 772 978 801 per
1004 768 1034 791 tc
1061 761 1164 792 solum
1180 761 1249 791 vivo
1264 772 1395 801 semper,
1422 764 1477 794 sed
1498 774 1584 794 nunc
1599 775 1655 804 po-

921 818 1096 856 tissiinum;
1119 823 1155 847 ut
1178 817 1229 847 vix
1251 816 1357 847 videar
1381 818 1486 857 ipsum
1517 818 1588 849 aera
1609 820 1654 849 vi-

922 869 1017 900 talem
1032 869 1169 907 haurire,
1197 868 1257 898 nisi
1280 879 1336 908 per
1358 874 1451 899 tuum
1478 880 1521 900 OS.
1566 871 1656 901 Hinc

919 927 964 951 est
979 920 1065 961 quod
1081 919 1176 950 addat
1191 920 1312 949 statim:
1341 923 1363 938 “
1382 920 1527 951 Servatus
1551 932 1570 952 a
1591 932 1655 960 me,

920 977 942 992 ‘⁶
959 973 1056 1003 vitam
1071 973 1150 1002 mihi
1166 972 1327 1002 dederis:¹’
1345 973 1435 1013 quasi
1445 973 1569 1010 dixerit,
1587 977 1608 992 “
1621 974 1657 1005 Si

921 1028 943 1043 ‘⁶
960 1030 1053 1054 tuum
1075 1024 1220 1063 spiritum
1251 1023 1411 1060 efflaveris‚
1447 1025 1512 1055 una
1538 1025 1656 1057 efflabis

922 1081 942 1094 ‘⁵
957 1075 1100 1106 meum.’'
1140 1076 1183 1105 Et
1201 1074 1313 1105 eadem
1328 1081 1374 1105 est
1392 1076 1533 1106 Lucretii
1555 1077 1653 1107 inter-

921 1127 1063 1166 pretatio.

923 1177 1010 1214 Quid
1036 1176 1164 1207 autem?
1187 1182 1264 1215 puto
1286 1177 1522 1208 rescribendum
1538 1188 1604 1209 esse
1619 1180 1652 1209 in

921 1229 1060 1260 Lucretii
1075 1239 1166 1259 versu
1182 1231 1256 1267 oris,
1272 1238 1329 1267 pro
1344 1240 1394 1259 ore
1405 1243 1416 1258 .-
1443 1239 1543 1270 quum
1560 1237 1590 1260 et
1601 1241 1654 1261 ex-

920 1281 1064 1321 plicatior
1077 1280 1221 1311 videatur
1235 1281 1302 1310 haec
1318 1281 1481 1321 scriptura,
1499 1287 1530 1312 et
1552 1284 1655 1324 magis

920 1334 1041 1372 poetico
1074 1333 1186 1364 colore.
1247 1332 1338 1363 Huic
1366 1333 1450 1364 favet
1478 1335 1652 1374 suspicioni

920 1397 1026 1416 versus
1042 1387 1148 1416 nescio
1163 1386 1254 1427 cujus
1268 1386 1450 1417 recentioris
1464 1387 1499 1417 in
1516 1388 1650 1421 Anthol.

919 1439 989 1470 Lat.
1012 1440 1122 1469 Burm.
1137 1439 1158 1469 i.
1175 1441 1224 1469 72.
1250 1442 1296 1470 19.
1319 1439 1395 1469 hinc
1410 1440 1599 1471 exasciatus:

920 1491 1174 1521 Ite‚precor,Musae;
1181 1490 1247 1514 dum
1253 1490 1333 1519 Mam,
1340 1490 1406 1514 dum
1413 1490 1511 1515 blanda
1520 1492 1651 1523 Cythere,

922 1531 985 1555 Imis
995 1535 1068 1555 sucta
1079 1532 1192 1556 trahunt
1203 1531 1313 1562 suspiria
1325 1531 1417 1555 crebra
1426 1531 1562 1563 medullis,

921 1573 1050 1602 Dumque
1061 1570 1216 1596 intermixti
1227 1574 1352 1602 captatur
1362 1570 1466 1603 spiritus
1477 1571 1526 1595 oris
1535 1580 1544 1597 .-

921 1610 1046 1635 Carmine
1058 1610 1199 1642 dulciloquo
1210 1611 1323 1635 Vulcani
1334 1610 1423 1635 vincla
1434 1615 1536 1642 parate.

921 1654 1042 1694 Vulgo,
1063 1656 1244 1695 doctiloquo,
1269 1660 1300 1684 et
1316 1657 1428 1685 ducta:
1454 1662 1654 1695 ταυτολσγως.

925 1706 1012 1736 Ordo
1036 1712 1098 1736 est:
1132 1711 1152 1723 ‘⁶
1173 1706 1320 1736 Trahunt
1350 1715 1389 1735 ex
1412 1705 1561 1735 medullis
1585 1716 1653 1736 sus-

926 1761 948 1775 “
964 1758 1052 1796 piria,
1075 1768 1146 1797 quae
1172 1763 1330 1797 suguntur
1354 1757 1520 1786 invicem.’'
1574 1758 1656 1788 Nos—

925 1814 984 1846 ter,
1000 1809 1039 1838 iv.
1056 1812 1147 1838 1187.

985 1860 1017 1882 Et
1029 1862 1104 1883 tenet
1115 1856 1228 1881 adsuctis
1239 1857 1400 1882 humectans
1411 1859 1501 1883 oscula
1509 1859 1597 1884 labris.

923 1901 1029 1938 Adde,
1052 1900 1087 1930 in
1116 1899 1253 1939 priorem
1283 1899 1550 1939 emendationem,
1574 1901 1654 1943 epig.

924 1957 942 1983 7
946 1956 973 1982 4.
985 1952 1118 1982 ibidem:
1464 1991 1470 1997 ³

982 2002 1140 2035 Dulciloquis
1151 2001 1268 2026 calamos
1280 2003 1395 2034 Euterpe
1408 2002 1514 2027 flatibus
1524 2008 1614 2036 urget.

964 2043 1042 2073 Ver.
1059 2047 1114 2075 39.
1136 2055 1278 2084 corpore.-
1305 2050 1340 2075 Σ.
1360 2051 1492 2085 pectore,
1508 2056 1586 2086 quas
1602 2056 1654 2076 vo-

923 2106 974 2126 ces
999 2095 1100 2126 solent
1122 2096 1243 2127 librarii
1267 2096 1460 2127 confundere
1467 2109 1476 2134 3
1501 2097 1544 2128 sic
1559 2104 1596 2128 ut
1610 2099 1656 2128 vi-

922 2147 1039 2178 dentur
1054 2148 1150 2178 etiam
1167 2154 1368 2179 commutatae
1383 2149 1417 2179 in
1436 2150 1526 2180 Statii
1537 2150 1654 2182 Achill.

926 2200 945 2231 i.
960 2204 1032 2232 228.

957 2253 1016 2283 Ipsa
1025 2250 1134 2280 dehinc,
1145 2253 1206 2275 toto
1217 2251 1366 2276 resolutum
1377 2255 1486 2283 corpore,
1496 2251 1629 2277 Achillem

960 2291 1024 2324 (Qui
1034 2292 1122 2324 pueris
1132 2291 1221 2324 sopor)
1237 2292 1357 2317 AEmonii
1368 2292 1402 2317 de
1414 2292 1523 2324 rupibus
1534 2292 1606 2316 antri

953 2334 995 2358 Ad
1006 2334 1121 2365 placidas
1134 2335 1260 2366 deportat
1271 2342 1362 2366 aquas.

922 2373 1020 2411 Libri,
1049 2382 1168 2415 pectore
1181 2390 1191 2410 ;
1229 2386 1288 2405 nec
1309 2375 1393 2406 male
1423 2387 1480 2406 suo
1501 2382 1653 2415 tempore,

923 2426 977 2456 sed
992 2427 1137 2458 omnium
1158 2429 1375 2458 membrorum
1397 2428 1580 2458 resolutioni
1602 2429 1655 2458 vix

923 2488 994 2521 apte
1019 2482 1101 2512 satis.
1159 2482 1302 2518 Ovidius,
1327 2488 1400 2513 met.
1432 2492 1462 2512 x.
1494 2485 1566 2512 568.
1598 2481 1654 2512 ubi

923 2533 1075 2563 videndus
1091 2539 1136 2563 est
1152 2534 1370 2564 Burmannus:

1150 2591 1290 2615 curasque,
1302 2588 1328 2608 et
1339 2586 1440 2615 corpm'a
1451 2589 1560 2608 somnus

955 2626 969 2648 6
973 2624 1085 2648 elz-emt.

926 2665 1037 2695 Addas
1055 2665 1231 2701 sedulium,
1247 2674 1274 2694 V.
1286 2667 1359 2695 550.

1149 2725 1249 2756 Judae'm
1261 2727 1366 2748 constat
1377 2725 1548 2757 ademptum,

955 2766 1043 2796 Quem
1055 2772 1103 2790 nos
1113 2767 1213 2790 devoto
1225 2769 1364 2797 portamus
1370 2768 1479 2797 pectore,
1491 2765 1640 2791 Christum.

925 2814 1082 2844 Nonnulli
1092 2814 1164 2845 libri
1179 2816 1294 2846 habent
1304 2827 1436 2856 corpore.

965 2867 1040 2897 Ver.
1059 2870 1113 2897 40.
1138 2868 1349 2909 Circumfusa:
1373 2868 1394 2899 i.
1411 2879 1437 2900 e.
1461 2875 1492 2899 te
1514 2868 1648 2898 circum-

923 2917 1072 2948 fundens:
1092 2924 1128 2948 ut
1140 2919 1245 2957 Maro,
1262 2920 1336 2950 AEn.
1350 2920 1383 2951 ii.
1394 2923 1469 2952 585.
1487 2920 1526 2951 de
1537 2919 1650 2950 mediae

924 2970 1008 3000 vocis
1025 2971 1209 3016 Graecorum
1224 2977 1388 3012 potestate:
