1894 3253
217 238 278 280 86

242 368 324 404 385

717 230 778 278 Τ.
827 229 1212 279 LUCRETII

416 363 646 411 Postremo,
668 361 753 402 duo
774 362 827 403 de
846 376 1048 404 concurso
1069 377 1245 419 corpora
1264 363 1346 406 lata

359 439 403 480 Si
424 439 504 478 cita
524 435 736 486 dissiliant,
759 451 908 492 nempe
928 439 999 478 aiir
1019 452 1143 479 omne
1163 453 1325 481 necesse
1345 446 1422 490 est,

356 513 471 554 Inter
491 525 667 565 corpora
686 511 798 567 quod
819 511 906 562 fiat,
929 513 1112 567 possidat
1131 514 1268 555 inane.

355 586 396 626 Is
415 599 542 639 porro
562 585 762 641 quamvis,
785 586 942 627 circum
961 586 1234 629 celerantibus
1255 589 1380 639 auris,

356 659 566 710 Confluat,
587 659 699 700 haud
720 661 874 715 poterit
893 668 1032 702 tamen
1052 677 1139 703 uno
1159 670 1349 718 tempore
1369 670 1503 704 totum

240 740 321 776 390
355 734 552 789 Conpleri
573 735 766 790 spatium:
798 750 896 776 nam
916 736 1099 790 primum
1119 752 1325 793 quemque
1344 752 1508 779 necesse
1527 745 1587 779 est

354 808 548 864 Obcupet
568 809 633 849 ille
652 809 805 860 locum,
828 810 979 851 deinde
1000 811 1141 852 omnia
1160 811 1462 866 possideantur.

353 883 498 934 Quod,
522 885 553 924 si
575 883 680 924 forte
701 885 861 940 aliquis,
883 900 1009 940 quom
1032 900 1208 940 corpora
1228 885 1452 936 dissiluere,

352 957 465 999 Tmn
485 966 605 1013 putat
624 958 667 998 id
688 958 793 1008 fieri,
817 959 914 1014 quia
934 974 976 999 se
997 959 1247 1000 condenseat
1267 961 1352 1009 aer,

204 1115 328 1147 venitur
342 1114 376 1145 in
390 1111 584 1145 membranis
598 1114 823 1154 antiquissimis
841 1116 880 1145 G.
904 1121 936 1145 et

206 1168 254 1199 M.
287 1167 362 1197 Non
375 1166 506 1205 deperiit
516 1167 582 1195 haec
598 1166 820 1206 orthographia
836 1166 933 1196 Plau-

203 1224 237 1248 to
251 1228 306 1257 per
320 1218 520 1247 librariorum
535 1217 818 1256 importunitatem,
837 1217 934 1247 etiam

203 1269 238 1299 in
254 1270 338 1298 hunc
355 1269 451 1305 diem,
470 1269 569 1298 Merc.
585 1268 623 1298 iv,
639 1272 668 1298 5.
687 1272 738 1298 28.

522 1329 597 1360 atqui
607 1328 746 1353 dicundum
758 1333 797 1354 est
809 1333 900 1355 tamen
911 1338 916 1353 :

203 1385 240 1409 ut
254 1379 329 1409 alibi
344 1379 378 1408 in
394 1379 526 1417 comico,
542 1385 573 1409 et
588 1380 714 1408 vetustis
731 1379 851 1419 legibus
869 1380 933 1409 Ro-

204 1440 384 1460 manorum.
432 1430 590 1460 Ciceronis
620 1430 715 1460 etiam
745 1431 935 1469 exemplaria

202 1484 366 1525 aliquoties
380 1491 563 1525 agnoscunt.

203 1535 349 1566 dentibus
355 1536 421 1576 jam
439 1536 611 1577 attigimus.

247 1588 320 1618 Ver.
332 1592 406 1618 384.
426 1591 556 1619 initum:
576 1589 673 1620 vind.
686 1589 725 1620 V.
739 1590 785 1620 ed.
799 1591 838 1620 Β.
849 1597 890 1620 Π.
902 1595 935 1621 Σ.

201 1640 346 1669 ἱιιῖιιίιηι.·
374 1639 464 1670 male.
502 1642 606 1671 Inz'lzcs
622 1651 747 1681 nempe,
764 1642 935 1682 ingressus,

201 1690 375 1720 exordium.
414 1691 581 1731 Virgilius,
598 1702 666 1732 geo.
679 1692 717 1722 iv.
733 1696 807 1723 516.
824 1692 934 1722 eadem

612 1485 671 1515 Sed
686 1496 754 1515 rem
770 1486 803 1515 in
818 1497 933 1526 praece-

200 1743 315 1782 phrasi,
332 1749 425 1783 atque
442 1745 553 1773 initum
572 1755 680 1783 capere
689 1758 698 1774 .-

218 1806 298 1829 Unde
309 1812 380 1829 nova
391 1805 515 1837 ingressus
528 1806 670 1830 hominum
681 1807 848 1838 experientia
857 1807 931 1839 cepit.-

203 1854 222 1885 i.
235 1866 261 1885 e.
278 1855 362 1885 unde
372 1866 490 1886 novum
509 1857 568 1886 hoc
585 1857 836 1896 experimentum
851 1868 933 1897 coep-

202 1912 271 1936 tum
288 1913 334 1936 est
347 1907 428 1936 inter
443 1908 596 1938 homines.
631 1909 748 1939 Confer
762 1919 830 1949 geo.
847 1909 866 1939 i.
882 1913 932 1940 42.

202 1957 234 1987 ii.
255 1961 322 1988 175.
369 1958 514 1996 Ovidius,
539 1959 704 1989 exordium
735 1960 836 1999 operis
865 1961 932 1990 Lu-

201 2009 331 2038 cretiani
346 2009 496 2045 imitatus,
514 2010 552 2040 de
567 2009 649 2040 αίηιιῖ
671 2013 793 2049 Venere,
809 2011 848 2042 ad
860 2012 930 2042 fast.

202 2059 243 2090 iv,
263 2063 312 2091 93.

233 2129 351 2159 Juraque
363 2127 408 2151 dat
420 2127 503 2157 coelo,
515 2131 607 2157 terrae,
619 2128 750 2152 natalibus
760 2128 852 2159 undis3

263 2169 365 2197 Perque
375 2174 434 2190 suos
446 2166 524 2190 initus
535 2167 658 2191 continet
672 2174 754 2191 omne
765 2174 857 2199 genus.

203 2222 293 2253 Hinc
313 2228 420 2253 autem
446 2224 479 2252 in
504 2223 636 2253 transitu
652 2224 754 2254 labem
770 2224 880 2254 tollam
896 2236 933 2255 ex

203 2275 302 2306 Ennii
332 2275 481 2314 praeclaro
513 2276 637 2306 Medeae
666 2276 857 2317 fragmentO,
888 2284 933 2308 tot

202 2327 404 2367 scriptoribus
418 2327 558 2357 laudato:

267 2414 341 2438 Neve
352 2413 414 2438 inde
425 2413 499 2437 navis
510 2413 670 2437 inchoandae
682 2413 815 2437 exordium

265 2452 380 2484 Cepisset,
392 2460 454 2484 qua:
467 2460 538 2477 nunc
551 2453 707 2477 nominatur
719 2453 828 2478 nomine

264 2494 346 2524 Argo.

203 2554 303 2592 Libri,
320 2561 391 2585 tum
408 2555 580 2594 Ciceronis,
597 2562 667 2585 tum
684 2555 848 2594 Prisciani,
867 2559 930 2587 Cae-

199 2608 310 2644 pissest
336 2607 406 2637 vide
421 2608 546 2638 Lucret.
562 2609 581 2638 i.
600 2612 671 2640 150.

208 2658 376 2697 Caetemm‚
390 2661 564 2698 Bendeius,
576 2671 632 2700 pro
642 2660 818 2691 adulterino
829 2666 933 2691 totum

206 2718 330 2738 versum
360 2711 480 2741 videtur
502 2712 657 2742 habuisse:
685 2712 740 2742 sed
762 2712 932 2750 immerito,

205 2758 277 2789 mei
294 2760 403 2791 saltem
418 2764 581 2795 sententia.
626 2765 709 2795 Vide
724 2776 785 2795 ver.
804 2768 852 2795 15.

251 2811 324 2842 Ver.
346 2816 418 2843 585.
448 2816 618 2847 Postremo:
647 2824 689 2847 Π.
717 2819 935 2857 Principio.—

205 2874 370 2894 concurso:
389 2864 432 2894 sic
448 2865 485 2895 P.
502 2867 538 2896 B.
555 2867 591 2897 L.
610 2869 656 2898 M.
674 2875 715 2900 Π.
734 2874 767 2900 Σ.
784 2874 815 2899 et
826 2869 937 2908 probat

208 2914 381 2949 BentleiuS.
428 2916 552 2956 Caeteri,
572 2929 730 2951 concursu.
775 2919 869 2950 Idem
883 2929 935 2950 va-

979 1115 1061 1152 lent;
1093 1114 1158 1152 sed,
1191 1114 1278 1144 libris
1307 1113 1586 1152 consentientibus,
1616 1114 1717 1154 poetae

979 1172 1086 1196 nostro
1110 1176 1180 1195 mos
1204 1176 1281 1196 suus
1303 1175 1368 1195 non
1390 1171 1458 1195 erat
1473 1166 1718 1207 extorquendus.

980 1218 1031 1247 Ita
1045 1227 1072 1247 V.
1096 1221 1187 1247 1153.

1393 1277 1546 1306 petuntque

1010 1316 1059 1339 Res
1071 1322 1107 1338 ex
1118 1314 1213 1337 auditis
1224 1314 1322 1345 potius,
1333 1321 1415 1344 quam
1427 1315 1544 1338 sensibus
1556 1314 1627 1346 ipsis.

980 1362 1074 1393 Alius
1090 1363 1220 1393 sortasse
1232 1363 1361 1393 dixisset
1376 1373 1414 1393 ex
1429 1366 1550 1394 auditu.
1568 1363 1716 1402 Plautus,

980 1424 1074 1444 merc.
1090 1425 1118 1445 v,
1137 1419 1165 1444 2.
1183 1418 1233 1445 63.

1237 1472 1370 1498 vidistin’?
1383 1480 1417 1497 an
1429 1473 1460 1497 de
1469 1473 1558 1498 audito
1569 1475 1697 1500 nuncias?

979 1522 1033 1552 ubi
1055 1522 1199 1552 consulas
1215 1522 1408 1562 interpretes.
1456 1523 1556 1553 Enim
1580 1534 1655 1554 vero
1675 1524 1717 1553 si-

979 1574 1073 1604 miles
1087 1574 1232 1604 formulae
1247 1584 1321 1605 cum
1342 1575 1562 1614 praepositione
1584 1578 1622 1606 de
1645 1586 1718 1615 pas-

980 1627 1039 1656 sim
1057 1628 1272 1664 obversantur,
1289 1633 1320 1657 et
1334 1627 1367 1657 in
1384 1627 1614 1668 lexicographis
1629 1638 1716 1658 com-

979 1685 1103 1718 parent:
1130 1679 1200 1709 vide
1216 1689 1301 1717 mox,
1324 1690 1385 1710 ver.
1403 1682 1475 1711 795.

1023 1731 1098 1761 Ver.
1115 1734 1189 1762 586.
1215 1732 1249 1762 Si
1260 1733 1339 1762 cita:
1360 1731 1397 1761 Β.
1410 1731 1448 1761 L.
1463 1731 1510 1761 M.
1525 1737 1565 1761 ΙΙ.
1590 1733 1640 1762 Sic
1652 1733 1712 1762 ita.-

978 1782 1065 1812 unde
1081 1782 1228 1823 cogitatio
1244 1783 1340 1821 subit,
1363 1793 1404 1813 an
1420 1782 1483 1813 alio
1498 1782 1594 1813 modo
1618 1783 1716 1824 longe

978 1835 1098 1865 diverso
1113 1835 1201 1865 locus
1213 1834 1361 1865 constitui
1374 1834 1498 1873 debeat,
1511 1835 1712 1876 concipique:

1038 1904 1186 1931 Postremo,
1197 1903 1251 1926 duo
1264 1901 1297 1926 de
1309 1908 1440 1926 concurso
1452 1908 1575 1934 corpora,
1587 1901 1642 1926 lata

1040 1943 1079 1967 Sir
1091 1943 1128 1966 uti
1141 1943 1312 1967 dissiliant—:

977 1993 996 2022 i.
1012 2003 1038 2023 e.
1062 1996 1084 2010 “
1101 1993 1144 2022 ita
1159 1998 1227 2022 acta
1242 1998 1273 2022 et
1287 1994 1411 2030 collatu,
1438 1997 1474 2022 ut
1489 1996 1558 2031 post
1577 1991 1705 2032 junctas

983 2047 1004 2061 “
1020 2043 1209 2081 superficies,
1227 2042 1417 2073 dissiliant:”
1437 2048 1474 2072 ut
1489 2043 1528 2072 sit
1543 2043 1715 2072 nominati-

978 2104 1034 2124 vus
1044 2094 1184 2133 pendens
1196 2108 1228 2124 fro
1237 2096 1297 2123 cluo
1307 2104 1446 2133 corpora,
1457 2093 1497 2123 ad
1509 2103 1631 2123 morem
1642 2093 1717 2132 po'e'-

976 2152 1081 2176 tarum
1109 2145 1338 2184 primariorum.
1385 2145 1494 2185 Magis
1517 2144 1715 2184 perspicuam

980 2204 1088 2227 tamen
1118 2207 1196 2235 esse,
1235 2203 1329 2238 atque
1351 2196 1540 2234 naturalem,
1571 2196 1715 2237 adeoque

992 2249 1256 2288 anteponendam,
1286 2248 1447 2288 vulgatam
1476 2248 1632 2277 rationem
1654 2257 1720 2278 non

985 2303 1324 2341 diffitemur.-Porro,
1339 2313 1396 2342 pro
1410 2313 1508 2339 omne,
1527 2308 1569 2331 Π.
1587 2304 1702 2332 omnia.

1021 2355 1096 2384 Ver.
1111 2358 1183 2385 587.
1196 2356 1280 2396 fiat:
1306 2354 1351 2384 ita
1366 2354 1403 2383 P.
1420 2354 1458 2383 Β.
1473 2358 1508 2383 Δ.
1526 2357 1560 2384 Σ.
1579 2354 1714 2394 o..flat‚

982 2406 1021 2436 G.
1045 2406 1086 2436 V.
1114 2406 1161 2436 ed.
1185 2405 1285 2436 vind.
1310 2405 1347 2435 L.
1364 2405 1412 2435 M.
1432 2411 1473 2434 Π.
1496 2413 1599 2433 errore
1625 2402 1714 2433 valde

976 2456 1117 2496 procliw',
1142 2467 1198 2496 pro
1218 2458 1288 2498 fiat.
1334 2456 1410 2486 Non
1434 2461 1500 2485 erat
1522 2465 1652 2493 caussae,
1674 2454 1714 2485 de

979 2509 1039 2549 qua
1061 2509 1209 2539 Lucretio
1221 2508 1318 2550 ιῘὶιυαι
1342 2518 1437 2538 suum
1460 2507 1594 2537 editores
1613 2512 1710 2536 teme-

975 2560 1050 2590 rarii
1065 2559 1277 2591 obtruderent.
1309 2560 1373 2590 Pro
1391 2560 1544 2598 possidat,
1566 2562 1601 2588 Δ.
1618 2562 1649 2586 et
1666 2563 1710 2588 Π.

973 2616 1139 2654 possideat,
1166 2619 1202 2643 ut
1224 2619 1291 2643 erat
1313 2612 1518 2652 sperandum:
1544 2621 1602 2640 nec
1617 2610 1710 2640 dubi-

977 2673 1053 2704 tem,
1078 2666 1154 2707 quin
1179 2671 1266 2696 extra
1281 2665 1420 2696 Lucretii
1435 2662 1585 2703 pomoeria
1599 2662 1709 2692 dictio-

978 2728 1052 2748 nem
1063 2719 1187 2757 possz'do
1203 2716 1361 2747 inventuri
1377 2725 1526 2752 essemus„
1542 2713 1567 2743 si
1583 2724 1637 2753 per
1659 2713 1708 2743 in-

978 2770 1175 2800 continentes
1204 2768 1403 2800 librariorum
1434 2765 1530 2806 stylos
1561 2776 1612 2795 res
1643 2776 1709 2796 non

978 2823 1127 2853 stetisset:
1150 2821 1205 2852 sed
1231 2821 1264 2850 in
1287 2820 1335 2850 his
1355 2819 1509 2859 plerisque
1524 2817 1603 2847 nihil
1620 2817 1710 2848 nobis

979 2879 1091 2912 praeter
1106 2873 1226 2912 plorare
1241 2881 1277 2901 ac
1294 2870 1455 2911 desperare
1473 2869 1543 2911 jam
1564 2869 1709 2901 relictum

980 2935 1058 2963 esse,
1073 2923 1168 2954 nimis
1181 2925 1313 2954 constat.
