1894 3253
288 301 381 339 284

783 290 842 336 T.
892 286 1271 336 LUCRETII

318 430 400 465 500
433 424 637 478 Purpura,
671 421 906 462 Thessalico
927 419 1179 461 concharum
1200 420 1328 460 tincta
1347 419 1501 468 colore;

430 498 586 547 Aurea,
617 510 827 552 pavonum
847 494 997 536 ridenti
1017 492 1161 534 inbuta
1180 493 1333 549 lepore,

286 656 383 686 Pium
406 661 437 686 et
451 655 680 692 Veronensem,
702 656 860 685 verissime
879 662 1006 692 reposu-

283 717 345 745 ere,
368 718 424 746 pro
439 714 515 738 tecta
522 724 533 744 ‚·
557 708 641 748 quod
652 707 764 737 vitium
779 707 886 737 omnia
901 714 1007 735 exem-

283 759 381 798 plaria
395 760 506 798 scripta
522 760 648 790 obsidet.
693 760 839 790 Eandem
860 756 1007 788 restituti-

283 822 390 849 onem,
414 811 500 841 libris
516 812 624 842 itidem
639 811 852 847 renuentibus,
869 814 1005 840 nosmet-

284 862 342 901 ipsi
368 863 505 903 Virgilio
527 874 627 903 nuper
648 863 792 901 fecimus,
823 863 863 893 ad
892 872 960 902 geo.
985 860 1005 889 i.

282 917 354 944 467.
380 914 543 952 plausuris,
576 921 613 944 ut
635 925 839 955 auguramur,
867 911 1003 943 eruditis.

280 965 323 994 Et
339 965 456 1005 vulgati
482 966 652 996 inferciunt
666 973 695 996 et
710 966 749 996 ad
765 965 861 995 finem
875 965 1004 1004 hujusce

280 1015 394 1051 versus,
418 1016 473 1047 sed
488 1017 619 1047 omnino
635 1017 701 1047 sine
716 1017 810 1047 libris.

322 1067 403 1097 Ibid.
418 1069 588 1099 Thessalico
597 1083 607 1099 .-
621 1079 696 1098 nam
707 1068 813 1098 civitas
828 1068 1003 1104 leessalz'ae‚

279 1124 355 1148 teste
372 1119 490 1157 Servio,
514 1120 534 1149 l.
550 1130 575 1150 c.
599 1127 645 1150 est
671 1121 830 1150 Meliboea:
856 1118 907 1149 cui
928 1128 1002 1148 con-

275 1170 371 1201 sentit
386 1171 562 1210 Stephanus
577 1172 756 1212 Byzantius.

320 1223 393 1253 Ver.
409 1226 480 1254 501.
495 1226 627 1254 ridenti:
647 1223 690 1252 sic
707 1230 752 1254 Ω.
766 1228 798 1252 et
813 1222 867 1252 alii
881 1221 1003 1251 dudum

279 1274 481 1303 restituerunt
496 1284 533 1303 ex
549 1274 635 1304 libris
660 1273 798 1312 scriptis3
821 1272 875 1302 sed
890 1271 1003 1311 reliqui

277 1336 396 1361 omneS,
419 1325 605 1365 quibuscum
628 1325 717 1355 nobis
737 1335 786 1354 res
812 1329 869 1361 est,
892 1326 1002 1354 rident.

303 1377 381 1407 acile
394 1380 407 1408 ι’
423 1377 594 1408 elaberetur
603 1378 642 1407 ob
652 1382 834 1418 sequentem
845 1375 1002 1416 syllabam.

319 1429 399 1459 Ibid.
424 1431 531 1459 Aurea
553 1440 702 1467 pavonum
724 1430 832 1467 lepore.
880 1427 1001 1456 Antho-

273 1479 357 1522 logia
371 1482 440 1511 Lat.
456 1481 566 1510 Burm.
582 1479 626 1508 iii.
644 1483 714 1509 152.
731 1483 758 1509 2.

337 1556 400 1578 Tuo
412 1554 501 1586 palato
512 1554 615 1578 clausus
623 1558 698 1586 pavo
708 1553 836 1585 pascitur,

338 1597 461 1620 Plumato
473 1595 580 1620 amiceur
590 1603 666 1619 aureo
678 1594 825 1626 Babylonico
835 1603 844 1618 .-

278 1664 347 1694 quae
372 1654 557 1684 Lucretium
584 1653 709 1694 egregie
724 1653 898 1682 illustrant:
926 1662 1000 1681 nam

277 1706 363 1735 hunc
378 1717 514 1743 versum,
536 1712 573 1736 ut
588 1705 789 1745 praecedentis
804 1703 1001 1744 exegeticum

276 1759 376 1797 capio,
400 1769 498 1798 quum
524 1769 621 1793 voces,
647 1758 760 1798 quibus
786 1767 920 1795 pavones
935 1762 999 1785 tam

274 1812 307 1841 in
322 1811 421 1850 poetis
439 1811 565 1846 Graecis,
589 1821 684 1851 quam
700 1809 831 1845 Latinis,
855 1807 999 1849 insigniri

272 1863 383 1900 solent,
400 1875 516 1903 χρειο-εσς
533 1868 620 1901 puta,
637 1865 758 1902 ανέκρας,
774 1868 805 1891 et
816 1860 939 1896 similia,
950 1861 998 1890 in-

274 1914 452 1945 differenter
473 1914 512 1944 de
532 1914 611 1943 luxu
626 1914 880 1943 vestimentorum
905 1913 1001 1942 etiam

273 1972 471 2005 usurpentur.
503 1967 626 1996 Locum
642 1965 764 1996 Lucani
781 1976 844 1995 non
860 1965 1001 1995 alienum

272 2019 456 2057 admovebo,
484 2027 520 2050 ut
547 2020 708 2050 w'deamus
738 2019 814 2060 quid
842 2018 899 2048 sibi
928 2018 1001 2048 velit

275 2071 355 2101 illud
369 2073 526 2110 epitheton
538 2075 713 2112 plumntns:
733 2083 807 2101 nam
822 2071 1000 2101 scholiastes

275 2132 341 2151 rem
357 2132 422 2152 non
437 2123 552 2159 tenuit3
580 2123 712 2152 editores
733 2129 848 2158 autem,
872 2132 929 2161 pro
950 2132 999 2151 so-

274 2173 331 2204 lito
345 2174 415 2211 sibi,
431 2174 544 2203 melius
559 2180 669 2213 putant
684 2173 890 2208 dissimulare,
906 2183 1001 2213 quam

275 2225 487 2265 ignorantiam
503 2235 593 2255 suam
607 2226 746 2265 ingenue
761 2225 860 2255 fateri.
906 2226 999 2265 Legi-

274 2285 326 2307 tur
340 2285 446 2307 autem
462 2277 493 2307 in
511 2278 618 2308 Phars.
635 2288 663 2307 x.
684 2281 753 2307 123.

275 2363 362 2385 Strata
374 2361 490 2391 micant3
508 2361 594 2392 Tyrio
607 2368 722 2392 quorum
731 2368 790 2393 pars
801 2361 923 2385 maxima
934 2360 998 2385 fuco

275 2404 361 2426 Cocta
371 2401 417 2425 diu
429 2401 500 2424 virus
512 2408 565 2425 non
577 2408 632 2425 uno
644 2401 724 2425 duxit
735 2400 835 2425 aheno:

273 2444 332 2466 Pars
343 2448 408 2465 auro
417 2441 532 2473 plumata
544 2440 623 2470 nitet,
639 2448 698 2472 pars
708 2440 786 2472 ignea
796 2446 896 2464 cocco:

274 2519 351 2540 auro
374 2508 526 2548 plumata:
557 2507 576 2537 i.
603 2517 627 2537 e.
653 2507 756 2537 aureis
780 2507 916 2547 squamis
941 2508 994 2537 ob-

274 2562 488 2592 ducta—auro
510 2559 665 2600 squalens,
688 2559 737 2589 vel
762 2559 898 2589 horrida:
926 2559 996 2589 vide

274 2624 332 2644 nos
357 2624 450 2653 supra
476 2613 516 2643 ad
545 2623 605 2642 ver.
631 2615 702 2642 425.
749 2611 832 2641 Rem
856 2610 998 2641 conficiet

273 2665 439 2705 Virgilius,
464 2665 539 2694 AEn.
556 2665 596 2694 xi.
614 2667 684 2694 771.

650 2744 732 2768 quem
744 2736 817 2767 pellis
825 2737 915 2762 ahenis

305 2781 335 2802 ln
343 2779 457 2810 plumam
467 2779 578 2811 Jquamis
587 2786 650 2803 auro
661 2782 784 2803 conserta
795 2779 912 2810 tegebat.

274 2844 363 2874 Bene
382 2844 517 2874 Servius:
545 2849 567 2863 “
584 2845 699 2875 Pluma
715 2850 761 2874 est
782 2844 815 2874 in
829 2843 998 2881 armatura,

274 2899 297 2914 “
314 2895 367 2925 ubi
381 2895 500 2924 lamina
514 2897 548 2925 in
562 2896 714 2926 laminam
729 2907 761 2926 se
775 2896 886 2927 indit.’'

316 2946 398 2978 Ibid.
431 2949 563 2977 ridenti:
594 2948 616 2978 i.
644 2959 670 2978 e.
704 2948 891 2988 splendenti;
929 2954 997 2988 post

275 3002 416 3033 Graecos:
446 3005 482 3030 ut
497 2999 670 3038 Homerus,
688 3000 727 3030 Il.
748 3006 779 3030 T.
796 3004 868 3031 560.
894 3019 897 3022 <

1285 654 1448 680 ΓΕΛΑΣΣΕ
1461 653 1486 679 δε
1496 662 1573 680 τινα
1582 662 1632 688 περι
1643 653 1719 687 χθων

1083 704 1184 727 Χαλκκ
1196 702 1240 728 ὑπο
1250 712 1366 738 πτεροττπς
1376 714 1382 727 :

1051 768 1120 798 vide
1136 779 1193 799 nos
1208 769 1247 799 ad
1262 780 1322 800 ver.
1344 773 1416 801 575.
1441 776 1472 799 et
1485 769 1526 800 iii.
1544 773 1593 799 22.
1638 769 1776 806 Interea,

1051 819 1130 849 mihi
1153 820 1225 850 satis
1248 821 1357 861 liquet,
1381 821 1462 850 hanc
1490 820 1659 850 dictionem
1684 819 1774 850 redo-

1051 872 1188 902 nandam
1204 883 1268 902 esse
1283 873 1416 903 carmini
1436 876 1507 904 292.
1523 883 1584 902 ver.
1604 875 1650 902 15.
1665 871 1718 902 lib.
1733 871 1776 901 iii.

1049 923 1179 954 Anthol.
1196 924 1267 954 Lat.
1282 925 1394 954 Burm.
1410 923 1456 953 vel
1470 923 1606 953 Ausonii
1615 922 1699 963 idyll.
1716 922 1775 953 xiv.

1048 974 1118 1004 vide
1132 975 1171 1004 ad
1182 985 1242 1004 ver.
1258 978 1330 1006 319.
1347 985 1453 1014 supra:

1109 1043 1187 1067 Clara
1197 1043 1327 1074 pruinosis
1338 1043 1434 1067 ridebat
1445 1050 1554 1075 gemma
1564 1042 1681 1068 frutetis.

1049 1101 1168 1142 Vulgo,
1184 1104 1330 1133 candebat
1339 1118 1349 1137 ;
1376 1102 1430 1132 sed
1445 1102 1528 1132 varia
1543 1101 1635 1132 lectio
1657 1104 1775 1141 gauzle-

1047 1154 1097 1183 bat
1120 1153 1199 1183 nihil
1224 1160 1269 1184 est
1293 1154 1352 1183 nisi
1377 1164 1458 1184 verae
1480 1154 1574 1191 vocis,
1598 1164 1657 1193 ope
1671 1153 1775 1183 nostra

1047 1206 1197 1235 restitutae
1227 1207 1295 1247 jam
1326 1216 1422 1243 nunc,
1454 1206 1776 1245 interpretamentum.

1048 1258 1140 1287 Libet
1154 1269 1228 1288 vero
1245 1258 1430 1288 Petronium
1443 1271 1468 1289 εν
1484 1258 1594 1300 παροδῳ
1605 1259 1644 1288 ab
1658 1258 1777 1288 inscitis

1047 1310 1209 1339 conatibus
1221 1310 1374 1340 editorum
1391 1310 1557 1346 vindicare,
1581 1311 1614 1339 in
1626 1320 1690 1349 cap.
1707 1314 1775 1342 109.

1078 1384 1154 1406 Nunc
1168 1383 1262 1406 umbra
1275 1383 1375 1406 nudata
1387 1383 1433 1407 sua
1444 1385 1498 1414 jam
1511 1387 1635 1414 tempora
1645 1386 1760 1412 marem,

1108 1425 1230 1454 Areaque
1241 1425 1338 1448 attritis
1349 1424 1414 1448 ridet
1424 1425 1517 1449 adusta
1529 1425 1600 1456 pilis:

1046 1489 1066 1518 i.
1094 1499 1119 1519 e.
1146 1491 1300 1529 splendet:
1337 1500 1425 1527 nam,
1453 1490 1538 1520 calvo
1563 1490 1688 1526 credite,
1711 1491 1774 1521 lec-

1046 1540 1141 1570 tores!
1169 1542 1265 1570 nz‘tent
1283 1541 1383 1579 capita
1399 1541 1574 1578 calvorum3
1597 1546 1652 1571 aut
1666 1541 1777 1571 saltem

1047 1591 1192 1621 Homero
1208 1591 1283 1621 fides
1298 1593 1352 1622 sit:
1378 1592 1452 1622 hinc
1474 1593 1559 1622 enim
1582 1593 1775 1633 Eurymachi

1043 1642 1154 1672 festiva
1169 1642 1314 1673 dicacitas
1328 1644 1361 1673 in
1386 1643 1542 1683 Ulyssem,
1567 1643 1627 1674 Od.
1645 1648 1680 1676 Σ.
1702 1647 1775 1675 555.

1044 1699 1109 1724 tota
1123 1694 1253 1734 pendet:

1063 1775 1155 1805 Εμιτης
1167 1784 1211 1806 μοι
1225 1774 1300 1799 δοκεει
1318 1773 1408 1799 aaziae»
1420 1778 1497 1801 σελας
1511 1783 1616 1806 εμμεναι
1629 1784 1696 1799 ww

1069 1823 1118 1846 Koa»
1127 1826 1248 1853 κεφαλῆς·
1262 1830 1307 1846 §sm
1321 1831 1336 1846 κ
1347 1820 1368 1846 οἱ
1379 1830 1408 1846 ενι
1419 1830 1501 1854 τριχες
1515 1822 1560 1845 ΟΥ
1573 1822 1622 1845 ΔΗ
1635 1821 1732 1845 BAIAI
1742 1831 1749 1845 :

1044 1881 1087 1911 sic
1102 1882 1187 1912 enim
1200 1882 1316 1922 ubique
1332 1883 1364 1912 in
1380 1892 1418 1911 eo
1433 1881 1601 1922 legendum
1617 1887 1671 1912 est.
1705 1881 1772 1912 Hic

1045 1940 1150 1964 autem
1166 1934 1253 1965 locus
1268 1945 1332 1964 non
1355 1934 1467 1974 effugit
1495 1936 1616 1974 Synesii
1637 1933 1772 1974 diligen-

1047 1986 1123 2015 tiam
1141 1986 1174 2016 in
1196 1989 1330 2017 encomio
1346 1987 1413 2026 ejus
1435 1985 1632 2015 facetissime.
1675 1985 1773 2016 Juve-

1044 2037 1134 2076 nalis,
1157 2044 1211 2068 sat.
1228 2039 1268 2068 xi.
1288 2041 1358 2068 105.

1139 2107 1177 2129 Ut
1189 2105 1301 2136 phaleris
1309 2104 1432 2136 gauderet
1443 2111 1539 2135 equus:

1043 2168 1063 2197 i.
1080 2178 1105 2198 e.
1119 2168 1310 2206 enitesceret,
1333 2174 1364 2197 et
1375 2167 1556 2206 splenderet.

1089 2220 1169 2250 Ibid.
1193 2221 1310 2250 inbuta.
1358 2219 1450 2249 Idem
1476 2224 1575 2257 potest
1592 2218 1659 2247 haec
1675 2217 1770 2248 dictio

1045 2285 1087 2310 τῳ
1116 2274 1212 2302 tincta
1244 2271 1354 2310 prioris
1382 2269 1496 2299 versus.
1545 2269 1596 2299 Sic
1624 2270 1770 2306 Avienus,

1045 2323 1131 2352 Arat.
1150 2326 1241 2352 1446.

1331 2381 1422 2405 similis
1430 2381 1480 2405 lux
1490 2379 1580 2404 imbuit
1591 2383 1698 2404 ortum:

1044 2441 1177 2478 etinfra,
1193 2449 1253 2470 ver.
1270 2440 1361 2469 1574.
1372 2437 1498 2477 pariter,
1513 2442 1549 2466 ut
1557 2436 1680 2475 opinor,
1696 2435 1767 2466 scri-

1039 2492 1172 2523 bendus:

1174 2567 1208 2585 ne
1219 2559 1378 2591 sanguineus
1387 2558 1442 2582 late
1452 2557 1529 2581 rubor
1538 2555 1635 2581 imbuat
1645 2562 1707 2580 ora:

1040 2619 1061 2649 i.
1077 2630 1102 2649 e.
1118 2616 1392 2658 tingat—inficiat:
1418 2615 1524 2655 vulgo,
1539 2609 1767 2644 induat.'Vide

1040 2681 1127 2708 mort,
1150 2681 1221 2711 quae
1233 2669 1386 2706 dicentur,
1410 2668 1450 2698 ad
1464 2676 1525 2696 ver.
1545 2668 1615 2696 755.

1088 2722 1169 2753 Ibid.
1193 2723 1299 2752 inbuta
1314 2722 1419 2759 lepore.
1459 2718 1536 2747 Huc
1551 2713 1657 2745 oculos
1671 2713 1765 2743 etiam

1044 2774 1200 2806 Manilius
1214 2771 1421 2807 convertebat,
1443 2768 1483 2798 ad
1496 2767 1534 2796 ἰν.
1550 2767 1621 2796 525.

1073 2849 1128 2872 Nec
1140 2847 1215 2871 triste
1225 2844 1375 2877 ingenium,
1390 2841 1436 2867 sed
1445 2839 1517 2864 dulci
1527 2837 1605 2862 tincta
1613 2837 1692 2869 lepore

1073 2888 1161 2912 Corda
1170 2889 1254 2911 creat.

1082 2947 1158 2976 Ver.
1177 2948 1248 2976 50⁶2.
1271 2942 1376 2981 Pepla.
1421 2939 1503 2969 Haec
1525 2942 1571 2967 est
1592 2934 1686 2966 nimis
1700 2932 1763 2964 ele-

1040 3008 1117 3040 gans
1141 2993 1318 3028 Burmanni
1340 2990 1527 3025 emendatio,
1558 2988 1597 3020 ad
1623 2983 1762 3018 Petronii

1860 2993 1876 3253 Μή-ηῤ,
1872 2954 1875 2966 ,
