1894 3253
208 272 299 310 140

702 259 762 305 T.
817 258 1199 306 LUCRETII

350 394 500 448 Solque
520 390 590 431 sua
611 404 688 444 pro
708 396 824 444 parte
843 388 967 440 fovet,
990 390 1215 446 tribuitque
1235 391 1431 442 calorem3

351 468 543 508 Crescere
563 478 648 504 non
669 463 827 518 possint
846 462 998 520 frugeS,
1020 464 1200 514 arbusta,
1229 465 1469 507 animantes.

350 540 528 587 Scilicet3
562 546 617 587 et,
640 537 718 577 nisi
738 552 814 577 nos
835 537 949 578 cibus
969 537 1122 587 aridus,
1146 546 1186 578 et
1206 547 1321 579 tener
1341 539 1507 591 humor,

236 621 317 656 810
352 613 545 668 Adjuvat,
568 612 716 652 amisso
729 612 817 667 jam
839 627 1026 666 corpore,
1053 613 1138 654 vita
1158 628 1320 669 quoque
1340 615 1474 655 omnis

349 686 554 729 Omnibus
575 701 597 727 e
617 687 752 728 nervis
772 695 894 742 atque
914 686 1070 727 ossibus
1091 687 1336 728 exsoluatur.

206 848 226 862 ‘⁴
244 847 315 874 421.
339 844 458 874 Lucan.
482 854 510 874 x.
537 847 587 876 58.
613 844 759 876 Juvenal.
787 856 833 877 xv.
863 849 932 877 102.

207 899 228 914 “
246 895 425 925 Lucretius:

207 970 224 982 “
238 969 380 999 Imbribus,
389 972 417 992 ut
428 968 493 999 tabe,
504 969 657 993 nimborum
666 970 772 994 arbusta
780 970 934 994 vacillent?

207 1040 322 1070 Malim
338 1045 444 1070 tamen
461 1039 606 1080 equidem
627 1040 660 1070 in
676 1041 724 1070 his
739 1041 936 1081 grammatici

206 1091 357 1130 exemplis
371 1102 438 1121 rem
454 1092 493 1122 ad
506 1090 637 1122 efficacis
652 1092 797 1122 virtutem
813 1102 938 1122 caesurae

206 1144 309 1183 potius
324 1144 444 1174 deferre
457 1156 463 1173 :
491 1144 530 1173 de
545 1154 607 1183 quo
622 1143 756 1174 viderint
771 1144 907 1174 lectores

250 1195 331 1225 Ibid.
362 1197 438 1226 tabe.
474 1195 556 1225 Haec
586 1195 741 1235 elegantia
766 1196 939 1236 Virgilium

207 1257 273 1277 non
288 1247 411 1287 effugit,
429 1247 504 1277 AEn.
520 1246 540 1276 i.
561 1250 630 1277 175.

281 1321 323 1349 Et,
335 1319 388 1344 sale
399 1319 515 1349 tabentis,
527 1322 599 1343 artus
611 1319 637 1343 in
649 1319 727 1344 litore
739 1323 842 1351 ponunt
853 1328 859 1344 ι

211 1392 229 1422 i.
253 1402 279 1421 e.
304 1395 326 1410 “
342 1390 443 1421 multa
462 1391 646 1431 madefactos
673 1392 869 1432 aspergine‚”
892 1392 938 1422 uti

210 1443 336 1473 Servius
365 1442 515 1481 exposuit.
572 1442 777 1481 Prudentius,
807 1445 937 1474 cathem.

210 1494 263 1524 vii,
283 1497 353 1525 107.

304 1578 358 1601 Nec
369 1576 405 1600 sic
417 1576 522 1601 calente
533 1575 588 1601 sole
598 1576 727 1600 tabescunt
738 1578 825 1601 nives:

210 1646 376 1677 aemulatus
401 1647 581 1685 Lucanum,
609 1657 636 1677 11.
661 1651 733 1679 9525.
758 1659 852 1689 quem
873 1648 941 1689 jam

210 1697 347 1728 laudavit
365 1698 615 1737 Havercampus:

240 1786 325 1815 Adde,
348 1786 421 1816 quod
443 1792 524 1811 omne
548 1789 629 1817 caput
648 1785 732 1815 fluvii,
749 1787 942 1818 quodcumque

365 1825 451 1849 soluta

240 1864 393 1895 Praecipitat
405 1864 512 1895 glacies,
524 1865 641 1896 ingresso
653 1872 726 1895 vere,
737 1866 863 1890 tumescit

241 1904 327 1928 Prima
338 1904 395 1928 tabe
407 1905 484 1928 nivis.

213 1978 326 2008 Plures
356 1978 398 2008 ibi
429 1979 551 2009 codices
581 1980 658 2010 dant
686 1982 768 2011 labe:
807 1981 846 2011 de
879 1981 941 2021 qua

211 2030 442 2068 permutatione
468 2031 573 2061 videas
598 2031 641 2060 ibi
667 2032 942 2072 Oudendorpium,

208 2087 243 2111 tet
260 2082 482 2111 Burmannum
506 2081 546 2110 ad
564 2082 698 2117 Quintil.
723 2083 852 2113 declam.
878 2083 942 2114 lxii.

213 2136 245 2163 4.
290 2132 373 2162 Haec
388 2137 495 2161 autem
515 2131 555 2161 ad
571 2132 751 2162 Arnobium
771 2133 943 2164 immutan-

212 2183 291 2214 dum
308 2193 371 2213 non
387 2193 438 2212 me
454 2183 647 2222 impulerint,
666 2184 717 2214 lib.
733 2195 760 2214 V.
784 2196 812 2224 p.
833 2189 946 2217 185.—

214 2238 237 2253 “
250 2241 281 2264 et
296 2245 369 2264 cum
385 2234 516 2264 deorum
533 2235 716 2265 criminibus
727 2237 823 2266 labem
838 2237 947 2268 imbris

216 2291 234 2304 “
250 2297 265 2316 e
277 2287 360 2323 coelo,
377 2291 407 2315 et
419 2285 539 2315 telluris
553 2286 730 2326 significare
741 2287 902 2317 madorem
911 2288 944 2319 ?’'

214 2348 396 2378 quanquam
425 2337 599 2368 locutiones
627 2338 833 2368 Lucretianas
871 2350 947 2370 nus-

217 2400 311 2430 quam
341 2399 406 2419 non
422 2395 560 2420 venetur.
606 2389 655 2420 Sic
671 2390 757 2420 enim
774 2392 946 2431 Ausonius,

216 2440 256 2470 id.
276 2441 316 2470 vi.
334 2443 361 2471 7.

239 2517 272 2541 Et
283 2517 379 2542 tacitos
390 2517 446 2543 sine
456 2517 510 2542 labe
521 2518 604 2549 lacus,
612 2519 668 2545 sine
679 2527 819 2547 murmure
829 2521 914 2547 rivos:

215 2588 233 2618 i.
250 2599 276 2618 e.
300 2589 367 2619 sine
382 2599 535 2629 aquarum
556 2590 659 2630 lapsu:
686 2602 763 2632 quas
788 2593 944 2633 significa·

216 2640 310 2669 tionis
338 2641 468 2681 hujusce
493 2641 744 2674 confirmationes
773 2644 943 2686 lexicogra-

216 2691 285 2728 phis
300 2693 534 2723 commendatas
548 2694 702 2726 volumus.

220 2742 338 2772 Statius
362 2743 490 2783 insuper
516 2747 701 2778 commodus
717 2747 865 2780 Lucretio
890 2749 944 2780 ad-

218 2794 336 2822 moveri
351 2801 462 2832 potest,
479 2796 576 2827 Theb.
593 2798 632 2828 iv.
648 2802 721 2830 564.

325 2871 435 2894 Pectora
446 2871 540 2896 tabenti
551 2875 621 2900 sanie
631 2876 731 2907 gravis:

219 2955 293 2975 cum
309 2945 439 2985 Seneca,
457 2947 542 2979 Med.
560 2952 632 2981 590.

1116 846 1174 871 Sole
1183 847 1239 877 jam
1251 844 1326 875 forti,
1338 844 1482 875 medioque
1494 851 1566 875 vere,

1236 885 1326 909 Tabuit
1338 887 1441 909 AEmus.

981 952 1131 983 Conferas
1146 951 1228 982 dicta
1244 950 1284 982 ad
1303 951 1373 982 Silv.
1392 951 1468 982 Crit.
1484 962 1510 982 v,
1529 962 1557 990 p.
1576 953 1646 982 155.

1023 1004 1104 1034 Ibid.
1134 1006 1298 1034 vacillant.-
1334 1003 1353 1033 i.
1382 1014 1408 1033 e.
1435 1009 1548 1033 nutant
1574 1009 1712 1043 gravata,

980 1054 1145 1084 frondibus
1171 1054 1259 1094 quasi
1286 1054 1472 1094 defatigatis.
1519 1054 1614 1084 Hanc
1639 1065 1713 1084 vero

981 1112 1175 1136 venustatem
1201 1106 1244 1136 sic
1262 1106 1355 1136 Maro
1381 1105 1590 1144 pulcherrime
1613 1105 1710 1136 varia-

982 1159 1036 1196 vit,
1060 1157 1134 1188 AEn.
1151 1158 1191 1188 ix.
1209 1161 1280 1189 437.

1269 1231 1370 1257 lassove
1384 1239 1515 1264 papavera
1525 1233 1586 1257 collo

1014 1272 1141 1296 Demisere
1153 1276 1239 1304 caput,
1248 1272 1348 1304 pluvia
1359 1279 1423 1296 cum
1436 1272 1507 1297 forte
1514 1275 1680 1304 gravantur:

984 1341 1097 1380 quibus
1112 1341 1197 1371 haud
1212 1351 1458 1380 supervacaneus
1473 1341 1633 1371 accesserit
1645 1341 1678 1371 H
1682 1350 1715 1370 o-

983 1403 1099 1430 merus,
1116 1393 1186 1422 fous
1199 1393 1344 1422 omnium
1356 1392 1497 1431 leporum
1511 1392 1715 1431 poeticorum,

984 1443 1023 1473 Il.
1043 1450 1080 1474 Θ.
1096 1448 1167 1474 506.

1005 1528 1095 1554 Μῆκωι
1110 1525 1130 1550 δ’
1143 1527 1173 1554 ὡς
1188 1525 1286 1559 {repam-'2
1296 1537 1364 1560 καρῇ
1375 1529 1461 1557 βαλεν,
1475 1526 1516 1553 ἦτ’
1529 1535 1557 1551 ενι
1568 1536 1640 1558 xxx-31

1005 1577 1097 1608 Κωρπῳ
1118 1576 1330 1605 ΒΡῙΘΟΜΕΝΗ,
1350 1575 1501 1613 ΝΟΤῘῌΣῙ
1521 1582 1547 1598 τε
1562 1572 1715 1613 ΕῙΑΡῙΝῌ·

1149 1622 1214 1646 ΣΙΝ.

1027 1693 1102 1723 Ver.
1120 1696 1190 1723 807.
1217 1694 1264 1722 Sol
1268 1693 1363 1732 fovet.
1411 1692 1560 1722 Similiter
1576 1692 1716 1722 Arnobi-

987 1755 1034 1782 uS‚
1059 1744 1111 1774 lib.
1134 1744 1153 1773 i.
1181 1754 1210 1782 p.
1232 1746 1278 1773 16.
1302 1743 1357 1773 im.
1385 1743 1410 1772 si
1435 1743 1530 1774 modo
1557 1744 1595 1773 sit
1618 1753 1721 1773 errore

985 1795 1145 1825 fedissimo
1161 1794 1321 1824 liberatus:
1350 1798 1372 1812 “
1391 1794 1483 1832 Quis,
1508 1805 1548 1824 ne
1566 1795 1628 1824 fixa
1655 1800 1719 1824 stu-

988 1852 1009 1866 “
1025 1857 1099 1886 pore
1115 1846 1249 1886 pigritiae
1275 1851 1488 1884 stupescerent
1507 1845 1661 1876 elementa
1677 1846 1722 1875 vi-

986 1903 1008 1916 “
1024 1898 1108 1935 talia,
1132 1899 1202 1928 solis
1219 1899 1305 1935 ignes
1321 1897 1484 1927 constituit
1498 1907 1603 1927 rerum
1620 1897 1721 1927 incre-

986 1954 1007 1968 “
1026 1956 1132 1980 menta
1154 1949 1326 1990 sotur08?”
1370 1949 1410 1978 In
1441 1948 1574 1989 vulgatis
1608 1949 1724 1989 legitur

986 2002 1080 2043 longe
1096 2001 1305 2031 inscitissime:
1334 2005 1354 2019 “
1371 2004 1413 2031 ud
1428 2011 1533 2031 rerum
1546 2002 1720 2031 incremen-

988 2056 1010 2071 “
1026 2058 1058 2082 ta
1073 2052 1233 2094 futurosff‘
1279 2052 1322 2081 Et
1354 2052 1568 2082 infelicissime
1596 2062 1721 2091 prorsus

988 2109 1094 2134 actum
1120 2109 1166 2133 est
1191 2113 1265 2133 cum
1287 2103 1348 2132 alia
1365 2103 1495 2143 hujusce
1511 2103 1640 2133 familiae
1654 2103 1721 2134 dic-

988 2155 1075 2185 tione
1089 2155 1123 2184 in
1145 2154 1328 2184 suavissimo
1350 2154 1488 2184 carmine
1505 2154 1634 2184 Anthol.
1650 2155 1720 2186 Lat.

990 2207 1098 2236 Burm.
1115 2205 1158 2235 iii.
1175 2208 1225 2234 52.
1245 2208 1292 2234 ll.
1320 2205 1405 2245 quod
1420 2211 1614 2235 transeuntes
1634 2217 1720 2236 ema-

990 2259 1177 2297 culabimus,
1204 2257 1243 2288 de
1273 2257 1446 2288 calidarum
1475 2269 1629 2299 aquarum
1653 2259 1720 2289 bal-

991 2321 1066 2342 neo:

1023 2380 1155 2402 Innocuos
1163 2377 1237 2409 fotus
1249 2378 1378 2402 membris
1389 2378 1459 2408 parit
1470 2377 1566 2403 intima
1577 2378 1666 2408 tellus,

1070 2419 1256 2448 Naturamque
1267 2417 1311 2448 pio
1322 2421 1458 2448 temperat
1469 2417 1531 2449 igne
1547 2418 1629 2442 calor.

991 2484 1111 2525 Vulgo,
1124 2485 1232 2524 foetus.
1281 2484 1331 2514 Sic
1357 2483 1391 2513 in
1418 2484 1499 2523 epig.
1522 2486 1573 2515 55.
1600 2483 1672 2514 ibid.
1693 2490 1726 2513 et

991 2536 1060 2566 aliis
1076 2536 1164 2565 istius
1178 2535 1249 2566 libri
1264 2534 1443 2574 poematiis:

1082 2613 1130 2637 Hic
1142 2612 1224 2638 sessos
1235 2616 1307 2637 artus
1321 2612 1382 2636 viva
1395 2611 1501 2635 lavacra
1509 2610 1618 2641 fovent.

993 2679 1043 2709 Sic
1072 2685 1178 2709 autem
1208 2678 1246 2708 de
1277 2680 1337 2709 sole
1372 2677 1489 2716 priores
1516 2675 1724 2715 loquebantur

993 2731 1103 2762 Graeci.
1151 2731 1197 2761 Sit
1212 2731 1283 2760 testi
1298 2728 1465 2765 Pindarus,
1485 2726 1536 2757 01.
1552 2726 1572 2756 i.
1588 2730 1616 2756 8.

1146 2816 1245 2846 anffl’
1266 2817 1386 2841 ἋΛΙΟΥ
1403 2823 1491 2840 σκοτει

1151 2864 1504 2896 Α)].,,ΘΑΛΠΝοΤΕΡοΝ

1150 2914 1184 2936 Er
1200 2912 1286 2945 ἁμερᾳ
1299 2917 1389 2942 aaaron
1403 2919 1493 2944 αστριν

1148 2961 1253 2993 Ερημας
1265 2957 1299 2984 δι’
1315 2958 1411 2993 ιιθερος.
