1894 3253
706 265 765 312 T.
808 264 1190 313 LUCRETII

337 395 393 437 Et
413 396 444 436 si
466 402 665 451 praeterea
683 402 821 436 tamen
842 411 928 437 esse
949 396 1179 438 Acherusia
1197 395 1350 451 templa

339 469 500 512 Ennius
517 469 687 509 aeternis
708 470 878 525 exponit
899 470 1080 511 versibus
1100 470 1239 511 edens:

342 544 439 592 Quo
459 557 592 599 neque
610 553 856 599 permanent
876 546 1040 595 animae,
1063 560 1196 601 neque
1217 559 1392 600 corpora
1410 552 1570 595 nostra3

207 685 267 715 Quo
279 685 391 715 pereunt
403 682 518 714 pecudes
529 683 628 714 pariter
634 684 773 716 populique
784 686 915 716 virorum,

207 723 239 746 Ni
252 729 361 754 propere
371 722 493 752 linquant
504 729 549 746 sua
560 730 621 748 rura
631 723 781 750 furentibus
792 726 872 750 auris.

191 770 312 810 Vulgo,
328 772 481 809 damnati,
497 781 571 801 cum
586 773 765 803 exsecrabili
781 773 916 814 quadam

194 831 370 864 κακοφωνιᾳ·
386 829 416 853 et
440 824 548 861 Euris,
571 833 661 854 versu
684 825 821 855 secundo
843 836 917 855 con-

190 881 238 904 tra
252 881 362 912 stante,
387 881 417 904 et
438 874 694 906 luculentissimis
715 877 815 907 verbis
838 877 917 907 Dio-

190 927 280 967 nysii,
295 937 354 957 ver.
372 930 443 958 678.
460 937 524 956 non
539 927 645 957 minus
660 929 876 959 renuentibus:

452 994 548 1015 λειετεσι
561 990 585 1015 ὃς
598 1001 675 1021 γαίων
691 992 834 1017 ΛΗΤΑΙΣ

229 1039 381 1071 Χετμεςιαιις.

235 1089 318 1119 Ibid.
340 1101 409 1130 quoe
424 1092 509 1121 clara
533 1093 662 1123 clueret.-
687 1092 706 1122 i.
723 1103 749 1123 e.
770 1100 863 1130 κλυοι,
887 1099 923 1123 ut

193 1140 235 1171 ad
249 1142 330 1170 hanc
347 1142 485 1179 phrasim
501 1148 607 1172 exacte
622 1142 829 1183 loquebantur
851 1154 921 1182 pos-

192 1192 329 1227 teriones,
355 1195 375 1209 “
399 1203 468 1232 quae
490 1195 612 1222 audiret
635 1193 748 1223 clara.”
796 1193 921 1223 Glossa-

192 1243 279 1272 rium
293 1248 392 1272 vetus:
422 1246 443 1260 ‘⁴
464 1245 565 1279 Clitor,
584 1243 675 1281 Bolia?
691 1243 816 1274 Ennius
838 1244 922 1284 apud

193 1294 339 1325 Nonium
349 1304 422 1324 voce
438 1296 533 1325 cluet.-

225 1355 275 1376 Per
282 1352 375 1384 gentez's
386 1359 439 1377 esse
450 1352 546 1376 cluebat
557 1353 679 1377 omnium
692 1353 869 1378 miserrimus:

194 1403 341 1433 audiebat
355 1403 748 1441 nempe—nominabatur:
775 1404 860 1434 unde
875 1406 923 1434 ἰη-

194 1457 293 1496 clytus
315 1454 450 1484 illustris.
496 1454 640 1492 Plautus,
665 1455 809 1486 Trinum.
826 1456 866 1486 vii.
893 1460 922 1486 2.

196 1511 248 1538 28.
265 1506 318 1547 qui
334 1512 365 1536 et
384 1505 459 1536 alias
474 1506 661 1536 vocabulum
683 1507 836 1545 adhibuit,
860 1518 924 1538 non

194 1569 318 1599 prorsus
340 1569 461 1596 rarum,
485 1558 532 1588 vel
547 1559 655 1597 priscis
670 1558 717 1588 vel
740 1560 920 1589 serioribus:

361 1618 426 1642 dum
438 1618 515 1647 vivit,
527 1618 615 1641 victor
627 1617 762 1641 victorum
775 1617 848 1641 cluet.

196 1668 297 1705 Hinc,
314 1667 346 1697 ni
361 1667 462 1703 fallor,
480 1667 683 1708 castigandus
702 1672 749 1697 est
765 1667 927 1698 Ausonius

195 1720 229 1750 in
245 1719 394 1759 epistolis,
411 1719 471 1750 xvi.

259 1793 320 1799 ——
331 1780 399 1803 Nam
409 1779 501 1803 consul
512 1783 621 1804 aeternus
631 1780 718 1805 cluet:

524 1830 592 1859 Nec
607 1830 713 1860 minus
732 1834 798 1860 erat
811 1828 845 1859 in
860 1840 920 1860 usu

193 1887 350 1911 contracta
365 1881 466 1911 forma
480 1883 559 1919 cluo,
576 1889 669 1920 κλυω,
692 1882 922 1922 conjugationis

195 1932 304 1967 tertiae,
328 1938 364 1961 ut
380 1942 472 1970 supra
493 1932 526 1961 in
552 1932 678 1969 Plauto,
707 1943 801 1972 quam
828 1935 923 1971 clueo,

195 1983 348 2013 secundae.
398 1982 589 2021 Exemplum
606 1983 731 2012 sistatur
746 1993 763 2012 e
780 1982 923 2013 Pruden-

196 2035 241 2064 tio
256 2033 397 2072 simplex,
414 2035 493 2063 cath.
509 2033 549 2063 ix.
568 2036 640 2064 807.

193 1829 298 1870 vulgo,
321 1835 478 1860 (eternum.

228 2095 333 2118 Dexter
344 2092 370 2115 in
383 2092 497 2123 parentis
514 2098 575 2116 arce
585 2092 630 2123 qui
641 2092 702 2116 cluis
713 2091 855 2116 virtutibus
866 2099 872 2115 :

197 2143 217 2172 i.
234 2153 259 2172 e.
275 2141 394 2181 polles;
417 2147 453 2171 ut
467 2141 500 2170 in
516 2141 612 2170 Anth.
629 2141 699 2170 Lat.
717 2141 738 2170 i.
754 2140 833 2180 epig.
851 2143 900 2171 73.

227 2203 286 2224 Voce
297 2200 394 2224 Thalia
405 2199 488 2223 cluens
499 2200 590 2228 socen,
603 2201 658 2223 Dea
670 2198 784 2227 comica,
796 2198 904 2229 gaudet.

196 2250 351 2290 Ejusdem
362 2249 564 2290 Anthologiae
575 2249 656 2288 epig.
672 2251 739 2277 144.
756 2247 809 2277 lib.
824 2247 855 2277 ii.
866 2248 925 2277 hoc

197 2301 396 2332 admonitum
407 2300 568 2338 vocabulo,
581 2299 705 2329 macula
713 2298 851 2338 penitius
865 2298 925 2327 im-

197 2351 275 2383 buta
289 2363 353 2382 non
365 2351 487 2392 pigebit
502 2351 624 2388 eluisse,
641 2360 701 2380 ver.
718 2353 766 2379 11.

228 2413 282 2436 Hos
294 2411 372 2440 inter,
381 2411 498 2442 juvenile
509 2410 604 2439 decens,
616 2410 661 2434 sed
674 2409 775 2433 honore
786 2407 869 2438 senili,

260 2450 366 2475 Bis-seno
378 2449 471 2479 celsus,
483 2449 655 2482 symmache,
666 2447 738 2472 fasce
749 2447 820 2471 cluis.

198 2500 320 2540 Vulgo,
330 2502 421 2531 decus
427 2515 437 2535 ;
457 2498 687 2530 constructione
702 2496 797 2527 nulla.
843 2496 924 2526 Nos-

199 2556 247 2580 tra
269 2550 446 2581 emendatio
468 2549 638 2581 venustatis
663 2554 709 2579 est
728 2546 927 2588 exquisitissi-

201 2611 272 2632 mae.

246 2652 321 2682 Ver.
340 2656 408 2682 121.
455 2655 498 2684 Et
510 2656 538 2684 εἰ
544 2658 705 2693 praeterea.
751 2648 848 2686 Quasi
859 2648 927 2678 dix.

201 2704 259 2734 erit
281 2703 384 2742 po'eta:
414 2707 436 2722 ‘⁶
454 2705 659 2745 Quanquam,
684 2707 720 2732 ut
741 2706 885 2740 erumpat
910 2711 930 2730 a

202 2757 225 2773 “
240 2765 291 2784 me
306 2754 341 2784 in
355 2755 566 2786 immortalem
589 2756 692 2786 virum
706 2764 778 2784 vera
791 2763 863 2791 vox,
875 2753 926 2782 vix

203 2809 225 2824 “
240 2804 298 2835 sibi
313 2810 453 2835 constare
475 2806 615 2836 videatur
638 2805 773 2841 Ennius,
798 2811 853 2835 aut
867 2804 925 2834 sal-

202 2858 225 2875 “
241 2862 305 2885 tem
320 2865 421 2895 nugas
443 2856 577 2894 effutire,
601 2867 674 2886 curn
689 2856 804 2887 fabulis
826 2856 866 2886 de
881 2866 927 2886 se-

203 2912 224 2927 “
240 2907 332 2938 dibus
345 2907 520 2938 inferorum
535 2908 738 2938 commiscens
754 2908 928 2939 doctrinam

203 2965 225 2981 “
241 2959 472 3000 Pythagoream
486 2961 797 3000 metempsychoseos,
818 2966 851 2992 et
865 2960 931 2992 effi-

959 691 980 706 “
996 687 1062 728 gies
1077 685 1293 728 hujuscemodi
1309 690 1517 722 commentus,
1540 693 1610 724 quae
1634 693 1688 714 ne-

960 743 981 758 “
998 750 1059 779 que
1087 739 1188 769 verbis
1228 737 1412 775 describere,
1451 747 1552 776 neque
1582 735 1690 765 animo

962 794 984 809 “
997 790 1271 830 comprehendere,
1287 789 1384 819 cuivis
1399 788 1490 819 facile
1505 788 1581 818 est.”
1626 788 1694 818 His

961 849 1067 873 autem
1082 853 1146 872 non
1162 841 1378 880 intempestive
1395 840 1592 880 apposuerim
1604 849 1691 870 com-

966 893 1152 923 mittendam
1177 892 1347 923 Maeonidis
1369 891 1550 929 vanitatem,
1574 891 1613 922 ad
1632 890 1693 922 Od.

969 949 1001 974 A.
1018 948 1089 974 600.

1007 1008 1059 1032 Toy
1072 1006 1096 1031 δε
1107 1005 1162 1039 μετ’
1177 1014 1298 1035 arcivum-'m
1311 1008 1363 1037 βικν
1373 1006 1548 1040 Ἢςαικλκειην,

1007 1054 1121 1079 Ειδωλῡν’
1135 1064 1208 1081 αυτος
1224 1054 1248 1079 δε
1261 1053 1318 1087 μετ’
1331 1053 1477 1078 αθσινωτοισι
1493 1053 1573 1078 θεοισν

1006 1103 1132 1136 Tegeam:
1146 1110 1166 1126 εν
1181 1101 1287 1136 &aalma
1298 1111 1344 1126 και
1359 1109 1407 1134 εχει
1421 1104 1587 1134 καλλισφυςυν
1600 1099 1695 1132 Ἧβηνε

966 1165 1036 1195 quae
1061 1155 1092 1185 J.
1112 1154 1243 1186 Caesaris
1268 1154 1414 1185 laudibus
1440 1153 1620 1193 plenissime
1644 1163 1694 1183 ac-

967 1207 1177 1237 commodavit
1193 1207 1291 1245 Naso,
1308 1207 1376 1237 fast.
1393 1206 1438 1236 iii.
1458 1208 1528 1237 701.
1544 1205 1599 1236 ubi
1616 1206 1696 1236 Ves-

966 1263 998 1287 ta
1014 1257 1170 1298 loquitur:

998 1316 1055 1346 Ipsa
1066 1316 1154 1340 virum
1166 1315 1251 1347 rapui,
1262 1315 1454 1346 simulacraque
1464 1316 1536 1339 nuda
1547 1315 1658 1346 reliqui:

1030 1356 1099 1386 Quae
1111 1355 1208 1379 cecidit
1219 1355 1300 1384 ferro,
1313 1354 1424 1379 Caesaris
1437 1355 1524 1378 umbra
1535 1354 1597 1378 fuit.

1000 1395 1044 1419 Ille
1055 1396 1175 1426 quidem,
1186 1395 1244 1419 (σεῖο
1252 1395 1356 1426 positus,
1368 1395 1440 1426 Jovis
1452 1395 1518 1418 atria
1529 1398 1628 1425 servat,

1032 1436 1063 1458 Et
1075 1438 1150 1459 tenet
1162 1436 1188 1458 in
1200 1442 1299 1466 magno
1311 1435 1414 1466 templa
1425 1434 1512 1459 dicata
1523 1434 1592 1459 soro.

1010 1483 1090 1513 Ibid.
1107 1485 1233 1523 templa:
1260 1484 1279 1513 i.
1296 1494 1323 1513 e.
1341 1483 1418 1513 altas
1440 1493 1602 1514 cavernas:
1628 1483 1698 1514 vide

968 1541 1076 1566 notata
1091 1535 1131 1565 ad
1147 1545 1207 1565 ver.
1227 1538 1318 1565 1015.
1336 1541 1367 1565 et
1383 1535 1414 1565 ii.
1432 1539 1483 1566 28.

1015 1586 1089 1615 Ver.
1110 1589 1177 1616 152‘2.
1202 1588 1310 1616 edens:
1337 1586 1378 1616 V.
1402 1585 1449 1616 ed.
1465 1588 1584 1617 cedens:
1615 1585 1701 1617 unde

971 1646 1035 1666 non
1051 1636 1240 1666 inconcinne
1255 1637 1376 1666 coneris
1391 1636 1434 1666 sic
1446 1637 1610 1676 refingere:

1030 1696 1063 1719 Et
1074 1695 1094 1718 si
1105 1698 1236 1726 praeterea
1247 1698 1340 1719 tamen
1352 1702 1406 1719 esse
1418 1695 1561 1719 Acherusia
1577 1694 1668 1726 temp'la

1029 1734 1126 1758 Ennius
1137 1735 1245 1759 aeternis
1256 1734 1370 1765 exponit
1383 1734 1517 1763 versibu33
1536 1733 1625 1763 aedem,

1030 1775 1090 1805 Quo
1102 1780 1190 1805 neque
1202 1777 1361 1805 permanent
1373 1773 1514 1797 animae—.

971 1822 1088 1853 M'alim
1104 1828 1210 1852 tamen
1227 1822 1375 1862 equidem
1390 1821 1479 1858 duos,
1496 1821 1550 1862 qui
1566 1832 1702 1862 sequun-

964 1880 1028 1912 tur,
1046 1884 1151 1904 versus
1166 1883 1223 1913 pro
1247 1872 1404 1903 Ennianis
1419 1883 1543 1911 capere3
1560 1873 1620 1902 nisi
1637 1883 1702 1904 cre-

968 1925 1095 1955 dibilius
1105 1925 1144 1954 sit
1156 1924 1341 1955 Lucretium
1353 1924 1503 1963 respicere
1519 1923 1672 1954 distichon
1684 1935 1704 1955 a

971 1977 1122 2007 Cicerone
1139 1983 1366 2012 conservatum,
1387 1975 1427 2004 ad
1443 1975 1536 2005 Tusc.
1560 1974 1659 2014 dispp.
1681 1975 1704 2006 i.

972 2032 1020 2058 16.
1048 2027 1192 2057 Bentleio
1219 2027 1400 2056 acutissime
1430 2026 1648 2064 emendatum,
1672 2033 1704 2058 et

969 2078 1060 2118 cujus
1074 2077 1210 2116 priorem
1226 2077 1290 2116 ipse
1306 2082 1415 2116 sponte
1431 2076 1471 2106 ad
1483 2075 1621 2107 eundem
1631 2087 1701 2107 mo-

971 2130 1049 2160 dum
1065 2130 1302 2170 castigaveram:

984 2190 1063 2214 Unde
1069 2189 1167 2214 animae
1176 2189 1342 2218 excitantur,
1351 2189 1471 2213 obscurae
1481 2188 1598 2217 umbrat,
1608 2190 1702 2219 aperto

1097 2229 1174 2258 ostio,

985 2267 1039 2293 Alti
1051 2267 1221 2297 Acheruntis,
1232 2266 1290 2291 fuso
1303 2266 1440 2298 sanguine,
1450 2270 1623 2292 mortuorum
1635 2267 1703 2292 ima-

1092 2307 1175 2338 gines.

972 2356 1033 2386 Sed
1049 2356 1228 2386 caecissimis
1244 2355 1353 2385 caecier
1368 2365 1452 2392 sum,
1470 2354 1496 2384 si
1512 2365 1577 2384 non
1593 2354 1700 2385 adhuc

970 2407 1048 2447 pede
1064 2407 1186 2437 deficiat
1201 2417 1306 2436 versus
1328 2406 1429 2445 prior3
1452 2406 1537 2446 quod
1560 2405 1701 2436 demiror

971 2459 1153 2490 Bentleium
1168 2459 1304 2489 latuisse.
1343 2458 1393 2488 Sic
1405 2457 1618 2498 redintegrem
1627 2468 1702 2488 sane

973 2516 1111 2551 egomet:

989 2571 1068 2595 Unde
1075 2571 1174 2595 animae
1184 2570 1350 2599 excitantur,
1358 2570 1479 2594 obscurae
1488 2570 1702 2601 umbrae,aperto

1093 2610 1124 2634 ab
1137 2610 1213 2634 ostio.

973 2660 1059 2690 Tum
1072 2660 1203 2690 demum
1219 2659 1374 2690 trochaici
1389 2657 1520 2698 pedibus
1534 2656 1626 2686 rectis
1641 2662 1702 2687 sta-

972 2714 1067 2742 bunt:
1087 2718 1128 2749 et,
1139 2721 1239 2752 quum
1250 2710 1321 2740 libri
1333 2708 1527 2740 consentiant
1538 2707 1571 2737 in
1588 2707 1702 2748 “salso

974 2767 996 2781 “
1012 2762 1196 2802 sanguine,⁵³
1221 2761 1300 2791 forte
1323 2770 1362 2790 an
1390 2758 1545 2797 scripserit
1567 2758 1703 2795 Ennius,

974 2813 1086 2854 “falsi
1101 2811 1295 2854 sanguinez'’
1319 2811 1339 2840 i.
1356 2820 1382 2840 e.
1402 2811 1522 2849 privati
1536 2808 1702 2850 sanguine.

973 2863 1144 2905 Virgilius,
1166 2864 1240 2894 AEn.
1256 2861 1294 2891 vi.
1310 2864 1383 2891 401.

1261 2921 1324 2946 licet
1335 2919 1544 2953 ingensjanitor,
1560 2923 1638 2944 antro

1006 2966 1149 2989 AEternum
1160 2963 1267 2992 latrans,
1278 2959 1415 2993 exsanguis
1426 2962 1524 2986 terreat
1534 2959 1645 2985 umbras,
