1894 3253
664 259 900 309 LIBER
942 257 1253 308 PRIMUS.

1654 266 1715 313 67

359 392 578 435 Montibus
597 407 650 435 ex
670 393 759 434 altis
779 408 953 451 magnus
973 392 1167 434 decursus
1187 394 1326 448 aquai,

244 471 327 508 §⁵285
361 467 586 525 Fragmina
605 468 825 523 conjiciens
846 467 1067 523 sylvarum,
1089 467 1335 523 arbustaque
1354 473 1455 510 tota:

358 542 448 584 Nec
469 543 614 584 validei
634 549 805 598 possunt
825 548 973 596 pontes
992 541 1192 583 venientis
1212 545 1337 598 aquai

212 699 412 738 prehensam:
439 709 551 740 pergas
573 699 613 729 ad
635 709 683 737 ea,
711 708 781 739 quae
804 708 879 728 mox
894 696 942 728 di-

211 750 312 781 cenda
334 756 418 786 sunt,
445 750 478 780 in
501 761 561 781 ver.
588 753 660 782 555.
706 749 794 786 Quid
809 750 939 785 mirum,

208 802 258 832 his
273 803 482 844 exquisitioris
503 803 667 845 elegantiae
689 802 834 833 formulis
848 801 941 832 libra-

210 853 273 884 rios
287 854 435 885 vecordes
450 865 515 885 esse
530 853 725 885 ludificatos?

253 907 335 938 Ibid.
357 909 454 947 largis
470 909 625 938 imbribus.
652 907 758 945 Mam,
770 916 838 947 geo.
854 906 874 937 i.
889 909 940 936 25.

272 967 378 999 Quique
386 968 447 992 satis
458 967 558 1000 largum
570 967 640 993 coeio
651 966 793 992 demittitis
802 966 914 990 imbrem.

252 1017 327 1047 Ver.
361 1021 433 1047 284.
478 1019 634 1048 sssontibus
660 1028 694 1047 m·
719 1018 801 1046 altis.
851 1015 943 1045 Idem

211 1068 286 1099 Cari
300 1069 483 1108 discipulus,
501 1071 576 1099 AEn.
594 1070 633 1099 iv.
654 1072 723 1099 164.

564 1124 646 1145 ruunt
659 1120 688 1145 de
701 1120 825 1144 montibus
835 1127 930 1144 amnes.

255 1169 338 1200 Ibid.
372 1172 519 1201 decursus
541 1171 646 1209 aqua'i.
694 1169 837 1207 Ovidius,
865 1175 939 1199 met.

212 1230 260 1251 xv.
273 1224 346 1252 266.

559 1270 658 1296 vallem
669 1270 788 1295 decursus
798 1278 925 1303 aquarum

270 1311 344 1336 Fecit
351 1318 357 1335 :

209 1372 323 1401 nempe
344 1363 497 1404 χειμαρρος
522 1373 668 1400 ποταμος,
692 1360 818 1401 qualern
841 1361 941 1392 volu1t

207 1413 392 1451 Lucretius;
413 1423 478 1443 non
490 1413 668 1453 ingenitum
680 1418 773 1453 atque
785 1418 940 1443 aeternum

208 1463 337 1495 flumen.

251 1517 329 1546 Ver.
355 1518 426 1547 285.
457 1516 638 1557 conjiciens:
680 1516 722 1546 V.
748 1515 796 1546 ed.
819 1516 856 1546 L.
887 1516 937 1546 M.

208 1570 380 1599 coniciens:
406 1578 464 1598 nec
479 1566 602 1607 opinor,
618 1567 777 1603 mendose,
794 1567 866 1597 licet
881 1578 937 1597 sae-

208 1620 337 1660 pissime
374 1620 409 1650 in
437 1620 493 1650 *his
527 1620 685 1650 vocabulis
714 1619 940 1659 exscriptorum

208 1683 324 1703 manus
346 1674 499 1709 aberrent,
525 1678 556 1702 et
580 1673 673 1701 variae
696 1671 805 1701 formae
829 1684 866 1702 τε
880 1673 939 1701 icio

209 1724 433 1754 recentioribus
445 1734 510 1754 non
519 1724 656 1753 habeant
666 1723 783 1758 locum,
794 1722 854 1751 nisi
864 1732 940 1762 quo-

209 1775 268 1805 ties
296 1775 439 1805 brevium
461 1774 650 1814 syllabarum
673 1773 839 1814 quantitati
864 1783 939 1802 con-

210 1826 380 1856 sulendum
395 1825 444 1855 sit.
486 1824 626 1854 Accedat
640 1830 758 1862 autem,
774 1830 810 1854 ut
825 1825 942 1854 locutio

211 1877 394 1915 illustretur,
413 1877 622 1914 Mantuanus,
640 1877 714 1907 [En.
731 1886 757 1906 ν.
774 1880 846 1907 661.

429 1961 563 1993 frondem,
573 1968 604 1986 ac
616 1961 747 1993 vitgulta,
757 1961 893 1993 facesque,

243 2002 383 2034 Conjicinnt
394 2011 403 2026 .-

210 2078 340 2119 hujusce
355 2077 417 2108 loci
433 2087 496 2107 non
512 2077 627 2108 oblitus
642 2077 738 2107 etiam
753 2077 792 2108 ad
816 2078 893 2109 AEn.
908 2087 937 2108 x.

209 2134 283 2161 565.

500 2188 553 2220 qua
563 2195 631 2212 saxa
645 2188 755 2213 rotantia
764 2189 818 2214 late

276 2230 411 2262 Inpulerat
421 2233 528 2260 torrens,
538 2229 696 2261 arbustaque
707 2230 796 2255 diruta
807 2229 878 2262 ripis.

215 2289 261 2320 Ut
276 2300 377 2329 neque
388 2289 593 2326 Claudianus,
606 2290 680 2320 xvii.
695 2292 766 2320 237.

246 2375 394 2399 Torrentes
403 2374 522 2399 immane
525 2374 653 2405 fremant,
669 2374 793 2405 iassisque
803 2374 942 2399 minentur

247 2414 366 2438 Pontibus
377 2423 384 2439 .·
403 2415 543 2439 involvant
552 2422 678 2447 spumoso
690 2415 793 2439 vortice
803 2414 904 2447 sylvas.

215 2489 279 2520 Pro
301 2491 401 2527 lassis,
423 2489 502 2519 forte
523 2491 618 2525 laaei85
645 2495 680 2520 ut
697 2490 802 2527 Ma‘ro,
828 2489 904 2520 AEn.
921 2490 940 2521 i.

216 2545 284 2572 122.

378 2601 447 2626 laxis
458 2601 573 2626 laterum
586 2602 759 2634 conpagibus,
769 2609 863 2628 omnes

247 2643 394 2674 Adcipiunt
405 2642 546 2667 inimicum
559 2642 689 2667 imbrem:

212 2703 291 2732 quas
305 2702 394 2722 voces
408 2692 527 2722 librarii
542 2698 758 2731 permutavere
772 2692 811 2723 ad
829 2693 883 2724 Sil.
901 2693 940 2725 It.

213 2743 254 2773 vi.
273 2747 344 2774 278.
378 2744 497 2774 Lucan.
514 2744 532 2773 i.
549 2746 621 2775 695.
655 2742 793 2781 Livium,
806 2750 837 2774 et
851 2744 940 2783 alios,

212 2794 297 2824 haud
313 2805 391 2825 raro.

255 2845 329 2876 Ver.
347 2850 419 2878 286.
441 2848 556 2878 valz'dez'
566 2852 682 2887 pontes.

214 2898 292 2927 meri
307 2908 391 2936 penu
406 2899 576 2936 transtulit,
604 2898 658 2939 qui
682 2898 801 2928 fundus
822 2904 867 2928 est
882 2900 941 2928 hu-

210 2947 298 2985 jusce
313 2949 540 2988 similitudinis,
564 2951 597 2979 in
625 2950 686 2990 quci
703 2950 883 2981 exornanda}
898 2956 944 2980 tot

730 2846 803 2875 Hoc
815 2856 853 2876 ex
869 2847 940 2877 Ho-

986 698 1085 737 po'dtae
1099 697 1279 738 periculum
1294 698 1342 729 sui
1357 698 1477 739 ingenii
1492 699 1648 730 fecerunt:
1677 699 1717 730 11.

987 755 1020 780 E.
1037 753 1089 781 87.

1027 816 1090 839 Θυνε
1103 823 1155 848 7⁰⁶3
1172 813 1302 847 αμτεέιον,
1314 824 1426 847 ‹ravaga›
1437 814 1549 843 chzOowrt
1562 823 1651 845 εοικως,

1028 862 1172 897 Χειμωρρῳ,
1184 861 1208 889 6,-
1222 860 1244 887 ‘t'
1256 872 1315 887 ωκω
1324 862 1376 897 ῥεων
1389 862 1509 888 mama-2
1522 867 1646 897 γεςυραςὲ

987 915 1041 945 ubi
1067 925 1126 945 vox
1149 915 1282 946 εκεδασσε
1304 915 1472 946 commoda
1492 921 1537 945 cst
1552 915 1718 947 illustratio

986 969 1084 999 nostri
1108 969 1326 1000 commentarii
1349 969 1388 1000 ad
1414 980 1475 1000 ver.
1493 973 1564 1000 271.
1591 969 1630 1000 de
1652 970 1715 1000 lec·

986 1020 1072 1050 tione
1087 1022 1211 1051 stravit.-
1238 1026 1269 1050 et
1284 1020 1463 1050 scholiastes
1478 1021 1596 1050 ibidem
1611 1020 1716 1051 lucem

987 1072 1107 1113 injiciet
1122 1073 1283 1112 scripturae
1301 1079 1429 1109 ωίενηα,
1453 1073 1543 1103 nobis
1559 1083 1596 1102 cx
1612 1073 1720 1104 codice

987 1125 1179 1164 depromptae
1191 1125 1343 1164 superius,
1357 1125 1397 1155 ad
1408 1135 1468 1155 ver.
1482 1129 1554 1155 231.
1580 1132 1718 1165 Πστωμω

983 1181 1132 1222 χειμαρροι
1147 1187 1295 1219 λέγονται,
1324 1181 1349 1210 οἱ
1362 1194 1405 1219 μη
1427 1185 1584 1210 AENAON
1600 1194 1633 1211 ‘ro
1650 1180 1718 1223 ὓδωρ

986 1245 1114 1273 Εχθντὲς,
1140 1231 1186 1262 δία
1201 1231 1228 1262 δί
1244 1245 1383 1273 χΕΙμωνθς
1401 1239 1571 1274 πλᾊρὸμὲἳθλ
1593 1233 1648 1263 ὑπο
1665 1247 1721 1264 ‘rusi'

985 1297 1111 1324 συνεχων
1132 1285 1246 1326 ομὲρων.
1295 1283 1383 1313 Hinc
1405 1282 1551 1314 elucescit
1569 1293 1641 1313 vera
1656 1284 1718 1314 lec-

984 1336 1029 1366 tio
1046 1336 1200 1374 Maronis,
1216 1346 1284 1376 geo.
1301 1335 1342 1366 iii.
1360 1339 1432 1366 5254.
1447 1336 1501 1366 ubi
1517 1346 1568 1365 mc
1584 1336 1702 1368 videas:

1015 1398 1074 1421 Non
1085 1396 1198 1428 scopuli,
1210 1403 1342 1428 rupesque
1353 1402 1441 1426 cavae,
1459 1399 1542 1427 atque
1560 1396 1665 1427 objecta
1676 1405 1718 1423 re-

1107 1438 1216 1461 tardant

1015 1476 1148 1506 Flumina,
1160 1480 1357 1509 conreptosque
1367 1477 1440 1501 unda
1452 1477 1606 1508 torquentia
1614 1477 1708 1509 pontis.

983 1525 1105 1566 Vulgo,
1122 1528 1234 1556 montis
1241 1541 1250 1561 ;
1272 1526 1345 1556 satis
1360 1532 1553 1565 portentose:
1577 1537 1653 1556 nam
1672 1527 1719 1557 Si.

982 1577 1055 1615 lius,
1071 1577 1246 1608 indefessus
1257 1577 1386 1617 Virgilii
1400 1587 1515 1616 comes,
1529 1587 1594 1607 non
1609 1577 1718 1608 defen-

984 1629 1047 1667 det,
1064 1629 1104 1659 ad
1120 1630 1202 1659 Pun.
1218 1629 1340 1659 iv.524.
1353 1629 1406 1669 qui
1416 1628 1510 1669 longe
1525 1628 1651 1659 mollior
1661 1636 1718 1668 est,

986 1689 1017 1712 et
1032 1692 1050 1711 a
1061 1681 1180 1722 trag-ico
1195 1681 1277 1710 fastu
1302 1681 1459 1710 remotior.
1501 1680 1609 1710 Adeas
1624 1680 1718 1712 velim

986 1732 1104 1770 locum,
1117 1738 1148 1761 et
1162 1732 1279 1761 ibidem
1292 1731 1541 1761 Drakenborchii
1554 1742 1716 1763 commen-

984 1785 1089 1821 tarios,
1122 1784 1213 1822 plura
1242 1783 1432 1813 conferentis
1454 1783 1602 1813 Lucretio
1627 1783 1716 1813 illus-

985 1835 1097 1865 trando
1121 1834 1326 1864 inservientia.
1371 1834 1473 1864 Nobis
1494 1840 1648 1865 statutum
1671 1841 1719 1866 est

985 1887 1017 1917 in
1034 1887 1205 1917 trivialibus
1227 1887 1349 1925 parcius
1372 1886 1503 1926 evagari.
1551 1886 1718 1917 Claudiani

986 1938 1140 1979 gemellus
1150 1938 1237 1968 locus
1250 1936 1374 1967 summa-“t
1389 1936 1462 1967 cura
1479 1943 1572 1977 atque
1587 1937 1717 1968 artificio

986 1991 1167 2031 perpolitus,
1193 1990 1245 2020 hic
1269 1989 1333 2029 legi
1356 1995 1504 2019 meretur.
1548 1989 1661 2019 Exstat
1683 1990 1717 2020 in

983 2044 1126 2084 poemate
1141 2048 1250 2072 contra
1266 2041 1375 2072 Rufin.
1391 2042 1410 2072 i.
1427 2045 1500 2073 296.

1001 2104 1079 2130 Haud
1087 2110 1162 2128 secus
1172 2103 1283 2127 hiberno
1292 2102 1413 2126 tumidus
1424 2108 1488 2125 Cum
1500 2101 1604 2126 vortice
1612 2105 1717 2126 torrens

1001 2147 1071 2170 Saxa
1079 2142 1307 2174 rotat,vertitque
1318 2148 1424 2171 nemus,
1435 2145 1585 2172 pontesque
1596 2140 1717 2171 revellit3

1001 2184 1143 2215 Frangitur
1154 2183 1259 2213 objectu
1268 2181 1380 2213 scopuli,
1392 2187 1572 2212 quaerensque
1582 2184 1706 2205 meatum

1002 2227 1126 2258 spumat,
1137 2227 1165 2249 et
1174 2223 1239 2248 illisa
1252 2227 1377 2248 montem
1389 2222 1572 2246 circumtonat
1582 2221 1666 2245 unda.

988 2275 1040 2305 Ita
1055 2274 1224 2304 rectissime
1239 2272 1337 2303 codex
1359 2282 1456 2301 unus:
1482 2269 1590 2310 vulgO,
1606 2271 1712 2300 volvit.-

985 2328 1056 2358 vide
1071 2327 1223 2365 superius,
1247 2324 1288 2355 ad
1301 2334 1362 2355 ver.
1379 2327 1450 2353 280.
1474 2322 1512 2352 de
1538 2331 1612 2351 voce
1627 2327 1717 2352 verto.

985 2379 1087 2410 Nullo
1102 2377 1228 2418 negotio
1243 2379 1512 2407 commutarentur
1522 2372 1716 2411 exscriptori-

985 2433 1044 2463 bus
1061 2438 1142 2463 vorto
1166 2436 1196 2460 et
1220 2431 1310 2461 volvo.
1358 2425 1617 2458 Emendatiorem
1640 2423 1717 2464 quid

984 2490 1067 2515 vetat
1080 2482 1215 2513 Statium
1229 2478 1422 2520 relinquere?
1447 2477 1546 2507 Theb.
1560 2476 1614 2506 vii.
1627 2478 1701 2507 515.

1015 2552 1116 2583 Asopos
1128 2550 1248 2582 genuisse
1259 2549 1349 2577 datur,
1361 2547 1510 2578 dignusque
1520 2543 1606 2569 videri

1013 2594 1096 2617 Tunc
1106 2594 1192 2622 pater,
1202 2587 1310 2620 abreptis
1321 2594 1385 2612 cum
1395 2583 1604 2610 torrentissimus
1615 2582 1676 2607 exit

1016 2632 1146 2657 Pontibus.

985 2688 1106 2728 Vulgo,
1129 2687 1267 2725 abruptis
1279 2684 1441 2725 fontibus:
1466 2682 1547 2713 illud
1570 2681 1715 2723 pontibus

985 2741 1080 2771 etiam
1096 2738 1226 2769 Barthio
1237 2738 1435 2767 obversatum
1446 2741 1502 2774 est,
1515 2741 1546 2765 et
1556 2748 1597 2774 τῳ
1606 2735 1713 2773 abrep-

984 2795 1024 2824 tis
1054 2792 1136 2822 favet
1166 2789 1319 2829 Virgilius
1348 2788 1528 2829 nuperrime
1550 2786 1710 2817 laudatus:

985 2855 1043 2875 nec
1065 2850 1170 2873 tamen
1197 2842 1287 2872 nihili
1309 2841 1453 2872 videntur
1468 2839 1621 2877 facienda,
1645 2848 1714 2878 qua*

987 2896 1123 2927 diximus
1148 2894 1188 2924 ad
1214 2893 1305 2933 Soph.
1324 2893 1439 2924 Trach.
1465 2896 1537 2925 852.
1564 2891 1603 2922 ad
1618 2899 1711 2931 quem

986 2949 1092 2980 locum
1106 2948 1202 2978 lector
1217 2947 1402 2978 remittatur.
