1894 3253
552 243 788 292 LIBER
836 243 1250 294 SECUNDUS.

1552 252 1644 292 209

302 376 444 426 Quod,
467 376 500 416 si
520 376 690 418 ridicula
709 377 814 426 haec,
835 377 1106 433 ludibriaque,
1127 391 1212 419 esse
1231 376 1433 426 videmus;

303 451 368 492 Re
387 450 561 506 veraque
584 451 724 492 Metus
742 451 975 502 hominum,
999 452 1204 507 Curaeque
1223 466 1426 507 sequaceS‚

303 525 390 566 Nec
410 533 598 567 metuunt
619 527 774 567 sonitus
795 540 1020 576 armorum,
1043 540 1118 567 nec
1138 526 1223 567 fera
1243 526 1340 576 tela;

156 682 275 722 religio,
298 681 336 711 iv.
351 683 423 711 587.
450 681 645 711 Lucretianis
666 691 762 722 quam
783 681 884 712 simil-

157 733 238 772 limi,
261 738 292 763 et
306 732 374 762 aliis
389 731 557 762 editoribus
572 732 704 763 admoti:

204 808 262 831 Non
274 805 304 830 fit
315 805 449 835 thesauris,
460 812 514 830 non
524 813 600 836 auro,
608 810 693 838 pectus
704 807 812 832 solutum
821 815 832 836 ‚·

203 848 263 871 Non
274 847 388 871 demunt
400 846 495 870 animis
506 853 582 871 curas
592 852 622 871 ac
634 847 763 878 religiones

202 888 339 911 Persarum
350 890 467 916 montes„
479 893 533 911 non
544 886 638 911 divitis
649 887 716 911 atria
727 887 811 912 Croesi.

157 944 219 982 Sic,
245 944 365 983 opinor,
382 944 572 975 reformandi
588 951 675 982 sunt;
699 946 780 975 hanc
797 946 883 975 enim

156 995 334 1025 societatem
348 995 515 1025 nominum
541 994 689 1025 adamant
710 995 743 1025 in
769 996 827 1025 hac
851 1006 884 1025 re

157 1047 266 1085 poetae,
280 1052 315 1076 ut
330 1056 388 1076 nos
403 1047 596 1077 ostendimus
608 1046 648 1077 ad
660 1047 770 1087 Eurip.
787 1047 882 1078 Herc.

157 1097 217 1127 fur.
235 1100 305 1128 647.
351 1098 479 1135 Statius,
496 1097 561 1128 silv.
578 1098 597 1127 i.
612 1101 643 1128 5.
665 1102 734 1130 105.

189 1167 277 1198 Digne
294 1167 388 1197 Midae,
409 1170 433 1191 ee
454 1166 538 1197 croesi,
560 1166 712 1199 Pelopisque,
733 1170 761 1192 et
784 1167 885 1192 Perside

282 1207 359 1238 gaza.

161 1268 244 1298 Mihi
260 1268 346 1298 sedet
361 1268 406 1298 ita
421 1278 458 1298 eo
472 1268 543 1298 loco
562 1267 779 1308 castigandum
802 1276 883 1303 esse;

159 1319 264 1349 videas
294 1319 527 1350 Marklandum.
587 1319 706 1360 Vulgo,
745 1323 767 1338 “
785 1318 885 1349 Midae

159 1373 182 1389 ‘⁴
201 1370 355 1410 Croesique
381 1370 506 1401 bom's.·'’
530 1370 584 1409 sed
612 1377 651 1406 et,
682 1370 832 1410 scriptum
856 1373 882 1406 ἓ,

158 1421 248 1451 facile
274 1421 448 1451 elaberetur
470 1423 510 1452 ob
525 1421 651 1452 finalem
666 1421 790 1452 literam
804 1432 883 1460 prae-

159 1473 262 1502 euntis
281 1473 379 1509 vocis;
403 1479 495 1513 atque
517 1472 556 1502 de
578 1472 824 1503 aberrationibus
845 1471 884 1501 li-

159 1526 335 1556 brariorum
351 1525 385 1555 in
401 1525 583 1556 nominibus
598 1526 728 1564 propriis
738 1526 807 1565 jam
822 1525 884 1555 dis-

161 1576 338 1615 putavimus
353 1576 392 1606 ad
406 1576 426 1606 i.
443 1580 460 1607 7
465 1580 514 1606 24.

206 1629 279 1659 Ver.
305 1632 354 1658 44.
379 1629 569 1669 Effugiant:
598 1629 634 1659 P.
656 1629 697 1659 V.
721 1628 767 1659 ed.
791 1627 884 1670 Effu-

159 1683 442 1720 gz'ant.-timores:
471 1687 510 1711 Π.
527 1683 642 1712 timore.

206 1731 288 1762 Ibid.
315 1731 525 1762 Distinctione
537 1731 624 1762 locus
638 1730 789 1762 levandus
803 1737 862 1761 est:

194 1800 330 1832 Effugiunt
342 1800 433 1825 animo
443 1801 565 1832 pavidae;
584 1802 731 1832 mortisque
741 1801 851 1825 timores

194 1842 270 1864 Tum
281 1847 396 1865 vacuum
409 1846 502 1872 pectus
513 1841 649 1872 linquunt.

643 1881 868 1911 Etim-Laius.

168 1941 266 1971 Nobis
280 1951 403 1982 quoque
419 1942 503 1972 idem
529 1941 605 1972 olim
628 1952 660 1971 se
682 1947 892 1982 suggesserat3

166 1992 235 2022 vide
253 1992 325 2022 Silv.
351 1992 425 2022 Crit.
442 1993 472 2023 ii.
497 2004 524 2032 p.
540 1996 591 2022 58.
614 1992 679 2030 sed,
701 1992 844 2032 quamvis
858 2002 890 2022 e-

166 2044 376 2074 mendationis
405 2043 448 2073 ibi
472 2043 637 2082 propositae
653 2053 717 2073 non
733 2043 892 2082 poeniteat,

167 2096 274 2125 tritam
308 2096 569 2134 interpunctionis
609 2095 692 2124 viam
721 2094 892 2125 ineundam

168 2157 233 2177 esse
254 2147 322 2187 jam
343 2146 471 2176 tandem
486 2146 680 2176 arbitramur.
726 2146 830 2176 Debet
843 2145 891 2175 in-

168 2205 251 2228 terea
267 2209 359 2228 nemo
379 2198 497 2228 doctior
521 2198 560 2228 ad
585 2208 674 2228 voces
699 2197 892 2238 conjunctas,

169 2251 331 2291 timefactae
357 2258 389 2280 et
410 2253 542 2290 pavidce,
559 2250 732 2288 offendere;
756 2260 842 2288 nam,
858 2256 894 2280 ut

171 2304 313 2333 omittam
338 2304 474 2342 repetitis
489 2304 607 2334 vicibus
622 2304 801 2342 admonere,
829 2315 894 2334 non

172 2357 321 2385 haetenus
344 2355 526 2385 Lucretium
550 2367 582 2385 se
611 2356 894 2386 fastidiosissimum

172 2412 325 2445 praestare,
341 2405 424 2443 apud
439 2405 515 2435 alios
527 2412 666 2436 auctores
680 2406 729 2436 vel
743 2406 895 2445 politioris

170 2457 267 2488 seculi
283 2456 396 2486 similia
409 2456 564 2497 leguntur.
604 2458 665 2487 Sed
680 2458 811 2488 minime
826 2469 893 2488 om-

174 2508 263 2538 nium
278 2507 395 2546 culpari
417 2507 507 2537 debet
524 2521 561 2538 ere
581 2510 713 2547 pavidus
738 2509 895 2539 vocabulis

173 2566 280 2597 metus,
294 2561 393 2594 timor,
410 2565 518 2595 terror,
528 2558 678 2599 formido,
695 2565 725 2588 et
739 2558 808 2589 aliis
822 2569 894 2599 cog-

174 2618 247 2642 nato
262 2621 364 2645 sensu,
381 2610 578 2647 consociatio,
594 2611 619 2639 si
635 2620 742 2640 verum
755 2609 898 2640 dictionis

174 2672 300 2704 etymon
319 2673 375 2692 nos
390 2662 671 2701 deprompserimus
694 2662 726 2691 in
749 2672 810 2692 ver.
825 2665 897 2693 576.

176 2717 304 2756 hujusce
333 2714 418 2749 libri;
451 2713 491 2743 ad
522 2722 616 2752 quem
652 2719 682 2742 te
711 2722 896 2752 promoveas,

179 2768 320 2802 Plautus,
339 2766 430 2796 Cure.
447 2775 472 2795 v.
489 2768 516 2794 2.
532 2767 582 2795 49.

210 2833 333 2858 Timidam
344 2837 426 2863 atque
434 2831 564 2864 pavidam
572 2839 583 2857 ,·
597 2837 645 2855 nec
659 2831 758 2859 vivam,
769 2836 817 2854 nec
829 2835 900 2854 mor-

302 2875 388 2896 tuam.

180 2930 288 2959 Nocte—r
306 2930 413 2964 Carus,
431 2930 473 2959 iii.
494 2933 559 2959 142².

988 680 1053 707 Heic
1061 681 1180 707 exsultat
1191 681 1262 706 enim
1271 685 1359 714 pavor
1370 688 1400 706 ac
1411 685 1501 707 metus.

930 731 1048 762 Iliados
1061 732 1208 771 epitome,
1224 731 1333 762 incerti
1348 733 1493 770 auctoris,
1505 742 1565 762 ver.
1577 734 1648 763 717.

988 800 1045 830 Ille,
1056 799 1143 824 timore
1150 803 1264 832 pavens,
1275 799 1364 824 Vitam
1377 800 1527 830 concedite,
1538 800 1621 824 dixit:

925 849 945 880 i.
961 860 988 880 e.
1006 851 1165 889 palpitans
1180 848 1299 879 timore.
1347 847 1509 889 Virgilius,
1527 849 1600 879 AEn.
1616 848 1648 879 ii.

927 903 998 932 685.

989 961 1041 985 Nos
1053 958 1150 992 pavidi
1160 958 1293 991 trepidare
1303 962 1413 983 metu—:

927 1010 947 1040 i.
962 1020 987 1040 e.
1012 1012 1034 1028 “
1051 1019 1116 1045 neS,
1132 1015 1212 1039 metu
1224 1010 1424 1048 palpitantes,
1431 1007 1596 1048 festinare,
1620 1013 1651 1037 et

928 1063 951 1078 “
967 1060 1060 1100 opera
1074 1060 1164 1091 celeri
1187 1059 1383 1090 subvenire.“
1430 1059 1480 1089 Ita
1494 1058 1582 1089 locus
1596 1059 1654 1089 iste

928 1111 1097 1150 capiendus
1112 1117 1169 1141 est:
1196 1111 1266 1141 vide
1280 1121 1331 1141 me
1346 1110 1386 1141 ad
1401 1111 1443 1141 iii.
1460 1113 1532 1142 597.
1548 1109 1602 1140 sed
1612 1109 1652 1140 de

928 1163 977 1192 his
991 1163 1072 1193 satis.

972 1214 1046 1244 Ver.
1063 1217 1114 1245 45.
1146 1216 1244 1245 Tam:
1271 1221 1312 1244 Π.
1330 1216 1416 1245 Cum.
1449 1214 1512 1244 Pro
1526 1220 1652 1254 tempus,

928 1265 1002 1295 editi
1018 1264 1162 1295 nonnulli
1175 1271 1280 1304 pectus
1295 1264 1453 1302 exhibent,
1473 1264 1568 1294 nullis
1582 1264 1651 1295 ido-

927 1317 994 1347 neis
1013 1316 1192 1346 auctoribus
1205 1315 1331 1346 subnixi
1345 1321 1463 1346 tamen.
1509 1315 1653 1346 Terenti-

928 1379 976 1408 us,
994 1368 1111 1398 Heaut.
1127 1368 1147 1398 i.
1163 1371 1188 1398 l.
1202 1371 1253 1398 38.

960 1442 1019 1467 Sine
1030 1449 1085 1471 me,
1096 1440 1225 1465 vacivom
1235 1444 1332 1472 tempus
1342 1447 1377 1466 ne
1387 1442 1460 1472 quod
1470 1441 1533 1466 dem
1545 1440 1613 1465 mihi

959 1480 1077 1506 Laboris.

975 1545 1047 1575 Ver.
1060 1547 1110 1574 48.
1131 1555 1286 1574 armornm
1303 1543 1387 1574 deest
1402 1544 1444 1574 V.
1459 1543 1508 1574 ed.
1535 1554 1604 1584 quae
1619 1543 1652 1574 in

933 1606 993 1627 ver.
1010 1600 1059 1627 46.
1083 1597 1175 1626 habet
1189 1597 1309 1625 ludz'bra
1321 1611 1332 1630 ‚-
1358 1602 1389 1625 et
1403 1606 1463 1625 ver.
1479 1599 1528 1626 47.
1551 1607 1653 1626 revera

931 1647 1118 1689 qma—fera
1129 1660 1138 1676 :
1165 1653 1206 1676 Π.
1221 1646 1346 1687 fi’rrea:
1374 1652 1405 1676 et
1429 1645 1555 1676 fortasse
1573 1656 1653 1682 vere,

931 1701 957 1731 si
972 1701 1012 1731 ad
1026 1702 1107 1730 hanc
1121 1709 1264 1729 normam
1279 1698 1386 1729 leviter
1400 1698 1567 1729 concinnes
1589 1708 1656 1729 ver-

934 1763 1019 1784 sum:

965 1815 1018 1838 Nec
1027 1815 1155 1837 metuunt
1165 1811 1272 1836 sonitum
1282 1817 1430 1840 armorum,
1440 1817 1490 1836 nec
1489 1811 1579 1842 ferrea
1590 1810 1657 1835 tela:

933 1862 981 1893 vel
997 1862 1051 1900 sic,
1069 1861 1174 1900 paullo
1188 1860 1289 1891 aliter:

967 1922 1021 1945 Nec
1031 1923 1159 1945 metuunt
1169 1919 1270 1943 sonitus
1279 1925 1429 1947 armorum,
1439 1917 1555 1948 etfi’rrea
1562 1917 1626 1942 tela.

936 1970 1054 2000 Utrum
1067 1969 1144 1999 libet
1157 1974 1346 2007 anteponam
1366 1966 1511 2007 equidem
1526 1965 1661 2006 vulgatis

936 2024 976 2052 ob
990 2021 1140 2061 majorem
1157 2019 1276 2057 sensus,
1302 2018 1376 2048 hinc
1400 2019 1510 2056 exorti,
1537 2018 1655 2057 perfec·

936 2073 1076 2109 tionem;
1096 2077 1162 2101 tam
1173 2071 1335 2112 fragorem
1350 2080 1509 2100 armorum
1525 2069 1659 2099 invicem

936 2124 1153 2164 impulsorum,
1180 2133 1275 2163 quam
1291 2124 1461 2153 claritatem
1476 2121 1658 2151 formidabi-

936 2175 1010 2214 lem,
1029 2174 1114 2216 (vide
1128 2184 1212 2211 mox,
1228 2173 1269 2203 ad
1282 2183 1345 2203 ver.
1363 2173 1429 2212 50.)
1453 2172 1660 2211 complecten-

937 2228 975 2258 tis
1004 2227 1132 2258 scilicet:
1167 2237 1269 2267 neque
1298 2224 1509 2262 dissenserint,
1538 2225 1660 2262 opinor,

938 2279 1067 2310 lectores
1089 2277 1194 2316 lepidi.
1239 2277 1301 2306 Per
1327 2286 1358 2305 se
1376 2281 1482 2305 tamen
1506 2285 1570 2304 non
1594 2274 1656 2304 dis-

937 2330 1050 2369 plicere
1075 2327 1232 2359 debuisset
1255 2340 1288 2357 ‘ro
1307 2327 1381 2367 fera
1411 2327 1468 2356 tela
1476 2340 1487 2361 ;
1515 2324 1658 2355 similiter

938 2381 1023 2411 enim
1040 2381 1146 2417 Maro,
1162 2379 1236 2409 AEn.
1252 2378 1292 2408 xi.
1308 2380 1380 2409 545.

1130 2439 1178 2464 tela
1190 2439 1308 2470 undique
1317 2445 1393 2463 ,τῶνα
1403 2437 1573 2470 premebant.

939 2490 1048 2521 Addas
1063 2488 1226 2526 Ovidium,
1242 2488 1330 2527 epist.
1348 2488 1407 2517 xiw
1423 2489 1474 2517 56.

1000 2560 1059 2582 Non
1070 2556 1173 2581 faciunt
1183 2555 1277 2580 molles
1287 2555 1321 2579 ad
1323 2554 1386 2586 fera
1396 2554 1446 2578 tela
1462 2559 1566 2577 manus.

943 2616 1003 2646 Sed
1017 2616 1069 2646 hic
1084 2615 1143 2645 loci
1160 2625 1223 2644 non
1238 2615 1330 2643 habet
1351 2612 1520 2651 epitheton,
1536 2611 1575 2642 de
1596 2622 1658 2653 quo

941 2668 1055 2708 agitur,
1071 2677 1141 2696 eam
1152 2665 1426 2705 opportunitatem,
1436 2674 1531 2704 quam
1541 2664 1574 2693 in
1584 2664 1661 2696 scito

942 2718 1032 2758 poeta
1052 2718 1150 2758 judex
1174 2717 1314 2747 nasutior
1328 2715 1487 2746 desideret.
1534 2715 1661 2753 Contra,

943 2769 1076 2809 vulgatis
1089 2769 1173 2798 favet
1187 2778 1261 2797 mox
1272 2767 1398 2797 veniens
1418 2777 1480 2797 ver.
1501 2770 1570 2797 102.
1592 2770 1615 2785 “
1631 2773 1663 2796 et

945 2824 967 2838 ‘⁶
973 2821 1047 2860 jera
1055 2819 1141 2859 ferri
1154 2818 1320 2858 Corpora.‘¹

990 2869 1069 2900 Ibid.
1091 2872 1206 2900 sonitus
1230 2881 1393 2903 armorum.
1438 2869 1602 2909 Virgilius,
1628 2875 1665 2898 ut

946 2922 987 2950 ita
1004 2921 1115 2959 saepius
1129 2920 1168 2951 de
1182 2923 1286 2956 armis,
1302 2921 1345 2950 sic
1360 2920 1399 2950 ad
1416 2931 1483 2960 geo.
1499 2921 1516 2949 i.
1534 2922 1603 2949 475.
