1894 3253
206 262 294 304 166
710 249 770 294 T.
813 246 1196 294 LUCRETII

345 386 415 428 An
436 382 654 439 prohibere
675 378 826 434 aliquid
853 393 1006 428 censes,
1029 378 1287 434 obstareque,
1309 381 1450 435 posse?

346 460 603 502 Alterutrum
622 454 786 495 fatearis
807 454 932 503 enim,
956 468 1187 509 sumasque,
1210 469 1373 496 necesse
1393 463 1470 496 est:

347 534 538 582 Quorum
559 538 779 584 utrumque
800 528 874 568 tibi
895 527 1100 584 ecfugium
1121 528 1354 583 praecludit,
1377 537 1418 570 et
1437 543 1560 570 omne

232 612 312 652 975
346 607 470 664 Cogit
491 614 536 647 ut
557 602 749 659 exempta
771 602 972 644 concedas
992 602 1077 644 fine
1096 612 1248 658 patere.

347 682 472 731 Nam,
496 681 578 721 sive
598 688 657 720 est
678 677 846 734 aliquid,
869 678 981 733 quod
1001 677 1235 733 prohibeat,
1259 678 1511 734 efficiatque,

351 756 449 804 Quo
470 755 621 804 minus,
644 769 727 809 quo
748 753 916 793 missum
938 762 1011 802 est,
1036 754 1186 802 veniat,
1209 753 1365 809 finique
1383 753 1490 794 locet
1509 768 1571 803 se;

353 831 448 872 Sive
468 829 576 870 foras
597 828 740 877 fertur,
763 842 846 868 non
870 836 929 868 est
950 843 975 868 a
994 827 1076 868 fine
1096 828 1338 882 profectum.

352 904 452 945 Hoc
472 912 594 958 pacto
617 917 762 957 sequar
769 920 781 951 ;
816 910 951 956 atque,
976 917 1067 942 oras
1089 902 1369 957 ubiquomque
1389 902 1534 944 locaris

233 985 317 1022 980
349 979 584 1028 Extremas,
608 991 792 1033 quaeram
813 976 914 1032 quid
934 976 1015 1016 telo
1035 976 1213 1032 denique
1233 976 1318 1017 fiat.

204 1161 285 1185 tum:
315 1159 354 1182 Π.
389 1158 565 1191 contat-qum
595 1150 636 1179 V.
670 1149 717 1180 ed.
748 1151 932 1184 comm-tion,-

205 1206 381 1245 depravate,
399 1203 464 1241 sed,
481 1202 515 1232 ni
530 1202 630 1237 fallor,
654 1202 723 1232 loco
738 1201 868 1241 genuini
885 1211 933 1230 ar·

206 1257 348 1294 cha'ismi‚
365 1261 528 1286 contortum
541 1267 551 1283 :
578 1253 647 1282 vide
662 1253 701 1282 ad
717 1263 777 1282 ver.
794 1256 864 1282 834.

251 1309 331 1339 Ibid.
354 1309 463 1338 validis
486 1311 653 1336 contortum
670 1306 794 1335 viribus.
840 1304 934 1333 Blan-

207 1367 335 1397 tuanus,
358 1359 433 1389 AEn.
448 1358 480 1388 ii.
497 1362 548 1388 50.

238 1444 278 1468 Sic
292 1443 373 1471 fatus,
390 1440 490 1465 validis
501 1440 642 1471 ingentem
655 1439 758 1464 viribus
768 1439 905 1463 hastam-

238 1483 399 1508 Contorst't—.

251 1555 324 1584 Ver.
344 1556 414 1585 971.
445 1554 526 1586 Quo:
546 1551 642 1581 vind.
659 1551 699 1581 V.
716 1550 764 1581 ed.
783 1550 821 1581 O.
841 1555 874 1581 Σ.
893 1556 936 1580 Ω.

213 1608 308 1640 Quod,
333 1610 368 1634 ut
396 1603 428 1632 in
445 1613 506 1632 ver.
523 1604 757 1633 961.—mc1m‘s:
784 1601 821 1631 P.
840 1600 936 1632 Vind.

210 1657 250 1687 V.
266 1656 313 1686 ed.
330 1655 445 1694 *ma-ju&
476 1660 515 1683 n.
533 1655 647 1683 inanis.

254 1706 334 1737 Ibid.
358 1707 444 1744 longe
456 1706 564 1734 volare.
590 1704 694 1741 Maro,
708 1704 782 1733 AEn.
798 1702 850 1734 xii.
867 1706 937 1733 480.

619 1774 694 1798 volat
704 1774 763 1799 avia
775 1774 854 1806 louge.

249 1835 325 1865 Ver.
343 1837 414 1866 975.
437 1846 556 1865 sumas:
585 1835 619 1864 P.
648 1835 688 1865 V.
713 1834 759 1864 ed.
783 1844 934 1864 summas.-

210 1894 251 1926 et,
268 1888 301 1917 in
318 1893 467 1927 sequente
482 1897 585 1924 versu,
604 1891 638 1917 Σ.
652 1888 830 1925 praecludet.

253 1940 329 1969 Ver.
359 1941 432 1969 975.
455 1936 607 1978 memphi.-
634 1938 670 1968 P.
698 1944 938 1978 exempla—pa-

209 1996 287 2021 tere:
316 1995 350 2020 Σ.
362 2001 481 2028 parere.

252 2042 326 2071 Ver.
339 2044 411 2072 976.
430 2042 605 2079 prohibeat:
627 2041 666 2070 G.
679 2042 820 2079 pt·obeal;
839 2040 935 2070 Vind.

211 2094 252 2124 V.
268 2093 316 2123 ed.
332 2093 369 2122 B.
393 2092 428 2121 L.
457 2092 505 2121 M.
535 2091 573 2120 Ο.
603 2096 636 2120 Δ.
663 2098 702 2120 Π.
730 2096 763 2121 Σ.
782 2093 934 2130 ρνωύεαίς

213 2156 290 2186 quas
305 2143 540 2183 depravationes
561 2142 689 2172 celerior
710 2142 851 2172 vocabuli
867 2154 937 2181 pro-

214 2196 387 2233 nunciatio,
411 2202 447 2225 ut
472 2194 544 2224 duae
566 2194 691 2234 syllabae
714 2194 746 2224 in
769 2205 868 2223 unam
883 2195 937 2224 eli-

211 2254 393 2291 quarentur,
415 2253 446 2276 et
460 2257 615 2276 mensurae
640 2246 745 2276 versus
766 2246 810 2275 vis
836 2246 941 2275 minor

213 2301 392 2336 inferretur,
410 2305 495 2328 extra
510 2298 750 2328 controversiam
766 2298 939 2337 progenuit.

213 2355 303 2385 Hinc
319 2353 413 2383 etiarn
430 2358 537 2382 exorta
552 2357 596 2381 est
613 2364 650 2381 τε
664 2353 744 2381 nihil
758 2352 791 2381 in
804 2353 849 2381 nil
865 2361 938 2380 con-

213 2407 313 2436 versio
329 2404 553 2435 recentioribus
569 2404 654 2433 libris
676 2410 782 2433 contra
805 2403 940 2433 sincero-

213 2469 285 2489 rum
301 2464 394 2498 atque
409 2462 602 2486 vetustorum
619 2455 844 2494 exemplarium
866 2465 940 2485 auc-

214 2510 382 2544 toritatem,
401 2508 447 2538 uti
464 2507 550 2546 prius
565 2507 937 2548 monuimus—efficiat.-

213 2562 256 2592 sic
286 2562 325 2592 G.
341 2560 438 2591 Vind.
465 2561 505 2590 V.
530 2559 577 2589 ed.
606 2559 642 2589 Β.
660 2559 698 2588 P.
717 2559 752 2588 L.
771 2559 817 2588 M.
837 2558 875 2588 Ο.
900 2563 936 2588 Δ,

218 2620 257 2643 Π.
275 2618 311 2644 Σ.
337 2613 391 2643 sed
409 2619 453 2643 Ω.
466 2612 591 2653 fizcz'at:
615 2617 645 2641 et
671 2621 774 2640 veram
796 2620 862 2640 esse
877 2610 938 2640 lec-

217 2664 347 2700 tionem,
372 2665 441 2705 quis
457 2665 569 2693 harum
585 2673 690 2692 rerum
706 2661 824 2701 peritus
838 2660 942 2691 existi-

215 2721 317 2744 mator
340 2716 388 2746 vel
410 2717 494 2746 horae
516 2721 715 2744 momentum
738 2712 941 2744 dubitaverit?

214 2765 373 2802 Editores,
389 2766 427 2796 de
442 2777 511 2804 suo,
527 2778 542 2796 ο
568 2768 651 2797 zcz'at.

262 2816 342 2847 Ibid.
361 2819 519 2856 prohibeat
534 2820 724 2860 eqficiatque.
771 2816 942 2854 Arnobius,

216 2867 269 2899 llb.
285 2867 316 2898 ii.
332 2878 361 2906 p.
378 2871 427 2897 48.
445 2867 498 2898 im.
522 2872 543 2886 “
559 2869 620 2898 Sed
631 2869 842 2909 efficianthaec
854 2867 942 2902 nihil,

218 2921 241 2938 “
259 2918 398 2959 nihilque
413 2921 593 2957 impediant,
615 2930 678 2959 quo
700 2919 806 2950 minus
821 2919 865 2950 eis
879 2929 944 2949 cre-

974 1364 1157 1396 provectum.

980 1152 1000 1167 “
1016 1149 1090 1179 dere
1121 1155 1215 1189 atque
1246 1149 1420 1180 auscultare
1443 1148 1610 1180 debeatis.”
1658 1149 1712 1181 Sic

978 1201 1048 1230 libri
1064 1207 1187 1231 veteres.

1022 1254 1099 1283 Ver.
1119 1256 1190 1284 977.
1202 1255 1286 1295 fini:
1316 1253 1355 1283 G.
1374 1253 1420 1282 M.
1433 1254 1514 1294 fine.

1023 1306 1097 1335 Ver.
1127 1308 1197 1336 978.
1231 1318 1268 1335 a:
1297 1305 1334 1335 P.
1365 1307 1645 1346 in.-]›rosectum.·
1672 1307 1710 1338 B.

1208 1357 1282 1386 Hoc
1296 1362 1403 1386 autem
1419 1356 1494 1387 dicit
1508 1357 1612 1395 poe'ta:
1640 1361 1661 1376 “
1677 1358 1711 1388 Si

983 1412 1002 1426 “
1019 1409 1099 1448 quis,
1131 1408 1170 1438 ad
1200 1408 1425 1438 extremitatem
1452 1419 1558 1438 rerum
1580 1409 1711 1449 positus,

982 1465 1001 1479 “
1018 1462 1117 1491 telum
1136 1462 1242 1501 jaciat,
1274 1468 1367 1502 atque
1390 1462 1511 1502 aliquid
1536 1463 1709 1502 prohibeat,

983 1515 1004 1530 “
1020 1513 1063 1542 ita
1078 1519 1113 1543 ut
1129 1513 1206 1542 illud
1218 1513 1316 1543 telum
1330 1524 1394 1543 non
1406 1514 1633 1554 progrediatur,
1647 1526 1711 1556 quo

983 1567 1003 1581 “
1019 1564 1151 1594 missum
1168 1565 1223 1601 sit3
1247 1569 1302 1593 aut
1316 1575 1434 1601 rursus,
1451 1565 1476 1595 si
1495 1567 1712 1606 progrediatur

984 1620 1005 1634 “
1021 1616 1118 1654 foras3
1142 1616 1255 1655 pariter
1271 1627 1307 1646 ex
1325 1622 1456 1658 utroque
1471 1624 1584 1648 eventu
1596 1618 1712 1649 refelli-

983 1672 1005 1687 “
1022 1674 1086 1706 tur,
1116 1669 1169 1709 qui
1192 1669 1288 1698 finem
1311 1669 1386 1699 velit
1415 1670 1536 1700 mundo
1560 1677 1711 1702 statuere:

983 1724 1005 1739 ‘⁶
1020 1731 1120 1761 quum
1136 1721 1337 1751 manifestum
1363 1721 1413 1759 sit,
1436 1721 1467 1752 id
1492 1722 1593 1752 telum
1616 1733 1678 1753 non
1695 1733 1715 1754 a

983 1777 1002 1790 ‘⁶
1019 1772 1080 1802 fine
1095 1772 1204 1813 fugam
1220 1783 1309 1803 suam
1322 1773 1420 1803 ordiri
1435 1774 1602 1812 potuissef'
1627 1774 1714 1810 Quid

981 1830 1088 1854 autem
1118 1825 1166 1854 his
1195 1824 1368 1863 simplicius
1396 1830 1426 1854 et
1454 1825 1592 1864 apertius
1613 1826 1714 1865 optari

982 1875 1111 1908 debeat?
1137 1878 1205 1907 Aut
1235 1876 1310 1917 quid
1342 1877 1484 1916 impedit,
1515 1889 1578 1918 quo
1606 1879 1715 1910 minus

984 1929 1116 1959 editores
1152 1929 1339 1960 temeritatis
1374 1929 1587 1960 insulsissimae
1623 1937 1717 1971 atque

984 1981 1122 2010 audaciae
1133 1981 1224 2020 plane
1236 1980 1438 2011 intolerabilis
1451 1981 1715 2020 postulandtsint,

982 2034 1106 2062 Aurato
1122 2039 1152 2062 et
1164 2033 1322 2063 Lambino
1337 2033 1557 2069 auscultantes,
1574 2034 1614 2064 ad
1625 2035 1712 2064 hunc

982 2084 1115 2114 modum
1130 2094 1166 2113 ex
1189 2085 1315 2114 arbitrio
1338 2085 1564 2115 Lucretianum
1589 2091 1712 2116 textum

982 2136 1258 2174 interpolantibus?

1046 2207 1105 2232 Sive
1118 2207 1188 2230 foras
1200 2206 1296 2236 fertur,
1308 2213 1362 2231 non
1373 2209 1412 2231 est
1424 2214 1452 2231 ea
1456 2207 1522 2238 finis
1531 2207 1650 2239 profecto.

986 2265 1075 2295 Nihil
1091 2264 1252 2304 indignius
1267 2274 1407 2304 unquam
1422 2263 1486 2293 vidi
1502 2263 1635 2302 factum3
1659 2275 1714 2295 nc-

984 2326 1044 2356 que
1070 2316 1132 2345 alia
1155 2316 1217 2345 fuit
1243 2315 1406 2351 sententia,
1432 2321 1468 2345 ut
1483 2317 1718 2355 exspectavisses

985 2378 1069 2405 sane,
1095 2367 1257 2397 Bentleius
1272 2372 1383 2396 noster.

1029 2420 1104 2449 Ver.
1124 2423 1194 2450 979.
1226 2420 1423 2458 ubicumque:
1449 2418 1489 2448 V.
1517 2418 1564 2449 ed.
1587 2421 1715 2451 obitum-

984 2483 1058 2511 (μα’,-
1086 2478 1129 2501 n..
1147 2472 1264 2511 ubique.

1028 2525 1102 2554 Ver.
1118 2527 1189 2555 980.
1213 2525 1288 2554 telo:
1315 2524 1356 2553 V.
1381 2523 1428 2553 ed.
1454 2524 1490 2553 Β.
1514 2524 1713 2564 coela—fiat:

986 2577 1024 2606 G.
1043 2576 1091 2606 M.
1102 2578 1174 2618 fiet,
1191 2585 1280 2615 aeque
1295 2576 1390 2605 bene:
1418 2580 1460 2612 et,
1482 2574 1547 2604 vice
1562 2572 1657 2608 versa,
1681 2573 1714 2602 in

986 2634 1135 2668 sequente
1150 2637 1252 2664 versu,
1270 2627 1318 2656 M.
1334 2627 1425 2656 habet
1441 2628 1529 2662 Fiat,
1540 2623 1629 2654 male.

1030 2680 1101 2709 Ver.
1131 2682 1203 2710 981.
1234 2679 1412 2708 consistere:
1439 2676 1460 2706 i.
1485 2686 1510 2705 e.
1533 2679 1714 2704 constare-

989 2736 1186 2761 stare—esse.
1231 2729 1395 2764 Horatius,
1411 2732 1466 2757 sat.
1481 2726 1501 2756 i.
1520 2729 1547 2755 1.
1567 2728 1635 2756 107.

1306 2813 1368 2834 sunt
1379 2807 1446 2833 certi
1456 2807 1571 2837 denique
1573 2806 1653 2837 fines,

1018 2855 1090 2884 Quos
1101 2852 1170 2876 ultra
1181 2851 1301 2881 citraque
1312 2848 1405 2879 nequit
1415 2846 1544 2871 consistere
1554 2850 1670 2871 rectum.

1030 2917 1106 2947 Ver.
1123 2919 1194 2947 982.
1217 2912 1385 2954 quugz'um
1395 2912 1540 2950 prolatet:
1558 2910 1577 2940 i.
1591 2921 1616 2941 e.
1633 2909 1716 2952 fuga·
