1894 3253
592 262 824 312 LIBER
873 260 1181 311 PRIMUS.

141 396 348 434 verissimam,
361 395 505 426 evincent
516 395 581 432 tibi,
596 395 629 426 ni
637 395 791 434 fallimur,
803 406 873 438 quae
916 395 994 425 sime
1024 394 1256 433 conspirabunt.

144 457 218 478 mox
234 447 378 478 dabimus
392 447 535 478 liberiore
552 447 683 484 calamo,
700 448 749 479 ad.
761 449 790 478 ii.
801 451 874 479 563.

145 502 252 531 Mcbes
288 502 410 536 subite&
454 501 706 539 supervenientes
745 500 874 538 scilicet,

146 554 296 589 subortae3
320 559 355 582 ut
371 552 445 583 ibid.
461 554 502 582 ix.
517 556 568 583 55.

176 628 225 652 Hic
236 628 345 652 subitam
357 628 433 660 nigro
445 627 589 659 glomerari
599 627 710 660 pulvere
723 627 812 651 nubem

173 667 339 699 Prospiciunt
351 667 468 692 Teucri:

143 731 198 761 ubi
214 731 293 762 liber
318 730 428 761 itidem
452 741 536 761 unus
559 730 691 770 pessime
707 731 800 761 habet
821 741 873 762 su-

143 784 213 812 bico.

143 836 254 876 Neque
278 835 446 866 immemor
474 835 571 866 nostri
598 836 703 874 Maro,
729 835 770 866 ad
798 836 875 867 AEn.

141 887 203 918 viii.
220 890 292 919 254.

308 966 480 998 involvitque
490 966 605 991 domum
616 965 723 998 caligine
734 966 813 996 caecci,

171 1007 331 1038 Prospectum
343 1006 451 1038 eripiens
462 1006 555 1031 oculis.

184 1069 265 1099 Ibid.
288 1071 397 1100 ultima
423 1071 553 1100 natura'z’
581 1071 765 1106 Pervz'deas;
800 1069 819 1099 i.
847 1080 872 1100 e.

141 1125 160 1138 “
176 1120 340 1150 oculorum
356 1121 457 1151 aciem
472 1121 556 1151 ultra
568 1120 763 1152 flammantia
778 1132 874 1152 mun-

140 1175 163 1189 “
178 1171 210 1201 di
229 1172 356 1209 moenia,
379 1178 416 1202 ut
430 1172 588 1211 Epicurus
601 1173 677 1211 ipse,
696 1171 874 1212 jaculeris.’'

142 1222 204 1254 Sed
220 1224 306 1254 enim
321 1224 371 1253 vix
388 1224 535 1264 equidem
557 1224 677 1260 dubito,
701 1225 777 1265 quin
792 1225 874 1265 figu-

139 1282 240 1307 ratam
275 1277 451 1308 orationem
488 1277 672 1307 concinnius
709 1277 875 1307 servaverit

138 1328 229 1367 poeta
244 1335 358 1365 noster,
379 1334 410 1359 et
424 1330 484 1358 hoc
499 1334 589 1368 pacto
606 1328 713 1358 locum
727 1328 875 1368 primitus

144 1379 335 1410 exhibuerit:

492 1455 543 1473 nec
555 1448 605 1472 tibi
615 1454 691 1473 caeca

200 1489 264 1512 Nox
276 1488 326 1513 iter
337 1489 442 1520 eripiet,
455 1488 522 1519 quin
533 1488 631 1512 ultima
641 1488 749 1513 naturai

202 1531 357 1555 pervenias.

145 1593 194 1623 Sic
206 1594 314 1624 omnia
328 1600 504 1635 congruent
519 1594 690 1634 aptissime,
707 1600 738 1624 et
752 1594 876 1625 amicis-

1560 267 1644 308 191

1310 391 1427 423 Noster
1452 401 1556 432 supra,
1585 402 1645 424 ver.

920 450 968 477 75.
984 456 1039 486 per
1053 445 1187 476 eandem
1201 442 1452 474 translationem:

1393 499 1473 520 extra

981 536 1102 561 Processit
1113 537 1193 568 longe
1206 536 1375 560 flammantia
1388 535 1491 560 moenia
1501 535 1608 559 mundi.
1641 548 1645 551 -

921 576 1071 607 Similiter
1086 576 1252 617 VirgiliuS‚
1271 576 1325 616 qui
1343 590 1385 616 τῳ
1402 578 1560 616 pervidere
1575 586 1649 606 nus-

919 638 1015 669 quam
1031 639 1106 658 usus
1122 634 1178 665 est,
1197 628 1270 657 AEn.
1288 638 1319 658 x,
1336 631 1409 658 472.

1240 688 1323 712 etiam
1334 694 1380 712 sua
1391 689 1518 712 'l'urnum

948 730 1013 753 Fata
1025 731 1135 758 vocant,
1143 731 1276 759 metasque
1288 728 1345 752 dati
1352 728 1474 759 pervenit
1485 728 1518 752 ad
1530 727 1601 758 aevi;

918 778 936 809 i.
953 789 978 809 e.
1001 778 1042 808 ad
1056 778 1113 808 aevi
1128 780 1257 808 ultima.-
1283 784 1314 807 et
1330 777 1372 807 sic
1395 777 1449 807 alii
1466 777 1645 816 saepissime.

919 832 1085 862 Pervenias
1095 836 1202 860 autem
1215 831 1336 868 ultima,
1347 829 1414 859 sine
1423 828 1651 869 praepositione,

918 892 1068 923 perquam
1100 882 1277 922 elegantem
1316 887 1351 911 ut
1381 880 1585 917 Claudianus,
1612 880 1652 910 de

919 934 990 965 bell.
1009 935 1080 964 Get.
1098 937 1147 965 75.

1254 995 1303 1014 nec
1313 994 1456 1020 pervenere
1465 989 1588 1018 juventae

966 1029 1050 1053 Robur
1060 1028 1166 1054 Alo'idae
1177 1036 1184 1052 τ

918 1084 949 1109 et
963 1079 1068 1109 videas
1084 1089 1139 1118 par
1153 1078 1294 1119 regimen
1310 1078 1350 1109 ad
1362 1089 1422 1109 ver.
1442 1082 1532 1109 1060.
1549 1087 1650 1117 supra.

962 1131 1038 1161 Ver.
1056 1134 1148 1161 1110.
1171 1133 1358 1162 adcendent:
1386 1131 1423 1161 P.
1435 1130 1476 1160 V.
1501 1129 1549 1160 ed.
1565 1141 1652 1160 acce-

919 1184 1007 1218 dent,·
1034 1186 1068 1213 Σ.
1084 1183 1265 1212 accendant.

962 1240 1043 1271 Ibid.
1065 1253 1113 1272 res
1128 1243 1298 1272 adcendent
1313 1243 1433 1272 lumina
1449 1242 1545 1272 rebus.
1577 1240 1650 1270 Vir-

917 1293 1024 1333 gilius,
1041 1303 1109 1333 geo.
1125 1292 1144 1322 i.
1163 1296 1235 1323 251.

983 1353 1037 1378 Illis
1047 1360 1103 1378 sera
1115 1353 1212 1378 rubens
1222 1352 1339 1378 adcendit
1350 1352 1448 1395 lumjna
1460 1360 1570 1384 vesper:

919 1402 963 1433 sic
978 1403 1065 1432 enim
1079 1402 1252 1443 legendum
1275 1413 1339 1433 esse
1361 1402 1436 1433 alibi
1456 1402 1589 1442 planum
1604 1401 1650 1432 fe-

919 1454 1029 1484 cimus.
1075 1453 1219 1483 Similem
1248 1455 1342 1484 habet
1372 1454 1500 1494 insuper
1526 1458 1649 1484 senten-

920 1505 997 1535 tiam
1016 1505 1157 1543 Gratius,
1173 1516 1283 1546 cyneg.
1301 1510 1329 1537 8.

1095 1565 1234 1597 contiguas
1246 1566 1363 1592 didicere
1374 1573 1412 1591 ex
1423 1565 1523 1590 artibus
1534 1567 1604 1590 artes

962 1607 1108 1629 Proser-ere.

441 1880 878 1934 ADDENDA

147 2024 249 2056 VER.
267 2027 294 2056 7.
322 2027 380 2056 tibi
394 2028 481 2057 tellus
498 2028 764 2069 Submittitflores.
808 2029 876 2058 Eu-

144 2078 279 2116 menius,
303 2088 414 2119 paneg.
441 2079 603 2110 Constant.
620 2081 706 2120 Aug.
730 2086 802 2111 sect.
826 2084 876 2111 22.

142 2130 227 2160 hunc
248 2129 354 2160 locum
375 2131 498 2161 videtur
520 2132 648 2170 imitari,
672 2139 703 2163 et
725 2133 874 2172 suspicio-

144 2192 218 2212 nem
241 2191 346 2212 meam
362 2183 402 2213 de
420 2184 575 2222 Homero,
600 2185 687 2226 quasi
712 2185 875 2215 notionem

145 2234 292 2265 Lucretio
328 2236 582 2275 suppeditaverit,
627 2237 875 2268 confirmare:—

147 2287 169 2302 “
188 2285 255 2315 Nec
277 2287 381 2326 magis
402 2287 476 2318 Jovi
491 2288 675 2329 Junonique
697 2290 873 2320 recubanti-

147 2338 168 2353 “
185 2337 244 2366 bus
265 2347 361 2368 novos
372 2341 470 2380 flores
491 2346 573 2370 terra
600 2343 751 2378 submisit,
779 2353 874 2383 quam

146 2390 166 2404 “
183 2387 263 2416 circa
287 2395 351 2424 tua,
383 2390 601 2427 Constantine,
628 2393 759 2433 vestigia
783 2395 876 2424 urbes

152 2440 174 2455 “
191 2443 221 2467 et
236 2439 355 2477 templa
369 2442 594 2481 consurgunt.”

188 2490 264 2520 Ver.
285 2494 335 2520 14.
357 2491 442 2532 feroe
459 2496 599 2532 pecudes.
644 2495 787 2535 Hujusce
808 2507 875 2525 ver-

149 2542 202 2571 sus
218 2543 370 2582 scriptura
385 2555 455 2574 vere
474 2547 642 2577 constituta
657 2554 710 2578 est.
755 2549 878 2578 Pariter

148 2594 312 2624 Minucius
345 2595 444 2633 Felix,
474 2603 546 2627 sect.
577 2600 696 2628 17.—“
721 2599 876 2638 praecipue

147 2647 169 2662 “
187 2654 260 2674 cum
290 2655 308 2675 a
340 2646 418 2683 feris
449 2648 555 2677 belluis
591 2649 650 2678 hoc
682 2649 875 2688 differamus,

149 2699 169 2713 ·‘
186 2696 271 2736 quod
286 2696 341 2727 illa
355 2698 578 2736 prona—etc.'’

190 2747 265 2777 Ver.
288 2751 336 2779 71.
359 2749 529 2789 ecfringere
545 2757 707 2789 portarum
730 2753 873 2782 claustra.

149 2798 428 2834 Quemadmodum
455 2801 621 2831 Cornelius
648 2801 754 2840 Nepos
780 2803 873 2832 etiam

146 2848 269 2880 locutus
291 2858 347 2889 est,
372 2862 400 2881 X.
425 2856 452 2882 9.
471 2856 499 2883 6.
513 2853 637 2893 foribus
660 2852 812 2893 effracti&
843 2860 873 2884 et

149 2901 283 2934 Plautus
307 2904 394 2943 alias,
421 2904 538 2936 iteratis
564 2905 689 2936 vicibus.
735 2906 824 2937 Asin.
840 2907 871 2938 ii.

147 2955 180 2982 5.
199 2955 225 2982 8.

946 1877 1349 1940 QUAEDAM.

1145 2015 1261 2040 cardines
1272 2021 1306 2040 ne
1316 2014 1417 2039 foribus
1428 2015 1607 2048 effringantur.

922 2067 963 2097 In
979 2067 1045 2097 mil.
1060 2067 1137 2108 glor.
1154 2066 1259 2102 etiam,
1276 2066 1315 2096 iv.
1332 2070 1360 2096 6.
1375 2068 1427 2097 55.

1021 2131 1077 2155 Mil.
1091 2130 1215 2155 Obclusae
1225 2134 1288 2155 sunt
1291 2131 1373 2161 fores.
1392 2131 1441 2156 Ac.
1460 2131 1648 2164 Effringam:—

919 2186 949 2210 et
963 2180 997 2210 in
1015 2181 1109 2211 Stich.
1126 2181 1156 2211 ii.
1172 2185 1202 2211 52.
1217 2184 1248 2211 5.
1264 2180 1411 2221 denique:

1174 2240 1235 2265 ean'
1247 2240 1332 2271 gratia
1338 2240 1412 2271 fores
1423 2239 1554 2271 effringir?

960 2291 1036 2321 Ver.
1051 2295 1100 2322 93.
1117 2291 1258 2320 Tantum
1275 2301 1339 2320 non
1355 2289 1484 2329 poenitet
1497 2290 1584 2320 haud
1593 2291 1648 2320 ad-

918 2342 1047 2372 missam
1063 2353 1127 2372 esse
1142 2353 1250 2372 vocem
1265 2344 1405 2373 subnz'ra.
1442 2342 1546 2372 Locus
1561 2342 1647 2372 Livi-

919 2404 1010 2431 anus,
1027 2393 1108 2423 xxvi.
1121 2397 1149 2424 9.
1161 2396 1189 2423 8.
1207 2393 1342 2423 maxime
1354 2393 1513 2434 congruit:
1535 2397 1557 2411 “
1571 2393 1646 2423 Plo-

921 2449 942 2463 “
957 2451 1043 2474 ratus
1065 2444 1235 2474 mulierum
1258 2455 1322 2474 non
1345 2455 1383 2474 ex
1398 2444 1525 2484 privatis
1546 2444 1650 2475 solum

921 2500 942 2514 ‘⁴
959 2496 1105 2526 domibus
1114 2496 1387 2532 exaudiebantur-‚³³
1400 2496 1484 2537 (vide
1494 2501 1648 2535 nostrum,

920 2548 950 2577 ii.
977 2551 1052 2586 579,
1081 2549 1168 2588 580.)
1195 2552 1214 2567 “
1231 2549 1286 2579 sed
1314 2548 1454 2588 undique
1485 2554 1648 2587 matronae,

920 2603 943 2618 “
960 2600 993 2629 in
1008 2600 1172 2639 publicum
1198 2600 1317 2637 effusae,
1344 2600 1425 2629 circa
1440 2599 1535 2630 desim
1557 2600 1646 2631 delu-

921 2654 942 2669 “
959 2652 1013 2681 bra
1029 2651 1215 2686 discurrunt,
1235 2651 1372 2680 crinibus
1387 2651 1484 2689 passis
1498 2661 1565 2681 aras
1579 2662 1646 2681 ver-

921 2706 942 2720 “
959 2708 1072 2740 rentes,
1088 2705 1170 2732 nioeae
1182 2704 1320 2742 genibus,
1339 2703 1466 2741 supinas
1480 2713 1592 2733 manus
1607 2703 1647 2733 ad

919 2756 941 2770 “
958 2753 1071 2783 coelum
1081 2763 1115 2782 ac
1125 2752 1200 2782 deos
1209 2753 1381 2792 tendentes,
1389 2754 1646 2795 orantesque—3³

919 2804 1014 2834 Hanc
1030 2805 1193 2834 notionem
1215 2805 1300 2835 verbi
1315 2805 1467 2846 glossator
1488 2812 1577 2836 vetus
1596 2816 1644 2836 re-

918 2855 1021 2894 spicit:
1049 2859 1070 2874 “
1087 2858 1251 2895 Sabnixus,
1280 2858 1438 2892 ὑποδεπς.·”
1463 2858 1482 2888 i.
1507 2869 1534 2888 e.
1560 2858 1647 2899 quasi

917 2910 1017 2938 minor
1039 2910 1179 2948 genibus,
1194 2909 1244 2939 vel
1268 2917 1348 2941 metu
1370 2912 1546 2950 perculsus:
1572 2920 1644 2940 nam

918 2959 950 2989 in
967 2961 1122 2991 utramvis
1136 2967 1256 3000 partem
1271 2968 1371 3002 potest
1386 2963 1493 3002 accipi.
