1894 3253
195 276 287 323 176

682 270 743 317 T.
793 267 1176 317 LUCRETII

194 407 302 443 1030
334 401 498 450 Ecficit‚
521 407 567 440 ut
587 399 712 456 largis
732 400 898 442 avidum
919 415 1033 442 mare
1053 400 1234 442 fluminis
1253 401 1375 442 undis

331 478 545 532 Integrent
565 490 723 526 amnes,
747 484 787 517 et
808 476 901 517 solis
921 484 1032 518 terra
1051 491 1203 532 vapore

332 551 438 591 Fota
458 558 583 591 novet
601 549 704 591 fetus
711 569 724 601 3
758 551 916 592 summa
938 567 1101 608 quoque
1121 566 1221 609 gens
1242 551 1498 592 animantum

331 624 512 674 Floreat,
536 633 576 665 et
596 625 735 666 vivant
755 625 936 667 labentes
957 626 1121 667 aetheris
1142 626 1273 683 ignes:

328 698 457 747 Quod
477 698 590 740 nullo
610 698 791 741 facerent
810 708 948 755 pacto,
970 701 1049 741 nisi
1070 700 1259 741 materiai

214 854 278 885 Quis
289 853 340 877 fuit
351 853 395 878 ille
406 853 476 878 dies?
496 855 555 878 Non
567 862 651 879 annus
663 855 758 886 longior
769 855 812 880 ille
823 859 874 886 est,

213 894 304 919 Attica
316 901 399 924 quem
410 893 485 917 docti
495 894 604 925 collegit
617 901 680 919 cura
694 895 819 919 Metonis,

182 952 423 991 Nobismetipsis
449 957 554 982 tamen
581 953 665 992 prior
690 953 783 991 ratio,
813 953 915 983 multo

182 1005 315 1043 facilior,
332 1005 425 1035 unice
437 1004 559 1035 arridet.

183 1057 296 1095 Porro,
327 1057 352 1086 si
377 1058 561 1086 auctoritate
587 1056 695 1097 quavis
722 1057 919 1087 suffulciatur

184 1109 331 1139 editionis
358 1109 463 1146 lectio,
495 1109 717 1148 Havercampo
732 1115 917 1147 memorata,

183 1160 459 1201 nempeformata,
471 1160 539 1190 vice
550 1167 667 1192 servata
677 1176 687 1196 ;
707 1161 816 1191 leviter
827 1161 916 1191 vitia-

183 1218 249 1242 tam
266 1212 398 1242 dixerim
415 1219 446 1241 et
461 1211 615 1242 detortam
641 1223 660 1242 a
685 1212 824 1252 genuina
851 1214 916 1243 Lu-

183 1264 270 1293 cretii
288 1264 450 1302 scriptura,
467 1264 510 1293 sic
523 1264 669 1302 primitus
685 1275 716 1293 se
732 1265 880 1294 habente:

444 1330 556 1354 magnos
564 1323 675 1354 firmaia
688 1331 735 1355 per
744 1330 843 1348 annos:

183 1382 280 1412 quam
290 1381 397 1401 vocem
408 1371 477 1401 loco
487 1372 779 1402 convenientissime
790 1372 917 1402 affinem

185 1435 262 1461 esse,
287 1434 381 1453 nemo
397 1423 612 1463 denegas-erin
637 1424 690 1454 sed
705 1424 858 1454 librorum
874 1425 919 1454 vis

185 1486 252 1506 non
268 1481 315 1504 est
329 1475 368 1504 de
384 1474 486 1504 nihilo
503 1476 587 1513 parvi
600 1475 752 1505 facienda.

231 1527 304 1556 Ver.
325 1530 415 1557 1029.
439 1526 593 1566 conjecta:
632 1527 668 1556 Β.
692 1528 869 1567 cunjuncta,
893 1527 918 1557 si

185 1578 385 1608 collatoribus
400 1577 476 1607 fides
491 1579 596 1608 haberi
613 1585 714 1618 queat.

185 1631 354 1667 Caeterum,
379 1629 612 1669 aliquantulum
628 1630 829 1661 subdubitare
850 1641 916 1661 me-

182 1693 256 1712 cum
273 1682 369 1720 soleo,
386 1692 426 1711 an
443 1681 519 1711 olim
532 1682 652 1713 dederit
668 1683 758 1721 poeta
772 1689 889 1713 noster:

213 1754 251 1776 Ut
263 1751 344 1776 semel
357 1751 382 1774 in
394 1751 472 1775 coitus
483 1752 605 1782 conjecta
619 1756 658 1778 est
670 1753 872 1777 convenienteis
886 1760 893 1777 t

183 1824 258 1843 nam
270 1812 402 1852 judices,
418 1818 522 1841 motus
540 1812 693 1852 genitales
709 1823 804 1842 suum
821 1813 917 1843 offici-

181 1877 238 1896 um
254 1866 419 1905 peregisse,
439 1874 469 1896 et
485 1872 576 1897 cretus
601 1872 700 1896 certos
726 1877 761 1896 ac
788 1866 917 1905 disposi-

182 1923 269 1946 turas
284 1917 422 1946 materiae
437 1917 594 1947 creatricis
607 1918 674 1958 jam
692 1918 809 1957 perfici,
826 1920 918 1948 rebus

183 1969 221 1998 ad
239 1969 353 2007 species
365 1980 437 1998 suas
446 1969 636 1999 defonnatis.
670 1970 918 2000 Hanclectionis

181 2021 364 2051 varietatem
393 2021 426 2050 in
455 2022 504 2051 his
526 2022 684 2052 vocabulis
702 2023 772 2062 jam
799 2024 916 2061 experti

183 2083 304 2109 sumus,
320 2072 359 2101 ad
375 2082 435 2102 ver.
456 2076 545 2103 1016.
570 2074 623 2103 sed
640 2073 719 2102 nihil
735 2084 772 2103 ex
788 2073 914 2103 arbitrio

182 2124 259 2154 citra
287 2124 501 2153 necessitatem
525 2124 698 2154 confessam
724 2125 756 2153 in
780 2135 831 2154 me
847 2135 913 2153 sus-

184 2175 320 2215 ceperim
334 2175 505 2205 demutare.

226 2229 301 2258 Ver.
320 2231 411 2258 1050.
434 2230 557 2259 avidum
566 2242 575 2258 .·
602 2227 621 2257 i.
634 2238 659 2258 e.
676 2233 809 2265 vastum,
823 2239 915 2258 sensu

183 2279 368 2310 secundario
392 2286 485 2320 atque
516 2279 721 2310 Lucretiano:
749 2280 818 2310 vide
841 2291 914 2310 mox

184 2331 328 2369 dicenda,
345 2331 385 2360 ad
400 2331 432 2362 ii.
453 2334 542 2362 1065.
558 2342 584 2361 v,
602 2335 673 2361 209.

229 2382 311 2413 Ibid.
334 2382 438 2422 Lege:

349 2449 428 2481 largis
439 2450 549 2474 avidum
562 2457 637 2475 mare
641 2450 739 2482 jugiter
750 2450 836 2474 undis.

688 2492 914 2522 Bemtmus.

185 2560 303 2590 Hercle
325 2560 538 2601 incogitantiae
564 2560 673 2590 multae
689 2560 841 2590 divinatio
856 2566 913 2598 est,

183 2611 230 2640 vir
241 2612 453 2651 sagacissime!
479 2612 553 2642 Tibi
568 2612 674 2641 minus
689 2612 781 2650 bella,
807 2612 840 2641 ni
855 2612 913 2642 fal-

184 2661 241 2697 lor,
257 2663 418 2694 videbatur
433 2664 549 2694 locutio
568 2663 711 2704 gemellis
725 2664 914 2694 dictionibus

184 2714 344 2744 cumulata
361 2717 510 2755 fluminis
534 2717 625 2745 undis
641 2726 760 2751 amnes5
786 2714 838 2744 sed
854 2716 914 2744 hu-

178 2763 356 2804 juscemodi
372 2767 507 2796 verbosis
526 2758 799 2797 exuberationibus
815 2768 913 2797 abun-

184 2814 261 2845 dant
283 2815 484 2855 antiquorum
513 2819 676 2857 poctarum
699 2824 914 2848 monumenta.

184 2866 341 2906 Exemplo
370 2868 435 2906 pari
466 2869 506 2899 sit
528 2871 718 2906 Priscianus,
742 2871 774 2900 in
797 2870 911 2911 perieg.

184 2921 258 2948 210.

215 2976 372 3008 Hincstuvii
385 2977 488 3010 pinguis
497 2978 662 3004 descendunt
666 2978 780 3010 flumina
791 2979 856 3007 Nili.

959 856 1210 895 Exspectavisses
1222 856 1353 886 scribere
1366 855 1549 895 simplicius,
1559 861 1596 886 ut
1606 855 1690 886 vide·

959 915 1021 946 tur,
1038 909 1078 938 ad
1093 919 1239 938 normam
1256 908 1413 946 Maronis,
1435 909 1509 938 AEn.
1526 908 1565 939 ix.
1581 911 1634 939 51.

996 975 1177 1005 Hincfluviur
1187 975 1276 1007 pingui
1288 975 1526 1005 descenditflumine
1537 975 1612 1000 Nilus
1622 984 1632 1001 .·

962 1026 1016 1056 sed
1033 1032 1154 1056 nosmet
1168 1026 1262 1055 hooie
1278 1027 1391 1056 harum
1406 1026 1615 1056 subtilitatum
1641 1026 1694 1066 ju-

962 1077 1045 1107 dices
1061 1088 1170 1107 sumus
1186 1078 1294 1107 minus
1309 1077 1425 1113 idonei,
1442 1088 1543 1118 neque
1558 1088 1695 1118 regnum

963 1129 995 1158 in
1027 1128 1128 1159 aliena
1157 1128 1316 1167 prox'Incia
1354 1129 1504 1159 debemus
1540 1139 1693 1170 arrogare.

961 1180 1142 1220 Euripides,
1159 1181 1255 1210 Herc.
1272 1180 1331 1210 sur.
1348 1184 1421 1211 568.
1445 1180 1591 1211 editionis
1601 1191 1694 1211 meae:

1022 1255 1132 1286 Mozzpm
1147 1251 1169 1277 τ’
1182 1253 1332 1278 ΑΡΟΥΡΑῙ
1351 1254 1491 1278 ΠΕΔΙΩΝ
1503 1260 1635 1288 σικαρττοιδ

962 1313 1075 1352 quibus
1093 1319 1220 1343 centum
1236 1314 1383 1352 parallcla
1395 1315 1487 1344 facile
1499 1316 1613 1354 apponi
1624 1325 1695 1354 pos-

962 1371 1047 1402 sent;
1073 1365 1126 1394 sed
1144 1365 1212 1394 sine
1228 1371 1258 1394 te
1275 1366 1432 1395 remittam
1455 1366 1495 1396 ad
1524 1367 1595 1396 Silv.
1617 1367 1693 1396 Crit.

962 1428 988 1448 ν,
1005 1429 1033 1457 p.
1049 1421 1099 1449 55.
1146 1419 1274 1448 Moram
1305 1419 1404 1448 nihilo
1435 1420 1543 1449 minus
1569 1422 1696 1450 brevem

962 1469 1051 1498 nobis
1068 1469 1222 1509 Virgilius
1238 1471 1408 1508 excusabit,
1422 1481 1489 1511 geo.
1510 1472 1547 1501 iv.
1564 1475 1637 1502 561.

1497 1545 1531 1568 At
1544 1544 1632 1575 illum,

993 1583 1112 1606 Curvata
1125 1582 1151 1606 'm
1163 1583 1262 1606 montis
1274 1582 1384 1612 faciem,
1396 1583 1575 1608 tircmmtetit
1588 1584 1669 1616 unda,

992 1622 1160 1653 Adcepitque
1172 1623 1229 1646 sinu
1244 1627 1328 1653 vasto,
1339 1623 1465 1654 misitque
1473 1624 1520 1648 sub
1532 1631 1643 1649 amnem.

1004 1685 1079 1715 Ver.
1109 1689 1200 1716 1051.
1239 1688 1394 1726 Integrenl
1402 1703 1412 1723 ;
1451 1694 1491 1717 Π.
1522 1689 1692 1727 Integeret;

962 1737 1059 1767 vind.
1076 1738 1115 1768 V.
1133 1737 1179 1767 ed.
1203 1738 1240 1768 B.
1259 1738 1298 1768 0.
1316 1743 1350 1770 Σ.
1369 1745 1413 1768 Ω.
1438 1740 1625 1777 Integer-ent,
1638 1739 1694 1769 ad-

964 1789 1098 1819 modum
1135 1789 1303 1830 eleganter,
1342 1790 1367 1819 si
1405 1790 1484 1820 ratio
1514 1798 1692 1830 temporum

962 1848 1123 1872 constaret.
1170 1842 1334 1878 Habacuc,
1358 1843 1391 1872 ii.
1421 1845 1469 1872 14.
1502 1853 1540 1872 ex
1570 1843 1697 1883 vulgata

960 1894 1115 1923 versione:
1145 1897 1167 1912 “
1182 1894 1266 1929 Quia
1282 1893 1451 1933 replebitur
1467 1899 1557 1930 terra,
1571 1900 1606 1924 ut
1621 1905 1694 1935 cog-

963 1949 986 1963 “
1002 1951 1132 1976 noscant
1160 1945 1293 1986 gloriam
1317 1946 1463 1984 Domini,
1491 1946 1579 1986 quasi
1605 1958 1695 1988 aqnce

964 2000 985 2014 ‘⁶
1002 1999 1167 2036 operientes
1183 1997 1298 2028 mare.''
1347 1997 1396 2027 Sic
1422 1998 1517 2027 etiam
1545 2008 1615 2028 vere
1640 1999 1697 2038 Sy-

960 2059 1014 2077 rus
1029 2054 1059 2078 et
1077 2048 1257 2079 Chaldaeus:
1279 2049 1461 2088 interpretes
1473 2050 1569 2079 LXX
1585 2049 1696 2080 virales
1743 2055 1749 2059 '

958 2099 1041 2129 male
1053 2108 1126 2135 nrt,
1145 2110 1201 2138 pro
1217 2109 1273 2136 mg
1290 2101 1442 2140 legerunt.
1479 2101 1623 2138 Ovidius,
1639 2102 1697 2141 qui

959 2160 1023 2180 non
1046 2151 1094 2180 his
1119 2151 1284 2186 discordat,
1313 2151 1471 2181 admoveri
1496 2151 1612 2191 dignus
1638 2159 1695 2191 est,

960 2208 995 2232 ut
1005 2201 1069 2232 unzi
1082 2201 1176 2241 opera
1188 2201 1361 2231 illustretur
1372 2202 1532 2240 Lucretio,
1545 2208 1575 2232 et.
1586 2213 1693 2233 emen·

961 2254 1052 2284 detur
1067 2254 1164 2284 etiam
1180 2254 1281 2292 nobis,
1298 2260 1390 2295 atque
1406 2254 1592 2291 vindicetur,
1605 2255 1694 2295 epist.

958 2306 991 2337 ii.
1007 2310 1058 2337 55.

990 2377 1037 2399 Per
1049 2381 1128 2404 mare,
1140 2375 1213 2405 quod
1224 2378 1315 2400 totum
1329 2375 1417 2400 ventis
1428 2376 1557 2407 agitatur,
1567 2379 1594 2400 et
1606 2376 1693 2401 undis.

961 2432 1054 2462 Forte
1077 2432 1267 2471 rescripseris
1297 2432 1416 2470 optimo
1443 2432 1527 2472 jure,
1559 2438 1690 2463 tortum.-

960 2483 1080 2522 quoties
1110 2483 1196 2512 enim
1219 2484 1285 2512 haec
1316 2484 1408 2513 verba
1435 2482 1691 2514 commutantur?

959 2533 1029 2564 vide
1044 2544 1148 2573 supra,
1175 2534 1216 2564 ad
1243 2544 1304 2564 ver.
1331 2538 1401 2566 294.
1448 2534 1500 2564 Ita
1521 2544 1607 2572 mox,
1632 2543 1691 2563 ver.

957 2590 1007 2616 38.
1032 2586 1163 2616 ibidem:

1019 2653 1118 2678 Concita
1131 2653 1177 2684 qui
1188 2653 1276 2678 ventis
1287 2659 1399 2684 aequora
1411 2653 1525 2682 mulcet,
1536 2658 1628 2676 avum.

961 2710 1186 2750 Indignissime
1202 2721 1275 2740 vero
1291 2710 1464 2742 Heinsium
1481 2722 1514 2739 ero
1528 2710 1621 2738 undis
1636 2718 1686 2739 so-

959 2762 1112 2792 licitatum
1128 2763 1228 2801 ivisse,
1245 2772 1283 2792 ex
1299 2760 1472 2792 abundanti
1483 2760 1687 2791 manifestum

959 2814 1075 2844 facient
1097 2814 1187 2844 nobis
1211 2813 1390 2853 nuperrime
1411 2812 1451 2842 ad
1467 2822 1590 2842 versum
1606 2823 1687 2851 prae-

959 2866 1122 2896 cedentem
1148 2866 1311 2905 disputata.
1349 2865 1554 2894 Burmannus
1576 2864 1685 2895 lectio-

955 2928 1029 2947 nem
1044 2917 1205 2958 vulgatam
1220 2918 1299 2947 bene
1313 2916 1510 2946 retinendam
1526 2916 1614 2955 vidit,
1629 2917 1683 2948 sed

956 2968 1107 3010 exemplis
1143 2967 1230 3000 nulla
1260 2974 1352 3000 tenus
1388 2967 1450 2998 loci
1486 2968 1682 3000 necessitates
