1894 3253
532 254 770 303 LIBER
819 252 1231 303 SECUNDUS.

275 388 453 430 Lumine
473 389 542 444 qui
565 389 606 429 in
628 389 716 444 ipso
737 395 933 438 mutatur,
955 394 1174 442 propterea
1194 385 1323 442 quod,

274 463 403 504 Recta
425 472 493 504 aut
515 462 678 518 obliqua
699 476 912 517 percussus
933 462 1036 510 luce,
1069 460 1268 517 refulget?

159 542 240 578 300
274 537 420 579 Pluma
439 537 721 578 columbarum
744 551 825 592 quo
845 543 966 590 pacto
986 535 1029 575 in
1050 535 1133 576 sole
1153 534 1331 584 videtur,

270 611 378 660 Quae
399 612 476 653 sita
496 611 669 652 cervices
690 611 845 652 circum
865 609 1096 665 collumque
1117 616 1304 650 coronat.

185 792 306 823 Quatuor
317 797 332 815 a
344 790 441 821 ventis,
453 791 553 824 oblique?
565 791 619 816 luce
630 791 767 818 fenestras.

165 857 247 890 Ibid.
270 859 336 889 luce
352 858 488 900 refulget.
524 857 626 897 Idem,
641 859 725 894 4ἱΕη.
742 859 762 889 i.
779 860 850 890 588.

182 933 290 958 Restitit
302 934 408 963 AEneas,
419 933 546 965 claraque
556 933 584 958 in
595 933 650 957 luce
661 933 770 965 refulsit.

161 998 236 1029 Ver.
264 1003 334 1030 800.
360 1001 473 1030 Pluma
503 1000 719 1030 columbarum.
766 998 848 1029 Dio·

118 1062 213 1093 genes
228 1053 380 1089 La'e'rtius,
406 1053 446 1083 ix.
464 1057 514 1083 86.
539 1054 551 1083 o‘
568 1066 598 1083 τε
617 1066 668 1086 τῆς
686 1065 848 1095 περιστερας

118 1111 283 1146 τραχηλος,
309 1104 429 1147 (ἔτερος)
454 1118 533 1144 παρα
553 1118 603 1137 την
629 1112 767 1146 στροφην.·
794 1104 847 1134 ubi

117 1155 221 1186 videas
238 1156 437 1197 Menagium.
485 1156 659 1187 Pulchrum
686 1156 724 1186 de
740 1157 798 1185 hac
815 1167 848 1186 re

119 1208 254 1238 Neronis
284 1208 479 1247 imperatoris
507 1208 693 1238 versiculum
720 1208 846 1238 Senecae

117 1259 278 1297 debemus,
302 1259 320 1289 1.
337 1263 431 1290 c.—“
451 1259 615 1300 Alioquin,
643 1265 678 1290 ut
700 1261 743 1290 ait
759 1260 846 1290 Nero

118 1313 140 1329 “
160 1311 263 1341 Caesar
278 1311 490 1341 disertissime:

131 1390 150 1402 “
161 1387 236 1412 Colla
246 1387 418 1420 Cytheriacae
429 1387 570 1419 splendent
581 1387 682 1420 agitata
694 1387 842 1413 columbae:

115 1455 136 1471 “
152 1458 184 1483 et
198 1452 290 1483 variis
305 1453 460 1484 coloribus
470 1464 629 1493 pavonum
641 1456 752 1492 cervix,
764 1464 843 1494 quo-

115 1507 138 1524 “
154 1506 211 1536 ties
226 1505 333 1545 aliquo
347 1504 532 1541 deflectitur,
557 1505 664 1534 nitet.”
713 1505 763 1534 Sic
784 1505 844 1534 ibi-

115 1557 188 1587 dem
214 1566 301 1593 mox,
332 1565 398 1594 cap.
422 1558 451 1585 7.
489 1556 552 1585 Pro
573 1557 683 1593 cervix,
714 1555 739 1584 si
768 1566 844 1586 usus

115 1609 301 1648 scriptorum
311 1607 475 1647 cogitetur,
487 1607 610 1637 rescribi
621 1607 712 1637 debet
724 1609 822 1638 cauda
830 1624 841 1644 ‚-

115 1661 163 1690 sin
179 1666 286 1690 autem
312 1665 432 1689 naturae
457 1658 554 1698 ipsius
580 1659 658 1689 ratio
680 1660 841 1697 habeatur,

114 1723 178 1743 non
193 1719 239 1743 est
258 1723 367 1743 caussa
384 1711 575 1742 mutationis.
620 1712 755 1751 Plinius,
779 1718 841 1744 nat.

113 1765 182 1795 hist.
200 1765 313 1795 xxxvii.
330 1768 343 1794 1
352 1767 379 1794 8.
396 1763 544 1794 eximiam
556 1774 683 1803 operam
695 1765 842 1794 Lucretio

113 1817 253 1848 navabit:
272 1820 294 1835 ‘⁶
309 1816 414 1847 Iidem
432 1815 652 1857 (Chalcedonii
666 1817 840 1857 smaragdi)

115 1872 137 1887 ‘⁴
154 1867 292 1909 fragiles,
317 1867 371 1897 sed
386 1866 489 1897 colore
502 1867 630 1904 incerti3
652 1873 694 1905 et,
714 1869 840 1898 virenti-

116 1923 138 1938 “
155 1931 207 1950 um
223 1920 256 1949 in
272 1921 380 1950 caudis
400 1930 554 1959 pavonum
579 1920 842 1960 columbarumque

115 1975 137 1990 “
154 1973 227 2003 collo
251 1971 379 2008 similes,
409 1971 449 2001 ad
478 1970 716 2001 inclinationem
740 1971 842 2012 magis

115 2029 138 2044 ‘⁶
154 2031 209 2055 aut
223 2025 330 2055 minus
344 2024 471 2055 lucidi.’'
511 2025 561 2055 Ex
576 2026 634 2056 hac
650 2030 756 2055 autem
767 2027 841 2065 plu-

115 2088 235 2108 marum
252 2078 493 2108 columbinarum
511 2077 709 2118 smaragdina
731 2079 840 2108 viridi-

113 2136 184 2166 tate,
210 2128 316 2159 Ovidii
331 2128 437 2160 locum
459 2127 635 2160 luculenter
649 2129 839 2160 declaratum

115 2180 271 2218 dabimus,
286 2180 324 2211 de
339 2190 402 2221 quo
414 2181 461 2211 vel
476 2181 509 2210 in
521 2181 592 2211 altis
600 2181 733 2211 tenebris
744 2181 839 2212 inter-

114 2238 215 2271 pretes
243 2237 439 2272 merguntur,
477 2233 526 2262 vel
565 2232 718 2263 falluntur
746 2243 842 2274 quam

117 2284 248 2324 egregie.
291 2284 404 2314 Exstat
417 2284 451 2313 in
465 2285 551 2324 epist.
567 2295 616 2315 xv.
632 2288 684 2315 58.

179 2374 212 2397 Et
222 2372 300 2396 variis
309 2372 378 2396 albae
387 2372 539 2403 iunguntur
548 2378 620 2404 saepe
628 2373 763 2397 columba:
772 2381 781 2403 ;

211 2413 244 2437 Et
255 2413 329 2444 niger
339 2419 355 2436 a
365 2412 444 2436 viridi
453 2415 543 2436 turtur
553 2416 660 2436 amatur
669 2419 732 2437 ave:

117 2498 136 2527 i.
159 2507 184 2526 e.
207 2496 297 2536 niger
319 2501 425 2525 turtur
454 2505 472 2524 a
500 2496 596 2526 viridi
623 2501 752 2525 turture.
797 2495 838 2525 In

117 2553 273 2590 quantum
296 2556 368 2576 vero
389 2545 476 2575 locus
503 2545 685 2586 erigeretur,
708 2546 733 2575 si
760 2547 835 2576 En!

116 2609 173 2639 pro
190 2599 245 2636 Et,
261 2597 426 2637 utrobique
439 2597 687 2636 rescriberemus,
709 2602 740 2627 et
755 2597 838 2627 fave-

116 2654 186 2681 rent
200 2648 334 2680 codices!

158 2711 234 2742 Ver.
255 2713 328 2742 801.
350 2711 477 2740 cervices
499 2710 674 2749 collumque.
718 2709 840 2740 Pariter

117 2762 280 2803 conjunxit
294 2771 384 2792 voces
400 2762 504 2800 Maro,
521 2761 596 2791 AEn.
612 2761 652 2792 xi.
667 2765 738 2792 496.

249 2844 416 2876 adrectisque
425 2844 517 2868 fremit
527 2843 669 2868 cervicibus
679 2842 733 2868 alte

150 2882 300 2908 Luxuriam
306 2892 315 2915 ;
332 2884 483 2915 luduntque
498 2884 570 2915 jubae
583 2890 630 2915 per
641 2883 714 2913 colla,
734 2888 781 2914 per
798 2888 840 2907 ar-

241 2927 309 2947 mos.

163 2977 249 3009 Vox..
273 2978 300 3010 1.

942 782 1021 813 Ibid.
1044 784 1171 814 cervices
1193 784 1309 813 circum
1336 788 1469 814 coronat.
1503 781 1622 814 Omnia

898 844 963 864 uno
988 834 1139 865 vocabulo
1162 833 1343 873 complexus
1373 839 1418 864 est
1448 834 1620 873 Hesiodus,

896 896 966 926 opp.
981 892 1012 916 et
1026 886 1077 916 dd.
1091 889 1164 916 201.

926 956 986 982 Ὧδ’
996 956 1047 992 ἴρηξ
1060 965 1194 992 προςεωιτεν
1205 957 1300 985 σιηδονοι
1314 957 1598 983 ΠΟῙΚῙΛΟΔΕΙΡΟΝ.

896 1018 948 1049 Ad
963 1029 1057 1059 quem
1072 1019 1272 1057 versiculum,
1296 1019 1321 1049 si
1345 1029 1409 1049 non
1432 1019 1474 1049 sis
1495 1028 1620 1049 merum

892 1081 954 1107 rus,
970 1071 1111 1102 vivorum
1127 1072 1307 1102 mortalium
1333 1071 1620 1109 invenustissimus,

893 1122 1036 1153 inficetiis
1050 1123 1276 1153 nonnullorum
1298 1123 1502 1162 interpretum
1526 1128 1619 1162 atque

891 1181 1106 1205 enarratorum
1121 1181 1229 1205 mutus
1243 1177 1447 1214 obstupesces.
1492 1175 1621 1205 Tzetzes

889 1236 956 1255 rem
971 1226 1176 1256 subodoratus
1191 1232 1250 1256 est:
1271 1241 1299 1264 n,
1317 1240 1368 1259 την
1385 1239 1552 1266 summatim
1567 1239 1619 1257 xm

891 1283 1024 1309 ποικιλην
1054 1289 1164 1316 §zavan
1194 1290 1245 1310 erm
1275 1277 1366 1319 δειρὴν.
1417 1277 1468 1307 Sic
1499 1279 1618 1317 Anyte‚

890 1327 973 1366 apud
999 1327 1065 1359 Jul.
1089 1328 1168 1359 Poll.
1194 1339 1221 1359 V.
1245 1332 1295 1359 48.
1320 1328 1515 1369 ποικιλοδεκρος
1543 1342 1616 1369 ‘7615-

891 1379 980 1409 Hinc
996 1380 1035 1415 Q.
1052 1379 1173 1418 Cicero,
1198 1380 1231 1410 in
1252 1379 1356 1410 fratris
1371 1380 1450 1410 libro
1464 1380 1504 1410 de
1519 1379 1615 1411 divin.

888 1429 907 1460 i.
924 1433 974 1461 47.
989 1442 1120 1470 anguem
1136 1431 1322 1462 describens:

1082 1499 1166 1523 varici
1177 1499 1296 1530 graviter
1305 1499 1408 1523 cervice
1417 1499 1567 1524 minantem.

889 1555 940 1585 Ita
955 1556 1143 1598 castigamus
1157 1556 1310 1587 librorum
1324 1556 1485 1594 mendam,
1495 1559 1614 1588 mican-

886 1614 962 1638 tem:
997 1619 1093 1649 quam
1118 1619 1238 1647 vocem,
1269 1609 1341 1639 licet
1366 1620 1421 1648 per
1448 1611 1615 1640 vibrantem

886 1660 1108 1699 interpreteris,
1133 1671 1207 1691 cum
1228 1664 1364 1701 graviter
1386 1662 1436 1691 vix
1451 1662 1617 1692 commode

885 1714 958 1743 satis
972 1714 1081 1744 sociari
1097 1720 1208 1753 potest.

929 1766 1011 1797 Ibid.
1038 1768 1146 1797 collam
1164 1773 1296 1797 coronat.
1341 1767 1483 1797 Fortasse
1509 1767 1612 1797 imita-

885 1824 937 1848 tus
960 1824 1015 1855 est,
1042 1818 1117 1849 dicit
1138 1818 1325 1857 Lambinus,
1348 1818 1428 1849 illud
1456 1819 1557 1850 Naevii
1579 1820 1613 1849 in

887 1870 977 1900 Iliad.
994 1870 1045 1900 lib.
1061 1870 1081 1900 i.

907 1937 1000 1961 Collum
1011 1944 1196 1963 marmoreum
1207 1937 1309 1969 torquis
1320 1941 1458 1970 gemmata
1468 1941 1614 1963 coronat.—

886 1995 999 2025 Exstat
1011 2001 1117 2026 autem
1135 1996 1303 2026 versiculus
1318 1994 1403 2034 apud
1420 1995 1612 2033 Charisium,

886 2047 968 2077 instt.
989 2058 1122 2088 gramm.
1138 2048 1189 2078 lib.
1206 2048 1226 2077 i.
1242 2059 1270 2086 p.
1289 2047 1514 2084 118.--Porro‚
1538 2047 1614 2077 hinc

885 2099 999 2138 pendet
1023 2099 1201 2138 Euripides,
1224 2098 1264 2128 de
1288 2100 1433 2129 columbis
1457 2099 1549 2128 verba
1562 2098 1610 2128 fa-

885 2149 978 2186 ciens,
995 2150 1036 2180 ad
1051 2150 1120 2180 Ion.
1140 2153 1232 2182 1219.
1246 2149 1391 2180 editionis
1406 2159 1498 2179 meae:

922 2243 1000 2250 —
1013 2229 1092 2256 εἷλκον
1103 2229 1125 2255 τ’
1137 2229 1351 2255 ΕΥΠΤΕΡΟΥΣ
1363 2237 1385 2256 ες
1398 2229 1580 2254 ΑΥΧΕΝΑΣ.

926 2301 1002 2331 Ver.
1017 2304 1089 2331 802.
1113 2298 1195 2330 alid:
1221 2299 1241 2329 i.
1266 2309 1292 2328 e.
1315 2298 1376 2328 alia
1399 2297 1449 2329 vici
1472 2298 1608 2328 circum-

884 2351 1025 2382 flexiom‘s
1048 2351 1128 2381 colli.
1174 2350 1225 2381 Ita
1247 2350 1357 2390 legunt
1379 2350 1420 2380 V.
1443 2349 1490 2380 ed.
1507 2356 1542 2380 Δ.
1568 2356 1608 2380 Π.

884 2409 918 2435 Σ.
936 2410 981 2434 Ω.
1005 2403 1057 2434 sed
1074 2404 1110 2434 P.
1127 2403 1167 2434 O.
1190 2402 1266 2433 dant
1289 2416 1322 2433 τα
1336 2404 1417 2433 alias
1432 2401 1610 2442 vulgarium

882 2456 1065 2486 editionum.
1113 2455 1257 2486 Graviter
1272 2454 1366 2492 dolet,
1392 2454 1492 2484 altum
1514 2453 1609 2483 silen-

882 2509 963 2539 tium
987 2508 1187 2538 collatoribus
1212 2509 1467 2538 membranarum
1482 2505 1607 2535 Vindo-

881 2561 1068 2590 bonensium
1101 2559 1367 2599 Leidensiumque
1400 2568 1455 2596 per
1483 2566 1608 2586 versum

882 2612 1039 2653 integrum
1069 2612 1179 2642 teneri.
1227 2612 1299 2650 Ipse
1336 2620 1387 2640 me
1423 2618 1607 2648 persuasum

881 2664 1026 2699 habeam,
1050 2664 1124 2693 istos
1145 2663 1238 2692 libros
1253 2661 1366 2691 nostris
1379 2659 1606 2690 consentire.—

881 2719 962 2746 utez':
983 2722 1026 2746 Ω.
1042 2722 1085 2746 ut.

925 2767 1006 2797 Ibid.
1043 2769 1124 2796 claro
1153 2767 1193 2796 sit
1226 2767 1329 2795 rubra.
1388 2762 1608 2793 Pulcherrime

881 2817 962 2847 dixit
976 2816 1130 2848 artificum
1146 2816 1304 2856 egregius;
1329 2820 1359 2845 et
1373 2813 1520 2844 audacter
1534 2824 1609 2844 sane

882 2869 1034 2906 fecerunt,
1050 2867 1117 2908 qui,
1133 2866 1373 2897 reclamantibus
1381 2866 1467 2896 libris
1480 2865 1605 2896 univer-

883 2921 935 2961 sis,
945 2921 1120 2961 prosaicam
1128 2920 1274 2957 formam,
1283 2920 1373 2951 rubro
1385 2920 1469 2950 clara
1478 2927 1605 2959 pyropo,

847 2979 878 3010 Y
