1894 3253
524 233 757 282 LIBER

813 231 1230 281 SECUNDUS

1567 238 1659 279 5329

300 368 414 410 Inter
434 367 635 409 curalium
655 366 818 408 vii-ideis
834 367 1004 406 miscere
1025 363 1277 421 smaragdos.

182 448 265 484 805
300 442 525 498 Caudaque
544 443 730 498 pavonis,
763 440 875 498 larga}
897 455 1023 495 quom
1043 440 1133 481 luce
1153 438 1308 493 repleta
1327 445 1408 489 est,

182 599 307 624 caeruleas
318 598 430 623 Ticinus
439 605 531 630 aquas,
548 601 575 624 et
586 602 680 630 stagna
692 598 790 622 vadoso

180 639 333 670 Perspicuus
344 642 444 666 servat,
462 638 563 661 turbari
577 638 674 667 nescia,
693 637 777 661 fundo
786 645 794 666 ;

178 680 218 702 Ac
230 678 345 702 nitidum
358 676 442 700 viridi
452 677 525 702 lente
536 677 618 702 trahit
630 685 703 701 amne
717 678 858 707 liquorem.

182 718 235 742 Vix
247 718 338 742 credas
349 716 415 746 labi5
434 717 495 748 ripis
506 721 562 741 tam
575 717 648 741 mitis
659 717 747 748 opacis

181 759 298 789 Argutos
308 757 389 786 inter,
406 757 548 781 volucrum
560 757 710 785 certamina,
728 760 835 787 cantus,

176 797 354 822 somniferam
364 796 439 820 ducit
450 796 553 821 lucenti
564 796 671 828 gurgite
684 796 836 828 lympham.

146 845 266 886 Vulgo,
283 846 456 876 certamine.
491 844 697 875 Emaculetur
719 845 814 875 etiam
831 844 880 874 Si-

144 896 260 926 donius
284 895 490 935 Apollinaris,
513 895 606 934 primi
633 895 752 925 ordinis
777 897 879 935 po'e'ta,

146 948 185 979 de
201 948 319 988 nuptiis
335 948 422 979 Pelei
438 947 648 988 Thetidosque
664 958 790 986 canens,
808 959 836 979 x.
849 953 879 980 5.

177 1022 355 1053 Ducebatque
365 1022 472 1051 choros,
490 1020 575 1045 viridi
584 1024 709 1053 protectus
720 1021 827 1052 amictu,

210 1062 329 1086 caeruleae
335 1062 414 1094 pallae
425 1061 552 1086 concolor
563 1062 618 1093 ipse
627 1068 712 1086 socer.

150 1125 239 1156 Libri
254 1125 342 1164 dant,
360 1137 455 1165 prope
470 1132 566 1156 tectus
573 1140 583 1160 ;
611 1131 642 1155 et
663 1136 748 1155 error
769 1126 819 1156 hic
841 1127 881 1157 ad

146 1178 307 1217 scripturae
315 1177 537 1217 compendium
548 1177 653 1208 referri
664 1177 764 1208 debet.
781 1179 879 1209 Praes-

147 1236 181 1260 to
204 1236 251 1260 est
274 1230 370 1260 etiam
393 1230 474 1260 inter
502 1230 621 1269 primos
649 1230 793 1269 Ovidius,
823 1238 879 1261 art.

147 1293 207 1314 am.
225 1283 244 1314 i.
263 1287 335 1314 402.

174 1351 229 1374 Nec
239 1357 346 1381 semper
356 1351 490 1375 credenda
501 1352 581 1375 Ceres
593 1350 731 1374 fallacibus
742 1349 826 1380 arvis;

203 1390 258 1413 Nec
269 1396 375 1420 semper
385 1389 472 1414 viridi
483 1396 602 1414 concava
615 1390 710 1421 puppis
721 1396 814 1420 aquae:

138 1442 158 1474 i.
186 1453 212 1473 e.
235 1443 367 1484 glaucae,
392 1444 441 1474 vel
456 1447 596 1476 caeruleae
608 1460 617 1475 .·
644 1456 767 1484 nempe,
793 1446 871 1476 dum

136 1504 203 1524 uno
218 1495 318 1524 nitore
333 1495 456 1533 placido
472 1495 644 1534 blanditur,
664 1506 723 1526 nec
739 1502 872 1535 tempes-

139 1545 255 1576 tatibus
270 1545 408 1584 spumeis
422 1548 553 1577 albescit.
600 1547 648 1577 Ita
673 1547 759 1578 locus
779 1548 871 1579 intel-

139 1597 196 1637 ligi
226 1597 331 1627 debet:
369 1597 477 1627 confer
506 1598 692 1628 Lucretium
717 1599 869 1638 superius,

137 1658 214 1678 verr.
238 1651 308 1679 765.
336 1651 407 1679 776.
452 1649 561 1684 Porro,
591 1649 803 1680 consulendus
826 1657 872 1681 est

140 1699 258 1730 ibidem
272 1699 415 1737 Ovidius,
429 1700 479 1740 (ut
489 1701 637 1740 revertar)
652 1701 696 1731 iii.
714 1705 783 1732 126.
801 1706 869 1733 130.

138 1751 224 1791 epist.
248 1761 274 1782 v,
299 1754 349 1782 57.
396 1752 484 1782 Hinc
507 1762 599 1791 opem
625 1753 725 1783 feram
751 1754 870 1793 Plinio,

138 1802 225 1842 epist.
240 1802 303 1832 viii.
321 1805 370 1832 20.
387 1806 416 1832 4.
463 1807 485 1821 “
504 1804 599 1834 Color
614 1807 741 1835 coeruleo
758 1806 871 1836 albidi-

138 1857 160 1872 “
177 1864 223 1892 or,
244 1855 384 1889 vividior,
400 1859 431 1883 et
442 1855 606 1892 pressior.'¹
654 1856 769 1896 Vulgo,
793 1859 868 1887 viri-

137 1907 215 1935 dior.
260 1904 380 1934 Eadem
396 1905 490 1943 opera
503 1906 660 1936 sanandus
671 1907 794 1938 vIdetur
810 1908 869 1938 Isi-

139 1955 244 1991 dorus,
260 1955 320 1985 xvi.
337 1959 365 1985 8.
381 1955 472 1986 initio
486 1957 597 1996 capitis
612 1958 651 1988 de
666 1961 766 1990 rubris
781 1969 869 2000 gem-

139 2008 212 2038 mis:
241 2010 263 2025 “
282 2007 437 2037 Corallius
452 2008 595 2048 gignitur
608 2010 642 2039 in
657 2011 751 2048 mari;
768 2011 870 2043 forma

139 2063 163 2078 “
178 2069 330 2095 ramosus,
354 2059 456 2090 colore
478 2063 596 2092 vividas
611 2068 642 2092 et
656 2063 795 2094 maxime
815 2075 867 2094 ru-

138 2116 161 2130 “
176 2111 282 2142 bens.''
326 2111 414 2141 Libri
456 2113 583 2149 habent,
621 2117 739 2146 viridis.
786 2116 867 2146 Fieri

136 2169 242 2194 tamen
257 2168 368 2202 potest,
391 2169 427 2192 ut
442 2163 495 2194 ille
511 2165 642 2195 confuse
656 2166 820 2205 scripserit,
837 2174 869 2198 et

137 2215 323 2254 primaevum
338 2214 485 2253 colorem,
508 2227 604 2256 quam
627 2218 685 2247 sub
707 2218 795 2258 aquis
811 2219 866 2248 ha-

136 2268 190 2296 bet
203 2266 367 2304 coralium,
383 2272 459 2297 teste
474 2268 591 2305 Plinio,
610 2276 673 2300 nat.
689 2269 758 2300 hist.
770 2272 865 2302 xxxii.

140 2321 190 2348 11.
212 2318 433 2357 grammaticus
447 2321 623 2358 respexerit.
669 2323 744 2352 Hoc
758 2330 867 2354 autem

138 2367 349 2407 permittimus
367 2379 565 2408 gemmarum
580 2378 727 2403 naturam
749 2374 864 2404 callen-

138 2419 223 2449 tibus
238 2419 486 2457 expendendum.
531 2421 599 2452 Nec
617 2423 738 2454 Gellius
759 2425 865 2464 dispu-

138 2469 249 2500 tationi
264 2475 377 2499 nostrae
391 2470 431 2501 de
454 2471 553 2502 nimia
567 2473 719 2513 colorum,
741 2478 866 2507 caerulei

136 2524 320 2562 viridisque,
336 2522 485 2553 affinitate
500 2534 565 2554 nou
577 2525 670 2563 favet,
687 2534 782 2557 noctt.
798 2529 864 2559 Att.

135 2573 167 2602 ii.
183 2576 235 2603 26.
259 2576 281 2590 “
299 2572 410 2613 Neque
425 2584 489 2604 non
501 2576 603 2614 potuit
625 2577 790 2618 Virgilius,
814 2590 865 2610 co-

136 2628 160 2643 “
175 2624 274 2654 lorem
299 2625 370 2665 equi
397 2626 571 2666 significare
596 2632 723 2661 viridem
747 2632 864 2671 volens,

136 2679 159 2696 “
175 2679 338 2708 coeruleum
364 2678 465 2718 magis
489 2679 592 2710 dicere
619 2692 746 2722 equum,
769 2695 865 2725 quarn

137 2729 162 2746 “
173 2729 350 2766 glaucum.”
395 2729 502 2760 Etiam
520 2731 655 2762 Nomius
666 2733 759 2772 favet,
784 2735 863 2765 Dio-

136 2786 202 2817 nys.
218 2788 246 2808 V.
265 2782 334 2809 178.
361 2780 500 2810 versibus
521 2792 594 2812 sane
610 2785 809 2823 suavissimis,
833 2792 863 2816 et

137 2826 248 2858 lectori
262 2829 348 2860 lauto
363 2831 492 2861 salivam
508 2834 652 2865 moturis:

334 2902 502 2928 ΓΛΑΥΚΗΣ
527 2903 551 2929 32
576 2903 640 2933 ›⁴902-
663 2905 861 2933 XAOAOYEA

290 2947 518 2981 ΣΜΑΡΑΓΔΟΥ,

866 3006 897 3035 Y

969 599 1101 632 Δεξαμενη
1114 604 1276 633 κρυσταλλον
1288 599 1418 632 &paoem-(ov,
1440 604 1528 626 εικελον
1543 606 1619 635 otest),

967 649 1028 681 Ειχε
1039 652 1210 682 φαληριοωντκ
1222 651 1400 680 μελαινομενκς
1412 658 1485 674 weron«
1496 648 1592 681 ἀλμῆς.

929 722 997 752 Nec
1014 723 1122 753 minus
1138 723 1303 759 Manilius,
1327 723 1368 761 ei,
1392 724 1442 754 cui
1463 724 1592 763 po'e'ticae
1608 734 1657 754 ve—

927 781 1064 805 nustates
1080 775 1165 806 cordi
1186 775 1259 814 sint,
1284 776 1415 806 omnino
1438 776 1657 812 consulendus,

926 837 953 857 v.
971 830 1042 857 5260.

956 901 1152 932 vernantisque
1163 908 1230 926 rosae
1243 901 1382 926 rubicundo
1393 902 1523 934 sanguine
1536 902 1644 927 florem:

955 941 1182 972 Caeruleumsoliis,
1199 941 1349 967 viridemve
1361 942 1386 965 in
1395 941 1522 974 gramine,
1539 942 1639 966 collem

955 982 1127 1006 Conseret-.

925 1044 1029 1074 Locus
1044 1050 1089 1075 est
1105 1045 1138 1074 in
1154 1046 1301 1076 omnibus
1323 1047 1472 1076 membris
1487 1046 1658 1076 sincerissi-

925 1107 1008 1133 mus,
1032 1098 1188 1136 primariae
1211 1098 1338 1137 insuper
1360 1098 1541 1138 elegantiae3
1566 1098 1658 1128 variis

924 1153 1031 1178 tamen
1055 1149 1191 1179 Bentleii
1217 1150 1404 1189 conjecturis
1431 1149 1656 1180 infaustissime

923 1205 1074 1229 tentatus:
1094 1201 1152 1229 hoc
1165 1200 1259 1229 etiam
1271 1200 1379 1229 sedulo
1391 1200 1558 1238 notandus,
1572 1201 1658 1241 quod

922 1252 1112 1280 rubicundus
1128 1251 1213 1280 color
1237 1258 1268 1280 et
1283 1253 1445 1289 caeruleus,
1469 1252 1517 1282 vel
1533 1254 1655 1290 viridis,

922 1299 980 1329 sibi
996 1300 1130 1330 invicem
1145 1301 1281 1340 speciose
1297 1308 1508 1340 opponantur,
1531 1303 1572 1333 ad
1588 1304 1654 1333 Lu-

922 1352 1007 1382 cretii
1025 1363 1180 1390 normam,
1207 1354 1299 1384 nobis
1314 1355 1482 1385 emendati.

921 1404 1068 1443 Superest
1096 1405 1204 1444 igitur,
1234 1411 1271 1435 ut
1299 1406 1513 1446 conjecturam
1537 1418 1654 1446 meam,

918 1465 974 1493 pro
989 1455 1108 1485 meritis
1125 1456 1159 1485 in
1175 1462 1356 1486 contextum
1380 1458 1521 1488 Lucretii
1537 1459 1654 1489 admis-

917 1517 996 1544 sam,
1020 1508 1086 1537 vice
1101 1510 1265 1538 caeruleum
1282 1508 1434 1545 lectionis,
1451 1520 1523 1549 quae
1538 1511 1571 1540 in
1581 1521 1652 1541 om-

917 1558 1008 1588 nibus
1019 1558 1188 1597 codicibus,
1211 1560 1411 1598 pertinaciter
1426 1561 1651 1591 consentienti-

915 1610 984 1647 bus,
1008 1609 1176 1648 invenitur,
1201 1610 1290 1640 avide
1310 1611 1548 1650 amplectamur:
1577 1623 1653 1643 nam

914 1671 994 1691 verae
1010 1667 1055 1691 est
1075 1662 1248 1700 simillima,
1272 1669 1302 1693 et
1326 1674 1364 1693 ex
1388 1664 1477 1693 omni
1500 1670 1586 1702 parte
1601 1665 1651 1695 in-

915 1713 1098 1752 culpabilis;
1128 1725 1228 1754 quum
1254 1714 1352 1744 literae
1377 1715 1565 1756 syllabaeque
1595 1727 1651 1756 pa-

915 1775 988 1794 rum
1017 1765 1203 1804 discrepent,
1233 1773 1326 1806 atque
1355 1768 1511 1797 curalium
1542 1767 1581 1797 iis
1610 1768 1651 1797 sit

915 1826 952 1845 ex
968 1816 1096 1846 vocibus
1115 1817 1247 1847 minime
1259 1818 1444 1858 pervagatis,
1468 1829 1545 1858 quas
1556 1819 1650 1849 libra-

915 1868 954 1897 rii
977 1867 1193 1899 lubentissime
1216 1869 1317 1899 solent
1339 1875 1527 1909 permutare.
1577 1871 1649 1901 Pri-

914 1930 952 1949 us
966 1930 1050 1958 vero,
1076 1931 1172 1961 quam
1195 1921 1235 1951 ad
1257 1932 1328 1951 earn
1350 1922 1573 1953 vindicandam
1598 1934 1649 1953 ac-

914 1971 1090 2011 cingamur,
1114 1983 1215 2011 pauca
1237 1973 1370 2003 dicenda
1385 1981 1468 2010 sunt,
1492 1985 1562 2014 quae
1578 1980 1648 2005 ten·

912 2029 1019 2053 tamen
1034 2023 1168 2054 alterum
1193 2026 1416 2056 Bentleianum
1440 2026 1573 2065 elevent,
1596 2029 1646 2058 lu-

912 2086 978 2106 cere
999 2076 1132 2106 scilicet:
1159 2076 1245 2106 unde
1274 2076 1393 2117 liquido
1415 2077 1544 2116 patebit,
1567 2079 1649 2109 hanc

911 2130 1136 2170 conjecturam,
1159 2136 1323 2171 utcunque
1344 2130 1534 2171 elegantem,
1559 2131 1649 2162 nullo

911 2184 1006 2215 modo
1029 2185 1235 2214 necesszm'am
1264 2195 1343 2222 esse,
1368 2191 1461 2224 atque
1476 2184 1543 2214 sine
1561 2183 1648 2214 libris

910 2235 996 2265 haud
1019 2235 1240 2275 accipiendam.
1288 2236 1435 2274 Receptae
1464 2235 1530 2264 voci
1560 2234 1646 2264 favo-

911 2297 979 2317 rem
995 2287 1126 2318 Boetius
1142 2287 1297 2323 conciliat,
1321 2286 1374 2317 lib.
1389 2287 1421 2316 ii.
1440 2292 1513 2317 met.
1530 2290 1558 2318 5.

1066 2362 1121 2386 Nec
1133 2360 1224 2385 lucida
1236 2360 1335 2385 vellera
1347 2362 1442 2385 Serum

1064 2401 1150 2432 Tyrio
1160 2401 1261 2425 miscere
1271 2407 1377 2426 veneno
1387 2408 1394 2424 :

909 2470 943 2495 ut
958 2464 1032 2494 inde
1053 2464 1170 2494 scilicet
1193 2465 1333 2495 colorum
1356 2464 1463 2504 fulgor
1485 2463 1642 2494 exoriatur

907 2516 1068 2555 impendio
1082 2516 1271 2547 luxuriosus.
1317 2516 1420 2554 Idem,
1438 2516 1490 2546 lib.
1506 2516 1549 2546 iii.
1565 2522 1638 2545 met.

913 2571 962 2598 10.
983 2567 1055 2597 Cari
1070 2568 1166 2598 nostri
1182 2567 1267 2598 haud
1282 2567 1376 2597 dubie
1391 2577 1525 2596 memor:

1003 2642 1058 2665 Aut
1069 2641 1160 2670 Indus,
1177 2641 1263 2665 calido
1274 2640 1440 2672 propinquus
1452 2640 1521 2668 orbi,

1002 2679 1121 2704 Candidis
1133 2680 1237 2704 miscens
1249 2679 1349 2704 virides
1358 2679 1456 2711 lapillos
1466 2687 1475 2704 .·

908 2742 927 2772 i.
942 2752 967 2772 e.
984 2744 1060 2780 orbi,
1076 2742 1123 2772 vel
1140 2743 1243 2782 globo,
1260 2742 1350 2773 solis:
1377 2752 1452 2772 nam
1465 2742 1639 2773 Horatium

907 2793 1064 2832 exprimit,
1080 2793 1130 2823 od.
1146 2795 1165 2824 i.
1183 2798 1234 2824 ⁶22.
1252 2798 1301 2825 21.
1314 2794 1528 2825 Tertullianus
1542 2795 1638 2824 etiam

907 2845 1091 2883 scripturam
1104 2844 1247 2879 codicum
1262 2845 1410 2881 tuebitur,
1426 2845 1465 2875 de
1474 2845 1548 2875 cult.
1563 2845 1636 2875 fem.

907 2897 927 2926 i.
944 2900 1044 2927 6.—“
1061 2888 1183 2935 lapillos
1208 2897 1291 2933 istos,
1315 2897 1368 2937 qui
1389 2907 1462 2926 cum
1485 2906 1562 2926 auro
1585 2906 1636 2925 su-

906 2951 930 2977 s“
948 2947 1086 2987 pel-biam
1094 2948 1308 2988 jungunt—3²
1338 2947 1494 2980 Lactantii
1511 2955 1634 2977 carmen

921 3010 940 3024 0
