1894 3253
189 267 280 312 174«

694 258 754 304 T.
796 255 1177 304 LUCRETII

191 395 298 432 1020
330 391 440 432 Nam
462 397 570 430 certe
590 403 723 443 neque
744 387 914 428 consilio
934 387 1163 442 primordia
1182 401 1322 428 rerum

331 464 490 506 Ordine
511 478 553 503 se
574 477 649 503 suo
671 477 846 518 quaeque
868 463 1000 519 sagaci
1022 471 1160 503 mente
1178 462 1382 512 locarunt,

331 538 402 587 Et,
425 553 527 593 quos
547 552 721 592 quaeque
741 536 889 577 darent
908 545 1059 587 motus,
1082 537 1275 593 pepIgere
1294 535 1500 591 profecto:

330 612 427 661 Sed,
451 612 547 667 quia
566 611 708 661 multa,
731 611 864 652 modis
884 611 1036 661 multis,
1060 620 1232 661 mutata,
1253 626 1328 666 per
1349 625 1487 661 omne,

331 687 398 728 Ex
419 685 598 736 infinito,
620 694 830 726 nexantur
849 686 1005 740 percita
1024 686 1174 743 plagis3

190 849 212 864 “
228 850 398 885 propagata
421 842 593 884 congeries,
620 843 710 883 cujus
732 854 790 882 ope
812 854 918 874 rerum
961 842 1050 880 labis,
1067 842 1162 883 longe
1178 842 1412 873 usitatissimam
1427 852 1492 872 esse
1503 839 1641 877 comicis,
1654 850 1695 871 ne

191 901 211 915 “
227 907 353 927 summa
367 895 550 926 consisteret
565 905 600 924 ac
616 895 860 925 contineretur.”

234 948 315 979 Ibid.
339 959 482 988 magnum
502 959 560 987 per
587 949 688 977 inane.

189 999 228 1030 η’.
245 1003 295 1030 51.

734 947 839 984 Maro,
864 947 920 977 ecl.

510 1073 631 1099 magnum
641 1070 685 1098 per
698 1066 774 1090 inane
786 1070 881 1091 coacta

253 1108 405 1132 Semina—:

192 1167 232 1197 ad
246 1178 341 1207 quem
356 1166 462 1197 locum
481 1165 578 1196 Servii
602 1164 844 1194 commentarios
872 1174 922 1194 ve.

964 895 1087 934 pueruli
1102 895 1231 935 quidem
1246 895 1398 924 nesciunt.

1010 946 1089 976 Ibid.
1117 947 1231 977 Ordine
1246 948 1397 976 locarunt.
1436 944 1600 985 Virgilius,
1619 943 1694 974 AEn.

965 1007 992 1027 v.
1014 1001 1084 1028 10⁶2.

1029 1055 1123 1080 Ordine
1134 1055 1220 1080 ahena
1231 1054 1313 1078 locant
1324 1053 1377 1078 alii.

1011 1105 1085 1135 Ver.
1106 1108 1198 1135 1022.
1226 1106 1266 1135 Et
1283 1115 1371 1144 quosv·
1401 1104 1437 1134 P.
1457 1109 1497 1133 11.
1522 1104 1590 1133 AVec
1605 1113 1696 1142 quos,-

968 1162 1002 1188 Σ.
1021 1159 1089 1188 R'ec
1106 1159 1327 1197 qui.—darent
1344 1161 1441 1185 molus
1460 1157 1604 1194 pepigere
1625 1165 1700 1193 pro-

192 1220 250 1249 lim
265 1219 416 1254 consulat,
444 1218 498 1258 qui
518 1217 742 1247 Lucretianam
764 1216 803 1245 de
818 1226 923 1245 rerum
957 1209 1060 1249 fecto.-
1093 1214 1126 1240 Σ.
1149 1214 1260 1247 gerunt
1284 1209 1392 1247 sagaci
1416 1213 1512 1236 mente
1543 1208 1700 1241 locarunt,-

193 1270 373 1310 primordiis
387 1269 617 1308 philosophiam
633 1268 842 1297 disertissimis
857 1278 924 1297 ver-

193 1323 242 1353 bis
256 1322 459 1352 scientissime
475 1321 742 1359 comprehensam,
757 1326 787 1349 et
798 1319 925 1359 elegan-

194 1380 242 1404 ter
254 1373 438 1413 expositam,
453 1371 558 1401 videre
576 1370 690 1409 cupiat.

239 1426 313 1455 Ver.
336 1428 426 1456 1019.
450 1426 617 1464 nequisset:
646 1423 686 1452 V.
714 1422 761 1452 ed.
786 1424 926 1462 nequies-

197 1483 252 1508 set.

244 1527 324 1558 Ibid.
357 1531 423 1567 cogi
451 1529 618 1568 nequisset:
653 1529 676 1543 “
692 1526 842 1566 quoniam
872 1534 930 1554 nec

199 1583 221 1598 ‘²
239 1590 374 1609 vacuum
390 1579 512 1616 fuisset,
538 1578 622 1618 quod
641 1587 771 1616 corpora
785 1582 928 1615 penetra-

199 1637 222 1651 “
239 1639 323 1669 rent3
340 1643 398 1662 nec
410 1643 548 1671 corpora,
561 1633 676 1673 quibus
690 1631 846 1666 materies,
862 1630 931 1660 loco

200 1688 223 1703 “
240 1685 390 1724 dispulsa,
407 1691 527 1724 poterat
542 1694 714 1721 occurrere,
737 1690 830 1723 atque
846 1693 864 1711 a
879 1692 930 1712 va-

201 1740 223 1754 “
240 1737 420 1777 gationibus
435 1737 500 1766 suis
515 1747 569 1776 per
590 1737 727 1776 spatium
742 1734 932 1765 immodera-

200 1793 220 1805 “
236 1794 306 1818 tum
322 1787 481 1827 reprimi.”

245 1839 319 1868 Ver.
338 1842 429 1869 1021.
453 1850 483 1869 se
507 1850 560 1869 suo
587 1850 731 1879 quaeque:
757 1838 801 1868 ita
828 1838 867 1868 G.
893 1838 930 1868 L.

202 1892 249 1923 ῘΜ.
269 1898 299 1922 et
314 1892 413 1923 Vind.
430 1892 469 1923 V.
486 1892 533 1923 ed.
557 1893 616 1922 nisi
631 1892 716 1933 quod
731 1892 764 1921 hi
790 1891 855 1921 duo
875 1892 930 1922 ha-

201 1945 295 1973 beant
310 1955 416 1983 neque,
431 1953 490 1982 pro
505 1955 646 1983 quercla&
674 1945 710 1974 B.
729 1949 764 1974 Δ.
779 1954 866 1983 seque
881 1954 934 1973 suo

203 2006 316 2034 amque,-
344 1995 384 2025 O.
411 2007 499 2034 seque
523 2007 575 2025 suo
586 2012 596 2031 ;
623 2002 664 2025 Π.
690 2006 778 2035 seque
794 2006 847 2025 suo
864 2006 932 2031 πρε,-

204 2051 241 2078 Σ.
258 2057 294 2076 ηε
309 2058 368 2085 qua
386 2057 455 2079 su0,·
485 2052 529 2076 Ω.
545 2057 604 2076 sese
620 2057 762 2085 quaeque,·
786 2046 822 2075 P.
839 2057 868 2076 se
884 2058 938 2077 nec

204 2107 341 2137 quaque.
388 2096 483 2132 Quod
499 2097 622 2134 damus,
647 2097 825 2126 Bentleiani
843 2097 937 2127 etiam

202 2148 315 2189 judicii
331 2154 485 2187 punctum
500 2147 586 2177 tulit:
615 2153 721 2177 nostro
742 2157 816 2177 sane
831 2148 938 2187 gustui

206 2206 239 2230 et
254 2199 366 2238 copula
382 2199 528 2238 placeret,
550 2205 581 2228 et
595 2210 648 2229 suo
664 2198 707 2227 sic
722 2198 859 2237 positum
874 2209 938 2228 non

209 2251 283 2281 satis
298 2251 430 2280 omnino
445 2250 532 2279 facit:
561 2249 615 2279 sed
636 2249 819 2279 melioribus
833 2259 938 2278 exem-

208 2303 347 2342 plaribus
362 2302 645 2341 obtemperandum
661 2312 727 2331 esse
749 2301 938 2331 censuimus.

208 2355 330 2384 Versus
344 2355 475 2384 recurrit
489 2353 580 2389 infra,
609 2353 649 2382 ad
665 2363 692 2382 v,
709 2356 780 2382 421.
808 2355 866 2383 Suo
882 2363 938 2382 au-

210 2412 287 2444 tem,
303 2406 391 2446 quasi
401 2418 472 2444 swo,
485 2406 720 2445 μανθσυλλαῖως.
755 2404 805 2434 Sic
816 2404 941 2434 Ennius

211 2457 294 2497 apud
311 2457 466 2493 Nonium,
482 2466 557 2486 voce
567 2458 700 2496 puellos:

275 2525 327 2549 Illis
338 2533 394 2549 suos
406 2525 473 2549 divis
484 2531 544 2548 mos
553 2523 700 2548 sacrificare
711 2522 822 2555 puellos.

215 2578 265 2607 Sic
281 2577 451 2607 certissime
461 2586 568 2607 versus
584 2575 642 2605 iste
654 2575 870 2605 rescribendus
881 2580 941 2611 est;

214 2640 299 2666 nam,
316 2629 400 2670 quod
416 2639 475 2659 vox
486 2631 578 2660 Poenz·
588 2634 764 2667 compareat
773 2626 857 2666 apud
870 2628 943 2656 Fes-

215 2686 298 2717 tum,
321 2681 355 2710 in
370 2691 445 2710 voce
455 2682 566 2720 puelli,
582 2679 805 2719 grammaticus
820 2689 890 2708 eam
906 2688 943 2707 ex

217 2732 464 2770 praecedentibus
489 2732 645 2762 arcessivit
671 2742 728 2770 pro
751 2741 850 2768 more,
877 2740 945 2769 per-

215 2783 390 2823 spicuitatis
426 2785 535 2824 gratia.
584 2785 673 2815 Infra
702 2784 842 2815 videatur
871 2794 943 2814 nos-

218 2841 277 2873 ter,
293 2834 333 2864 ad
348 2835 390 2864 iii.
408 2838 499 2866 1057.
523 2836 633 2866 itidem
650 2837 793 2867 Ennium
808 2842 943 2866 secutus,

221 2886 317 2916 Hanc
333 2892 439 2915 autem
455 2887 554 2916 crasin
571 2893 635 2917 tam
652 2888 684 2917 in
702 2890 795 2918 verbo
810 2898 893 2923 suus,
916 2893 947 2916 et

219 2935 441 2973 consimilibus,
465 2947 561 2976 quam
575 2938 609 2968 in
625 2939 693 2968 aliis
707 2938 818 2969 multis
839 2937 948 2978 dissyl-

971 1261 1066 1291 Vind.
1084 1261 1121 1290 L.
1136 1261 1185 1290 M.
1203 1262 1310 1299 sagaci
1327 1266 1421 1290 mente
1437 1260 1596 1289 locarunt.-
1616 1261 1637 1276 “
1649 1267 1701 1287 ve-

971 1316 992 1330 “
1011 1322 1081 1341 rum
1104 1311 1137 1340 in
1155 1311 1189 1340 L.
1209 1312 1315 1351 (verba
1330 1317 1404 1340 sunt
1420 1308 1648 1348 Ilavercampi)
1665 1317 1703 1338 ex

972 1367 992 1380 “
1008 1362 1102 1392 litura
1119 1369 1257 1401 apparet,
1281 1368 1451 1401 utrumque
1467 1371 1603 1398 versum,
1618 1361 1704 1389 hunc

973 1418 995 1432 “
1012 1421 1042 1444 et
1057 1414 1294 1453 praecedentem,
1320 1425 1338 1443 a
1364 1413 1465 1452 prima
1490 1423 1588 1442 manu
1616 1411 1705 1441 aliter

974 1469 996 1483 “
1015 1465 1109 1495 fuisse
1126 1465 1306 1504 scriptum.’‘
1354 1465 1451 1494 Deest
1469 1464 1589 1503 integer
1602 1473 1707 1492 vei-sus

974 1517 1071 1546 Vind.
1088 1517 1125 1546 V.
1145 1516 1191 1546 ed.
1210 1517 1246 1546 B.
1265 1523 1305 1546 Π.
1324 1522 1368 1546 Ω.
1392 1516 1455 1546 Pro
1466 1517 1519 1550 Ee,
1533 1515 1565 1544 in
1579 1514 1709 1553 proclivi

977 1575 1021 1598 est
1037 1577 1210 1606 proponere
1228 1569 1290 1596 Aut
1301 1581 1310 1596 .-
1338 1565 1391 1596 sed
1406 1572 1514 1595 utrum
1531 1567 1610 1602 Aut,
1628 1566 1707 1600 Nec,

975 1619 1023 1649 vel
1042 1621 1096 1656 Ee,
1123 1633 1164 1658 τῳ
1180 1630 1239 1648 uon
1257 1628 1276 1647 a
1290 1628 1385 1657 neque
1397 1623 1556 1656 praeeunte
1566 1615 1708 1655 repetito,

975 1671 1074 1711 legas,
1090 1670 1169 1700 nihil
1184 1670 1319 1699 interest.

1023 1721 1102 1752 Ibid.
1121 1723 1273 1762 pepigere.
1329 1720 1538 1757 Mantuanus,
1565 1719 1642 1748 AEn.
1668 1717 1714 1748 xi.

982 1779 1050 1806 133.

1038 1844 1081 1868 Bis
1092 1850 1168 1869 senos
1176 1843 1290 1875 pepigere
1302 1842 1366 1867 dies.

980 1907 1000 1922 ‘⁶
1019 1905 1178 1942 Pepigere‚
1195 1901 1277 1941 pacti
1293 1907 1379 1931 sunt:
1407 1910 1492 1936 nam,
1509 1901 1547 1929 ab
1563 1909 1610 1935 eo,
1625 1898 1710 1939 quod

980 1960 1002 1975 “
1019 1961 1066 1986 est
1076 1957 1229 1995 paciscor,
1246 1960 1276 1984 et
1286 1956 1394 1994 pepigi
1408 1960 1439 1983 et
1450 1959 1560 1992 pactus
1579 1964 1645 1983 sum
1662 1951 1709 1981 fa-

981 2014 1000 2025 “
1017 2006 1096 2037 cit:'’
1123 2006 1247 2036 Servius
1273 2005 1313 2035 ad
1338 2005 1459 2035 locum:
1487 2014 1582 2044 quem
1608 2002 1714 2033 videas

982 2060 1079 2089 etiam
1094 2058 1133 2088 ad
1151 2058 1225 2087 AEn.
1241 2057 1304 2087 viii.
1324 2060 1392 2086 144.

1026 2110 1101 2139 Ver.
1120 2112 1211 2138 1025.
1227 2110 1322 2138 multa
1335 2109 1447 2137 modis:
1467 2110 1500 2137 Σ.
1513 2106 1712 2142 multimodis,

983 2166 1019 2190 ut
1040 2169 1226 2190 communes
1249 2158 1417 2194 editiones;
1441 2156 1582 2195 pessime,
1606 2160 1714 2185 contra

983 2211 1060 2240 alios
1075 2220 1184 2240 omnes
1199 2209 1295 2239 libros
1310 2208 1546 2242 consentientes,
1569 2212 1599 2236 et
1613 2205 1715 2245 ipsam

984 2265 1220 2304 proprietatem;
1245 2274 1308 2294 non
1332 2263 1419 2293 enim
1434 2265 1575 2292 universa
1593 2270 1716 2300 semper

985 2323 1163 2352 moventur,
1189 2315 1242 2345 sed
1264 2317 1359 2345 multa
1377 2314 1490 2349 solum,
1519 2313 1637 2343 caeteris
1658 2322 1716 2352 pro

985 2375 1124 2407 tempore
1140 2368 1173 2397 in
1188 2367 1244 2397 sua
1261 2367 1393 2397 statione
1409 2372 1439 2396 et
1455 2365 1546 2396 certis
1567 2364 1718 2404 posituris

984 2420 1251 2458 permanentibus,
1268 2419 1368 2448 donec
1384 2428 1440 2447 sua
1451 2417 1505 2447 fiat
1519 2416 1654 2446 vicissim
1665 2425 1713 2445 re-

986 2470 1099 2500 solutio
1116 2471 1149 2499 in
1165 2469 1345 2509 primordia,
1363 2475 1397 2499 ut
1414 2469 1487 2498 alias
1516 2479 1564 2498 res
1586 2473 1618 2497 et
1639 2466 1717 2496 alios

984 2521 1122 2551 mundos
1148 2527 1423 2551 creent—mutata
1433 2535 1442 2550 :
1469 2518 1627 2556 nonnulli,
1654 2517 1715 2547 Pio

986 2580 1076 2612 teste,
1092 2580 1223 2609 motuum
1249 2573 1356 2602 minus
1380 2573 1474 2609 bene,
1501 2572 1541 2601 ob
1568 2575 1665 2600 motus
1681 2567 1716 2597 in

987 2628 1307 2656 ver.1o‘25.—0mne.·
1336 2630 1381 2654 Ω.
1399 2634 1524 2654 omnem.

1033 2677 1106 2707 Ver.
1141 2681 1232 2707 1024.
1255 2678 1394 2718 infinito:
1421 2676 1468 2704 M.
1494 2674 1716 2713 infinitae—rt.

990 2729 1102 2768 repetit
1117 2740 1151 2759 et
1170 2735 1238 2767 post
1253 2726 1555 2769 infinita—Omnes
1569 2722 1633 2760 alii,
1650 2733 1716 2752 vex·-

989 2788 1094 2818 antur,
1111 2780 1238 2819 excepta
1251 2780 1292 2810 V.
1305 2779 1352 2809 ed.
1365 2788 1434 2818 quae
1445 2777 1538 2806 habet
1548 2780 1713 2805 nezantur:

990 2841 1020 2864 et
1045 2835 1218 2871 verissime;
1243 2843 1317 2863 nam
1346 2840 1461 2866 versus,
1491 2828 1545 2868 qui
1570 2827 1718 2867 sequitur,

991 2886 1233 2926 praecedentium
1244 2890 1290 2914 est
1299 2888 1550 2921 ανακεφαλαιωσις
1562 2879 1718 2920 quaedam,

992 2937 1046 2967 ubi
1061 2948 1148 2968 omne
1159 2946 1256 2975 genus
1271 2940 1367 2965 motus
1383 2931 1571 2972 respondent
1584 2945 1641 2966 τοις
1656 2941 1719 2962 mo-
