<?xml version="1.0" encoding="UTF-8"?>
<!DOCTYPE html PUBLIC "-//W3C//DTD XHTML 1.0 Transitional//EN"
    "http://www.w3.org/TR/xhtml1/DTD/xhtml1-transitional.dtd">
<html xmlns="http://www.w3.org/1999/xhtml" xml:lang="en" lang="en">
 <head>
  <title>
</title>
<meta http-equiv="Content-Type" content="text/html;charset=utf-8" />
  <meta name='ocr-system' content='tesseract 3.04.00' />
  <meta name='ocr-capabilities' content='ocr_page ocr_carea ocr_par ocr_line ocrx_word'/>
</head>
<body>
  <div class='ocr_page' id='page_1' title='image "./tlucretiicarider01lucruoft_0167.png"; bbox 0 0 1894 3253; ppageno 0'>
   <div class='ocr_carea' id='block_1_1' title="bbox 640 203 1236 254">
    <p class='ocr_par' dir='ltr' id='par_1_1' title="bbox 640 203 1236 254">
     <span class='ocr_line' id='line_1_1' title="bbox 640 203 1236 254; baseline -0.002 -1"><span class='ocrx_word' id='word_1_1' title='bbox 640 203 880 253; x_wconf 88' lang='lat' dir='ltr'>LIBER</span> <span class='ocrx_word' id='word_1_2' title='bbox 927 203 1236 254; x_wconf 89' lang='lat' dir='ltr'><strong>PRIMUS.</strong></span> 
     </span>
    </p>
   </div>
   <div class='ocr_carea' id='block_1_2' title="bbox 1599 214 1688 261">
    <p class='ocr_par' dir='ltr' id='par_1_2' title="bbox 1599 214 1688 261">
     <span class='ocr_line' id='line_1_2' title="bbox 1599 214 1688 261; baseline 0 -6"><span class='ocrx_word' id='word_1_3' title='bbox 1599 214 1688 261; x_wconf 79' lang='lat'>107</span> 
     </span>
    </p>
   </div>
   <div class='ocr_carea' id='block_1_3' title="bbox 333 335 1426 544">
    <p class='ocr_par' dir='ltr' id='par_1_3' title="bbox 333 335 1426 544">
     <span class='ocr_line' id='line_1_3' title="bbox 333 335 1426 394; baseline -0.003 -13"><span class='ocrx_word' id='word_1_4' title='bbox 333 335 512 381; x_wconf 84' lang='lat' dir='ltr'><strong>Dissolvi</strong></span> <span class='ocrx_word' id='word_1_5' title='bbox 532 351 616 394; x_wconf 91' lang='lat' dir='ltr'>quo</span> <span class='ocrx_word' id='word_1_6' title='bbox 635 350 810 393; x_wconf 85' lang='lat' dir='ltr'>quaeque</span> <span class='ocrx_word' id='word_1_7' title='bbox 829 349 1023 391; x_wconf 86' lang='lat' dir='ltr'>supremo</span> <span class='ocrx_word' id='word_1_8' title='bbox 1046 342 1232 391; x_wconf 90' lang='lat' dir='ltr'>tempore</span> <span class='ocrx_word' id='word_1_9' title='bbox 1252 336 1426 392; x_wconf 83' lang='lat' dir='ltr'><strong>possint,</strong></span> 
     </span>
     <span class='ocr_line' id='line_1_4' title="bbox 333 409 1262 467; baseline -0.004 -12"><span class='ocrx_word' id='word_1_10' title='bbox 333 412 531 455; x_wconf 87' lang='lat' dir='ltr'>Materies</span> <span class='ocrx_word' id='word_1_11' title='bbox 551 420 596 454; x_wconf 90' lang='lat' dir='ltr'>ut</span> <span class='ocrx_word' id='word_1_12' title='bbox 615 410 849 467; x_wconf 82' lang='lat' dir='ltr'><strong>subpeditet</strong></span> <span class='ocrx_word' id='word_1_13' title='bbox 869 409 990 452; x_wconf 89' lang='lat' dir='ltr'>rebus</span> <span class='ocrx_word' id='word_1_14' title='bbox 1010 410 1262 465; x_wconf 85' lang='lat' dir='ltr'>reparandis.</span> 
     </span>
     <span class='ocr_line' id='line_1_5' title="bbox 333 483 1277 544; baseline -0.002 -16"><span class='ocrx_word' id='word_1_15' title='bbox 333 487 441 529; x_wconf 86' lang='lat' dir='ltr'>Sunt</span> <span class='ocrx_word' id='word_1_16' title='bbox 461 487 587 544; x_wconf 86' lang='lat' dir='ltr'>igitur</span> <span class='ocrx_word' id='word_1_17' title='bbox 607 485 734 527; x_wconf 66' lang='lat' dir='ltr'>solida</span> <span class='ocrx_word' id='word_1_18' title='bbox 755 483 984 540; x_wconf 87' lang='lat' dir='ltr'>primordia</span> <span class='ocrx_word' id='word_1_19' title='bbox 1002 484 1277 539; x_wconf 76' lang='lat' dir='ltr'>simplicitate,</span> 
     </span>
    </p>
   </div>
   <div class='ocr_carea' id='block_1_4' title="bbox 220 557 1344 763">
    <p class='ocr_par' dir='ltr' id='par_1_4' title="bbox 220 557 1344 763">
     <span class='ocr_line' id='line_1_6' title="bbox 220 557 1339 615; baseline -0.003 -11"><span class='ocrx_word' id='word_1_20' title='bbox 220 566 301 604; x_wconf 83' lang='lat'>550</span> <span class='ocrx_word' id='word_1_21' title='bbox 333 561 423 603; x_wconf 89' lang='lat' dir='ltr'>Nec</span> <span class='ocrx_word' id='word_1_22' title='bbox 443 562 605 602; x_wconf 87' lang='lat' dir='ltr'>ratione</span> <span class='ocrx_word' id='word_1_23' title='bbox 626 567 782 615; x_wconf 88' lang='lat' dir='ltr'>queunt</span> <span class='ocrx_word' id='word_1_24' title='bbox 802 557 895 609; x_wconf 64' lang='lat' dir='ltr'>alifi,</span> <span class='ocrx_word' id='word_1_25' title='bbox 915 567 1076 600; x_wconf 82' lang='lat' dir='ltr'>servata</span> <span class='ocrx_word' id='word_1_26' title='bbox 1094 573 1168 614; x_wconf 85' lang='lat' dir='ltr'>per</span> <span class='ocrx_word' id='word_1_27' title='bbox 1188 574 1339 613; x_wconf 88' lang='lat' dir='ltr'>aevom,</span> 
     </span>
     <span class='ocr_line' id='line_1_7' title="bbox 339 633 1207 689; baseline -0.001 -13"><span class='ocrx_word' id='word_1_28' title='bbox 339 635 408 676; x_wconf 83' lang='lat' dir='ltr'>Ex</span> <span class='ocrx_word' id='word_1_29' title='bbox 428 633 591 674; x_wconf 90' lang='lat' dir='ltr'>infinito</span> <span class='ocrx_word' id='word_1_30' title='bbox 604 634 694 688; x_wconf 87' lang='lat' dir='ltr'>jam</span> <span class='ocrx_word' id='word_1_31' title='bbox 714 642 899 688; x_wconf 89' lang='lat' dir='ltr'>tempore</span> <span class='ocrx_word' id='word_1_32' title='bbox 919 648 982 674; x_wconf 87' lang='lat' dir='ltr'>res</span> <span class='ocrx_word' id='word_1_33' title='bbox 1002 648 1207 689; x_wconf 87' lang='lat' dir='ltr'>reparare.</span> 
     </span>
     <span class='ocr_line' id='line_1_8' title="bbox 388 706 1344 763; baseline 0.001 -13"><span class='ocrx_word' id='word_1_34' title='bbox 388 707 598 763; x_wconf 89' lang='lat' dir='ltr'>Denique,</span> <span class='ocrx_word' id='word_1_35' title='bbox 620 708 654 749; x_wconf 92' lang='lat' dir='ltr'>si</span> <span class='ocrx_word' id='word_1_36' title='bbox 674 706 828 748; x_wconf 89' lang='lat' dir='ltr'>nullam</span> <span class='ocrx_word' id='word_1_37' title='bbox 847 706 973 748; x_wconf 89' lang='lat' dir='ltr'>finem</span> <span class='ocrx_word' id='word_1_38' title='bbox 993 715 1142 749; x_wconf 86' lang='lat' dir='ltr'>natura</span> <span class='ocrx_word' id='word_1_39' title='bbox 1160 717 1344 763; x_wconf 85' lang='lat' dir='ltr'>parasset</span> 
     </span>
    </p>
   </div>
   <div class='ocr_carea' id='block_1_5' title="bbox 331 781 1261 839">
    <p class='ocr_par' dir='ltr' id='par_1_5' title="bbox 331 781 1261 839">
     <span class='ocr_line' id='line_1_9' title="bbox 331 781 1261 839; baseline 0.001 -15"><span class='ocrx_word' id='word_1_40' title='bbox 331 781 592 839; x_wconf 84' lang='lat' dir='ltr'>Frangundis</span> <span class='ocrx_word' id='word_1_41' title='bbox 614 781 750 833; x_wconf 91' lang='lat' dir='ltr'>rebus,</span> <span class='ocrx_word' id='word_1_42' title='bbox 765 782 853 838; x_wconf 87' lang='lat' dir='ltr'>jam</span> <span class='ocrx_word' id='word_1_43' title='bbox 874 797 1050 838; x_wconf 85' lang='lat' dir='ltr'>corpora</span> <span class='ocrx_word' id='word_1_44' title='bbox 1070 783 1261 825; x_wconf 70' lang='lat' dir='ltr'>materiai</span> 
     </span>
    </p>
   </div>
   <div class='ocr_carea' id='block_1_6' title="bbox 333 856 1356 915">
    <p class='ocr_par' dir='ltr' id='par_1_6' title="bbox 333 856 1356 915">
     <span class='ocr_line' id='line_1_10' title="bbox 333 856 1356 915; baseline 0.002 -17"><span class='ocrx_word' id='word_1_45' title='bbox 333 856 477 912; x_wconf 87' lang='lat' dir='ltr'>Usque</span> <span class='ocrx_word' id='word_1_46' title='bbox 497 856 665 898; x_wconf 86' lang='lat' dir='ltr'>redacta</span> <span class='ocrx_word' id='word_1_47' title='bbox 684 857 834 908; x_wconf 84' lang='lat' dir='ltr'>forent,</span> <span class='ocrx_word' id='word_1_48' title='bbox 858 873 948 899; x_wconf 86' lang='lat' dir='ltr'>aevo</span> <span class='ocrx_word' id='word_1_49' title='bbox 967 857 1182 915; x_wconf 85' lang='lat' dir='ltr'>frangente</span> <span class='ocrx_word' id='word_1_50' title='bbox 1201 858 1356 914; x_wconf 88' lang='lat' dir='ltr'>priore,</span> 
     </span>
    </p>
   </div>
   <div class='ocr_carea' id='block_1_7' title="bbox 218 930 1240 988">
    <p class='ocr_par' dir='ltr' id='par_1_7' title="bbox 218 930 1240 988">
     <span class='ocr_line' id='line_1_11' title="bbox 218 930 1240 988; baseline 0.002 -16"><span class='ocrx_word' id='word_1_51' title='bbox 218 935 298 972; x_wconf 87' lang='lat'>555</span> <span class='ocrx_word' id='word_1_52' title='bbox 332 930 394 973; x_wconf 90' lang='lat' dir='ltr'>Ut</span> <span class='ocrx_word' id='word_1_53' title='bbox 415 931 516 971; x_wconf 92' lang='lat' dir='ltr'>nihil</span> <span class='ocrx_word' id='word_1_54' title='bbox 537 946 589 972; x_wconf 86' lang='lat' dir='ltr'>ex</span> <span class='ocrx_word' id='word_1_55' title='bbox 610 931 685 972; x_wconf 90' lang='lat' dir='ltr'>illis</span> <span class='ocrx_word' id='word_1_56' title='bbox 706 947 730 973; x_wconf 85' lang='lat' dir='ltr'>a</span> <span class='ocrx_word' id='word_1_57' title='bbox 750 941 864 973; x_wconf 90' lang='lat' dir='ltr'>certo</span> <span class='ocrx_word' id='word_1_58' title='bbox 884 941 1070 988; x_wconf 89' lang='lat' dir='ltr'>tempore</span> <span class='ocrx_word' id='word_1_59' title='bbox 1090 940 1240 988; x_wconf 88' lang='lat' dir='ltr'>posset,</span> 
     </span>
    </p>
   </div>
   <div class='ocr_carea' id='block_1_8' title="bbox 331 1005 1397 1063">
    <p class='ocr_par' dir='ltr' id='par_1_8' title="bbox 331 1005 1397 1063">
     <span class='ocr_line' id='line_1_12' title="bbox 331 1005 1397 1063; baseline 0.002 -17"><span class='ocrx_word' id='word_1_60' title='bbox 331 1005 605 1061; x_wconf 90' lang='lat' dir='ltr'>Conceptum,</span> <span class='ocrx_word' id='word_1_61' title='bbox 628 1020 835 1047; x_wconf 89' lang='lat' dir='ltr'>summum</span> <span class='ocrx_word' id='word_1_62' title='bbox 854 1007 985 1048; x_wconf 84' lang='lat' dir='ltr'>aetatis</span> <span class='ocrx_word' id='word_1_63' title='bbox 1004 1006 1230 1063; x_wconf 86' lang='lat' dir='ltr'>pervadere</span> <span class='ocrx_word' id='word_1_64' title='bbox 1250 1006 1376 1048; x_wconf 89' lang='lat' dir='ltr'>finem</span> <span class='ocrx_word' id='word_1_65' title='bbox 1382 1025 1397 1059; x_wconf 80' lang='lat'>3</span> 
     </span>
    </p>
   </div>
   <div class='ocr_carea' id='block_1_9' title="bbox 179 1159 915 1868">
    <p class='ocr_par' dir='ltr' id='par_1_9' title="bbox 184 1159 913 1294">
     <span class='ocr_line' id='line_1_13' title="bbox 184 1159 913 1201; baseline 0 -11"><span class='ocrx_word' id='word_1_66' title='bbox 184 1159 324 1196; x_wconf 84' lang='lat' dir='ltr'>inferius,</span> <span class='ocrx_word' id='word_1_67' title='bbox 350 1169 412 1190; x_wconf 88' lang='lat' dir='ltr'>ver.</span> <span class='ocrx_word' id='word_1_68' title='bbox 440 1162 513 1198; x_wconf 79' lang='lat'>6:35,</span> <span class='ocrx_word' id='word_1_69' title='bbox 543 1159 583 1190; x_wconf 87' lang='lat' dir='ltr'>ad</span> <span class='ocrx_word' id='word_1_70' title='bbox 613 1160 719 1190; x_wconf 89' lang='lat' dir='ltr'>omnia</span> <span class='ocrx_word' id='word_1_71' title='bbox 747 1160 913 1201; x_wconf 87' lang='lat' dir='ltr'>gemellus,</span> 
     </span>
     <span class='ocr_line' id='line_1_14' title="bbox 184 1212 913 1253; baseline 0.001 -11"><span class='ocrx_word' id='word_1_72' title='bbox 184 1218 276 1253; x_wconf 87' lang='lat' dir='ltr'>atque</span> <span class='ocrx_word' id='word_1_73' title='bbox 298 1212 349 1242; x_wconf 88' lang='lat' dir='ltr'>hie</span> <span class='ocrx_word' id='word_1_74' title='bbox 370 1212 491 1252; x_wconf 87' lang='lat' dir='ltr'>integer</span> <span class='ocrx_word' id='word_1_75' title='bbox 506 1212 712 1251; x_wconf 82' lang='lat' dir='ltr'>exhibendus,</span> <span class='ocrx_word' id='word_1_76' title='bbox 736 1219 773 1243; x_wconf 87' lang='lat' dir='ltr'>ut</span> <span class='ocrx_word' id='word_1_77' title='bbox 786 1223 913 1253; x_wconf 89' lang='lat' dir='ltr'>compa-</span> 
     </span>
     <span class='ocr_line' id='line_1_15' title="bbox 185 1262 679 1294; baseline 0.004 -2"><span class='ocrx_word' id='word_1_78' title='bbox 185 1264 263 1294; x_wconf 85' lang='lat' dir='ltr'>ratio</span> <span class='ocrx_word' id='word_1_79' title='bbox 278 1262 472 1293; x_wconf 86' lang='lat' dir='ltr'>commodior</span> <span class='ocrx_word' id='word_1_80' title='bbox 486 1263 679 1294; x_wconf 82' lang='lat' dir='ltr'>instituatur:</span> 
     </span>
    </p>

    <p class='ocr_par' dir='ltr' id='par_1_10' title="bbox 211 1332 882 1365">
     <span class='ocr_line' id='line_1_16' title="bbox 211 1332 882 1365; baseline -0.004 -6"><span class='ocrx_word' id='word_1_81' title='bbox 211 1335 257 1364; x_wconf 86' lang='lat' dir='ltr'>At,</span> <span class='ocrx_word' id='word_1_82' title='bbox 269 1333 396 1365; x_wconf 85' lang='lat' dir='ltr'>quoniam</span> <span class='ocrx_word' id='word_1_83' title='bbox 408 1332 495 1364; x_wconf 69' lang='lat' dir='ltr'>fragili</span> <span class='ocrx_word' id='word_1_84' title='bbox 505 1332 601 1356; x_wconf 73' lang='lat' dir='ltr'>natura</span> <span class='ocrx_word' id='word_1_85' title='bbox 618 1332 734 1364; x_wconf 83' lang='lat' dir='ltr'>praedita</span> <span class='ocrx_word' id='word_1_86' title='bbox 745 1336 882 1362; x_wconf 84' lang='lat' dir='ltr'>constant,</span> 
     </span>
    </p>

    <p class='ocr_par' dir='ltr' id='par_1_11' title="bbox 212 1373 882 1404">
     <span class='ocr_line' id='line_1_17' title="bbox 212 1373 882 1404; baseline -0.001 -7"><span class='ocrx_word' id='word_1_87' title='bbox 212 1373 361 1404; x_wconf 81' lang='lat' dir='ltr'>Discrepat,</span> <span class='ocrx_word' id='word_1_88' title='bbox 370 1376 506 1397; x_wconf 83' lang='lat' dir='ltr'>aetemum</span> <span class='ocrx_word' id='word_1_89' title='bbox 518 1376 625 1404; x_wconf 82' lang='lat' dir='ltr'>tempus</span> <span class='ocrx_word' id='word_1_90' title='bbox 634 1373 751 1404; x_wconf 83' lang='lat' dir='ltr'>potuisse</span> <span class='ocrx_word' id='word_1_91' title='bbox 761 1379 882 1402; x_wconf 86' lang='lat' dir='ltr'>manere,</span> 
     </span>
    </p>

    <p class='ocr_par' dir='ltr' id='par_1_12' title="bbox 182 1411 913 1612">
     <span class='ocr_line' id='line_1_18' title="bbox 211 1411 822 1444; baseline -0.003 -7"><span class='ocrx_word' id='word_1_92' title='bbox 211 1411 451 1438; x_wconf 82' lang='lat' dir='ltr'>Innumerabilibus</span> <span class='ocrx_word' id='word_1_93' title='bbox 461 1411 544 1443; x_wconf 79' lang='lat' dir='ltr'>plagis</span> <span class='ocrx_word' id='word_1_94' title='bbox 556 1415 659 1436; x_wconf 82' lang='lat' dir='ltr'>vexata</span> <span class='ocrx_word' id='word_1_95' title='bbox 667 1415 714 1444; x_wconf 78' lang='lat' dir='ltr'>per</span> <span class='ocrx_word' id='word_1_96' title='bbox 725 1418 822 1435; x_wconf 75' lang='lat' dir='ltr'>aevom.</span> 
     </span>
     <span class='ocr_line' id='line_1_19' title="bbox 184 1470 911 1511; baseline -0.004 -9"><span class='ocrx_word' id='word_1_97' title='bbox 184 1471 315 1511; x_wconf 89' lang='lat' dir='ltr'>Optima</span> <span class='ocrx_word' id='word_1_98' title='bbox 336 1480 408 1501; x_wconf 82' lang='lat' dir='ltr'>vero</span> <span class='ocrx_word' id='word_1_99' title='bbox 423 1476 468 1500; x_wconf 85' lang='lat' dir='ltr'>est</span> <span class='ocrx_word' id='word_1_100' title='bbox 484 1480 542 1500; x_wconf 79' lang='lat' dir='ltr'>vox</span> <span class='ocrx_word' id='word_1_101' title='bbox 564 1481 645 1501; x_wconf 77' lang='lat' dir='ltr'>verso</span> <span class='ocrx_word' id='word_1_102' title='bbox 668 1470 701 1499; x_wconf 92' lang='lat' dir='ltr'>in</span> <span class='ocrx_word' id='word_1_103' title='bbox 717 1471 776 1500; x_wconf 90' lang='lat' dir='ltr'>hoc</span> <span class='ocrx_word' id='word_1_104' title='bbox 799 1479 911 1506; x_wconf 86' lang='lat' dir='ltr'>sensu;</span> 
     </span>
     <span class='ocr_line' id='line_1_20' title="bbox 182 1521 913 1553; baseline -0.004 0"><span class='ocrx_word' id='word_1_105' title='bbox 182 1522 288 1553; x_wconf 87' lang='lat' dir='ltr'>confer</span> <span class='ocrx_word' id='word_1_106' title='bbox 303 1523 342 1553; x_wconf 87' lang='lat' dir='ltr'>vi.</span> <span class='ocrx_word' id='word_1_107' title='bbox 362 1525 430 1553; x_wconf 77' lang='lat'><strong><em>125.</em></strong></span> <span class='ocrx_word' id='word_1_108' title='bbox 443 1522 518 1552; x_wconf 88' lang='lat' dir='ltr'>AEn.</span> <span class='ocrx_word' id='word_1_109' title='bbox 530 1522 569 1552; x_wconf 86' lang='lat' dir='ltr'>vi.</span> <span class='ocrx_word' id='word_1_110' title='bbox 583 1526 657 1553; x_wconf 75' lang='lat'><strong><em>562.</em></strong></span> <span class='ocrx_word' id='word_1_111' title='bbox 672 1528 704 1552; x_wconf 85' lang='lat' dir='ltr'>et</span> <span class='ocrx_word' id='word_1_112' title='bbox 715 1521 913 1552; x_wconf 82' lang='lat' dir='ltr'>Broukhusi-</span> 
     </span>
     <span class='ocr_line' id='line_1_21' title="bbox 184 1573 621 1612; baseline 0 -9"><span class='ocrx_word' id='word_1_113' title='bbox 184 1583 239 1603; x_wconf 90' lang='lat' dir='ltr'>um</span> <span class='ocrx_word' id='word_1_114' title='bbox 255 1573 295 1603; x_wconf 73' lang='lat' dir='ltr'>ael</span> <span class='ocrx_word' id='word_1_115' title='bbox 311 1574 450 1612; x_wconf 78' lang='lat' dir='ltr'>Propert.</span> <span class='ocrx_word' id='word_1_116' title='bbox 466 1573 509 1603; x_wconf 88' lang='lat' dir='ltr'>iii.</span> <span class='ocrx_word' id='word_1_117' title='bbox 526 1577 554 1603; x_wconf 86' lang='lat'><strong><em>6.</em></strong></span> <span class='ocrx_word' id='word_1_118' title='bbox 575 1577 621 1604; x_wconf 86' lang='lat'><strong><em>19.</em></strong></span> 
     </span>
    </p>

    <p class='ocr_par' dir='ltr' id='par_1_13' title="bbox 198 1625 913 1659">
     <span class='ocr_line' id='line_1_22' title="bbox 198 1625 913 1659; baseline -0.001 -4"><span class='ocrx_word' id='word_1_119' title='bbox 198 1657 200 1659; x_wconf 57' lang='grc'>,</span> <span class='ocrx_word' id='word_1_120' title='bbox 225 1626 300 1656; x_wconf 89' lang='lat' dir='ltr'>Ver.</span> <span class='ocrx_word' id='word_1_121' title='bbox 317 1629 388 1657; x_wconf 79' lang='lat'><strong><em>552.</em></strong></span> <span class='ocrx_word' id='word_1_122' title='bbox 404 1627 541 1656; x_wconf 83' lang='lat' dir='ltr'>nullam:</span> <span class='ocrx_word' id='word_1_123' title='bbox 562 1625 599 1655; x_wconf 88' lang='lat' dir='ltr'>P.</span> <span class='ocrx_word' id='word_1_124' title='bbox 610 1626 652 1655; x_wconf 75' lang='lat' dir='ltr'><strong><em>V.</em></strong></span> <span class='ocrx_word' id='word_1_125' title='bbox 668 1625 715 1655; x_wconf 88' lang='lat' dir='ltr'>ed.</span> <span class='ocrx_word' id='word_1_126' title='bbox 732 1625 768 1655; x_wconf 88' lang='grc' dir='ltr'>Β.</span> <span class='ocrx_word' id='word_1_127' title='bbox 784 1626 913 1655; x_wconf 79' lang='lat' dir='ltr'>nullum.</span> 
     </span>
    </p>

    <p class='ocr_par' dir='ltr' id='par_1_14' title="bbox 223 1676 915 1715">
     <span class='ocr_line' id='line_1_23' title="bbox 223 1676 915 1715; baseline -0.003 -8"><span class='ocrx_word' id='word_1_128' title='bbox 223 1677 299 1707; x_wconf 90' lang='lat' dir='ltr'>Ver.</span> <span class='ocrx_word' id='word_1_129' title='bbox 315 1679 386 1708; x_wconf 82' lang='lat'><strong><em>555.</em></strong></span> <span class='ocrx_word' id='word_1_130' title='bbox 404 1678 564 1708; x_wconf 76' lang='lat' dir='ltr'>materia&#39;i:</span> <span class='ocrx_word' id='word_1_131' title='bbox 593 1676 629 1707; x_wconf 90' lang='lat' dir='ltr'>P.</span> <span class='ocrx_word' id='word_1_132' title='bbox 647 1682 682 1707; x_wconf 89' lang='grc' dir='ltr'>Δ.</span> <span class='ocrx_word' id='word_1_133' title='bbox 697 1678 915 1715; x_wconf 78' lang='lat' dir='ltr'>materiesque,-</span> 
     </span>
    </p>

    <p class='ocr_par' dir='ltr' id='par_1_15' title="bbox 179 1728 914 1868">
     <span class='ocr_line' id='line_1_24' title="bbox 181 1728 914 1767; baseline -0.004 -9"><span class='ocrx_word' id='word_1_134' title='bbox 181 1728 279 1758; x_wconf 82' lang='lat' dir='ltr'>vind.</span> <span class='ocrx_word' id='word_1_135' title='bbox 296 1729 339 1758; x_wconf 86' lang='lat' dir='ltr'><strong><em>V.</em></strong></span> <span class='ocrx_word' id='word_1_136' title='bbox 368 1728 415 1758; x_wconf 90' lang='lat' dir='ltr'>ed.</span> <span class='ocrx_word' id='word_1_137' title='bbox 444 1728 483 1758; x_wconf 89' lang='lat' dir='ltr'><strong><em>O.</em></strong></span> <span class='ocrx_word' id='word_1_138' title='bbox 507 1734 547 1758; x_wconf 88' lang='grc' dir='ltr'>Π.</span> <span class='ocrx_word' id='word_1_139' title='bbox 574 1730 768 1767; x_wconf 65' lang='lat' dir='ltr'>materiaeque</span> <span class='ocrx_word' id='word_1_140' title='bbox 779 1742 791 1766; x_wconf 87' lang='lat'>,-</span> <span class='ocrx_word' id='word_1_141' title='bbox 816 1732 850 1757; x_wconf 82' lang='grc' dir='ltr'>Σ.</span> <span class='ocrx_word' id='word_1_142' title='bbox 870 1732 914 1756; x_wconf 84' lang='grc' dir='ltr'>Ω.</span> 
     </span>
     <span class='ocr_line' id='line_1_25' title="bbox 179 1780 911 1820; baseline -0.005 -9"><span class='ocrx_word' id='word_1_143' title='bbox 179 1783 377 1820; x_wconf 81' lang='lat' dir='ltr'>materz&#39;eque;</span> <span class='ocrx_word' id='word_1_144' title='bbox 402 1781 439 1810; x_wconf 88' lang='lat' dir='ltr'><strong><em>B.</em></strong></span> <span class='ocrx_word' id='word_1_145' title='bbox 451 1782 627 1816; x_wconf 74' lang='lat' dir='ltr'>materiam,·</span> <span class='ocrx_word' id='word_1_146' title='bbox 644 1780 680 1809; x_wconf 85' lang='lat' dir='ltr'><strong><em>L.</em></strong></span> <span class='ocrx_word' id='word_1_147' title='bbox 699 1780 745 1809; x_wconf 84' lang='lat' dir='ltr'><strong><em>M.</em></strong></span> <span class='ocrx_word' id='word_1_148' title='bbox 761 1780 911 1808; x_wconf 81' lang='lat' dir='ltr'>materiae:</span> 
     </span>
     <span class='ocr_line' id='line_1_26' title="bbox 180 1828 910 1868; baseline -0.004 -8"><span class='ocrx_word' id='word_1_149' title='bbox 180 1831 265 1861; x_wconf 88' lang='lat' dir='ltr'>unde</span> <span class='ocrx_word' id='word_1_150' title='bbox 280 1830 450 1860; x_wconf 83' lang='lat' dir='ltr'>rectissime</span> <span class='ocrx_word' id='word_1_151' title='bbox 473 1829 582 1859; x_wconf 81' lang='lat' dir='ltr'>effecta</span> <span class='ocrx_word' id='word_1_152' title='bbox 605 1836 651 1860; x_wconf 91' lang='lat' dir='ltr'>est</span> <span class='ocrx_word' id='word_1_153' title='bbox 670 1835 792 1868; x_wconf 86' lang='lat' dir='ltr'>recepta</span> <span class='ocrx_word' id='word_1_154' title='bbox 807 1828 910 1865; x_wconf 86' lang='lat' dir='ltr'>lectio,</span> 
     </span>
    </p>
   </div>
   <div class='ocr_carea' id='block_1_10' title="bbox 956 1161 1691 1512">
    <p class='ocr_par' dir='ltr' id='par_1_16' title="bbox 956 1161 1691 1512">
     <span class='ocr_line' id='line_1_27' title="bbox 957 1161 1690 1205; baseline 0.007 -14"><span class='ocrx_word' id='word_1_155' title='bbox 957 1172 1009 1202; x_wconf 77' lang='lat' dir='ltr'>go,</span> <span class='ocrx_word' id='word_1_156' title='bbox 1022 1164 1146 1203; x_wconf 83' lang='lat' dir='ltr'>florem.</span> <span class='ocrx_word' id='word_1_157' title='bbox 1191 1161 1318 1192; x_wconf 87' lang='lat' dir='ltr'>Phrasis</span> <span class='ocrx_word' id='word_1_158' title='bbox 1332 1172 1483 1193; x_wconf 83' lang='lat' dir='ltr'>summum</span> <span class='ocrx_word' id='word_1_159' title='bbox 1498 1166 1599 1195; x_wconf 80' lang='lat' dir='ltr'>oetatz&#39;s</span> <span class='ocrx_word' id='word_1_160' title='bbox 1615 1175 1690 1205; x_wconf 81' lang='lat' dir='ltr'>per-</span> 
     </span>
     <span class='ocr_line' id='line_1_28' title="bbox 957 1214 1690 1256; baseline 0.003 -12"><span class='ocrx_word' id='word_1_161' title='bbox 957 1216 1066 1244; x_wconf 79' lang='lat' dir='ltr'>vadere</span> <span class='ocrx_word' id='word_1_162' title='bbox 1078 1215 1180 1255; x_wconf 86' lang='lat' dir='ltr'>finem</span> <span class='ocrx_word' id='word_1_163' title='bbox 1196 1214 1288 1252; x_wconf 88' lang='lat' dir='ltr'>valet,</span> <span class='ocrx_word' id='word_1_164' title='bbox 1314 1217 1334 1232; x_wconf 91' lang='lat'>“</span> <span class='ocrx_word' id='word_1_165' title='bbox 1350 1215 1564 1246; x_wconf 78' lang='lat' dir='ltr'>maturitatem</span> <span class='ocrx_word' id='word_1_166' title='bbox 1588 1226 1690 1256; x_wconf 86' lang='lat' dir='ltr'>suam,</span> 
     </span>
     <span class='ocr_line' id='line_1_29' title="bbox 959 1265 1690 1306; baseline 0.005 -12"><span class='ocrx_word' id='word_1_167' title='bbox 959 1270 978 1283; x_wconf 77' lang='lat'>⁸⁸</span> <span class='ocrx_word' id='word_1_168' title='bbox 994 1275 1090 1305; x_wconf 88' lang='lat' dir='ltr'>quam</span> <span class='ocrx_word' id='word_1_169' title='bbox 1118 1265 1176 1295; x_wconf 88' lang='lat' dir='ltr'>sibi</span> <span class='ocrx_word' id='word_1_170' title='bbox 1204 1271 1317 1295; x_wconf 89' lang='lat' dir='ltr'>natura</span> <span class='ocrx_word' id='word_1_171' title='bbox 1345 1266 1572 1306; x_wconf 68' lang='lat' dir='ltr'>praescripserit,</span> <span class='ocrx_word' id='word_1_172' title='bbox 1604 1278 1690 1298; x_wconf 89' lang='lat' dir='ltr'>com-</span> 
     </span>
     <span class='ocr_line' id='line_1_30' title="bbox 958 1316 1690 1358; baseline 0.007 -12"><span class='ocrx_word' id='word_1_173' title='bbox 958 1321 978 1335; x_wconf 85' lang='lat'>“</span> <span class='ocrx_word' id='word_1_174' title='bbox 995 1316 1110 1356; x_wconf 87' lang='lat' dir='ltr'>plere.&#39;’</span> <span class='ocrx_word' id='word_1_175' title='bbox 1156 1317 1312 1358; x_wconf 88' lang='lat' dir='ltr'>Virgilius</span> <span class='ocrx_word' id='word_1_176' title='bbox 1326 1324 1415 1348; x_wconf 87' lang='lat' dir='ltr'>vocat</span> <span class='ocrx_word' id='word_1_177' title='bbox 1437 1321 1495 1350; x_wconf 79' lang='lat' dir='ltr'>aevz‘</span> <span class='ocrx_word' id='word_1_178' title='bbox 1514 1321 1690 1357; x_wconf 79' lang='lat' dir='ltr'>terminum,</span> 
     </span>
     <span class='ocr_line' id='line_1_31' title="bbox 957 1368 1691 1413; baseline 0.005 -14"><span class='ocrx_word' id='word_1_179' title='bbox 957 1368 997 1399; x_wconf 88' lang='lat' dir='ltr'>ad</span> <span class='ocrx_word' id='word_1_180' title='bbox 1012 1379 1079 1409; x_wconf 88' lang='lat' dir='ltr'>geo.</span> <span class='ocrx_word' id='word_1_181' title='bbox 1095 1369 1134 1399; x_wconf 89' lang='lat' dir='ltr'>iv.</span> <span class='ocrx_word' id='word_1_182' title='bbox 1153 1373 1224 1400; x_wconf 76' lang='lat'><strong><em>206.</em></strong></span> <span class='ocrx_word' id='word_1_183' title='bbox 1251 1376 1282 1400; x_wconf 87' lang='lat' dir='ltr'>et</span> <span class='ocrx_word' id='word_1_184' title='bbox 1304 1380 1343 1400; x_wconf 85' lang='lat' dir='ltr'>ex</span> <span class='ocrx_word' id='word_1_185' title='bbox 1358 1370 1496 1410; x_wconf 86' lang='lat' dir='ltr'>professo</span> <span class='ocrx_word' id='word_1_186' title='bbox 1514 1372 1602 1413; x_wconf 90' lang='lat' dir='ltr'>quasi</span> <span class='ocrx_word' id='word_1_187' title='bbox 1624 1372 1691 1411; x_wconf 88' lang='lat' dir='ltr'>ple-</span> 
     </span>
     <span class='ocr_line' id='line_1_32' title="bbox 957 1420 1691 1463; baseline 0.008 -14"><span class='ocrx_word' id='word_1_188' title='bbox 957 1420 1029 1450; x_wconf 87' lang='lat' dir='ltr'>nius</span> <span class='ocrx_word' id='word_1_189' title='bbox 1043 1420 1179 1450; x_wconf 86' lang='lat' dir='ltr'>declarat</span> <span class='ocrx_word' id='word_1_190' title='bbox 1196 1420 1236 1451; x_wconf 89' lang='lat' dir='ltr'>ad</span> <span class='ocrx_word' id='word_1_191' title='bbox 1252 1422 1327 1452; x_wconf 84' lang='lat' dir='ltr'>AEn.</span> <span class='ocrx_word' id='word_1_192' title='bbox 1341 1432 1372 1452; x_wconf 80' lang='lat' dir='ltr'><strong><em>x.</em></strong></span> <span class='ocrx_word' id='word_1_193' title='bbox 1388 1425 1461 1453; x_wconf 81' lang='lat'><strong><em>472.</em></strong></span> <span class='ocrx_word' id='word_1_194' title='bbox 1484 1423 1537 1454; x_wconf 89' lang='lat' dir='ltr'>ille</span> <span class='ocrx_word' id='word_1_195' title='bbox 1552 1424 1691 1463; x_wconf 85' lang='lat' dir='ltr'>optimus</span> 
     </span>
     <span class='ocr_line' id='line_1_33' title="bbox 956 1472 1275 1512; baseline 0.003 -10"><span class='ocrx_word' id='word_1_196' title='bbox 956 1472 1095 1503; x_wconf 87' lang='lat' dir='ltr'>Lucretii</span> <span class='ocrx_word' id='word_1_197' title='bbox 1109 1473 1275 1512; x_wconf 88' lang='lat' dir='ltr'>interpres:</span> 
     </span>
    </p>
   </div>
   <div class='ocr_carea' id='block_1_11' title="bbox 988 1541 1641 1616">
    <p class='ocr_par' dir='ltr' id='par_1_17' title="bbox 988 1541 1641 1616">
     <span class='ocr_line' id='line_1_34' title="bbox 1339 1541 1626 1568; baseline 0.01 -3"><span class='ocrx_word' id='word_1_198' title='bbox 1339 1541 1427 1566; x_wconf 87' lang='lat' dir='ltr'>Etiam</span> <span class='ocrx_word' id='word_1_199' title='bbox 1440 1549 1487 1567; x_wconf 89' lang='lat' dir='ltr'>sua</span> <span class='ocrx_word' id='word_1_200' title='bbox 1497 1544 1626 1568; x_wconf 81' lang='lat' dir='ltr'>Turnum</span> 
     </span>
     <span class='ocr_line' id='line_1_35' title="bbox 988 1584 1641 1616; baseline 0.005 -9"><span class='ocrx_word' id='word_1_201' title='bbox 988 1584 1054 1608; x_wconf 75' lang='lat' dir='ltr'>Fata</span> <span class='ocrx_word' id='word_1_202' title='bbox 1065 1586 1176 1613; x_wconf 88' lang='lat' dir='ltr'>vocant,</span> <span class='ocrx_word' id='word_1_203' title='bbox 1188 1586 1320 1614; x_wconf 82' lang='lat' dir='ltr'>metasque</span> <span class='ocrx_word' id='word_1_204' title='bbox 1331 1584 1385 1608; x_wconf 83' lang='lat' dir='ltr'>dati</span> <span class='ocrx_word' id='word_1_205' title='bbox 1394 1585 1518 1616; x_wconf 73' lang='lat' dir='ltr'>pervenit</span> <span class='ocrx_word' id='word_1_206' title='bbox 1527 1585 1563 1610; x_wconf 84' lang='lat' dir='ltr'>ad</span> <span class='ocrx_word' id='word_1_207' title='bbox 1573 1585 1641 1610; x_wconf 75' lang='lat' dir='ltr'>aevt&#39;.</span> 
     </span>
    </p>
   </div>
   <div class='ocr_carea' id='block_1_12' title="bbox 958 1651 1686 1742">
    <p class='ocr_par' dir='ltr' id='par_1_18' title="bbox 958 1651 1686 1742">
     <span class='ocr_line' id='line_1_36' title="bbox 958 1651 1686 1693; baseline 0.001 -12"><span class='ocrx_word' id='word_1_208' title='bbox 958 1651 1002 1681; x_wconf 86' lang='lat' dir='ltr'>Et</span> <span class='ocrx_word' id='word_1_209' title='bbox 1015 1661 1090 1681; x_wconf 90' lang='lat' dir='ltr'>cum</span> <span class='ocrx_word' id='word_1_210' title='bbox 1106 1664 1148 1691; x_wconf 74' lang='grc' dir='ltr'>τῳ</span> <span class='ocrx_word' id='word_1_211' title='bbox 1162 1661 1311 1681; x_wconf 81' lang='lat' dir='ltr'>summum</span> <span class='ocrx_word' id='word_1_212' title='bbox 1318 1652 1420 1693; x_wconf 73' lang='lat' dir='ltr'>finem</span> <span class='ocrx_word' id='word_1_213' title='bbox 1436 1651 1614 1682; x_wconf 79' lang='lat' dir='ltr'>committas</span> <span class='ocrx_word' id='word_1_214' title='bbox 1629 1651 1686 1682; x_wconf 87' lang='lat' dir='ltr'>ali·</span> 
     </span>
     <span class='ocr_line' id='line_1_37' title="bbox 958 1701 1473 1742; baseline 0.004 -11"><span class='ocrx_word' id='word_1_215' title='bbox 958 1701 1002 1731; x_wconf 91' lang='lat' dir='ltr'>ud</span> <span class='ocrx_word' id='word_1_216' title='bbox 1017 1701 1245 1742; x_wconf 84' lang='lat' dir='ltr'>Virgilianum,</span> <span class='ocrx_word' id='word_1_217' title='bbox 1261 1711 1329 1741; x_wconf 88' lang='lat' dir='ltr'>geo.</span> <span class='ocrx_word' id='word_1_218' title='bbox 1344 1702 1383 1732; x_wconf 89' lang='lat' dir='ltr'>iv.</span> <span class='ocrx_word' id='word_1_219' title='bbox 1404 1705 1473 1733; x_wconf 85' lang='lat'><strong><em>116.</em></strong></span> 
     </span>
    </p>
   </div>
   <div class='ocr_carea' id='block_1_13' title="bbox 989 1779 1145 1787">
    <p class='ocr_par' dir='ltr' id='par_1_19' title="bbox 989 1779 1145 1787">
     <span class='ocr_line' id='line_1_38' title="bbox 989 1779 1145 1787; baseline 0 0"><span class='ocrx_word' id='word_1_220' title='bbox 989 1779 1145 1787; x_wconf 95' lang='lat' dir='ltr'> </span> 
     </span>
    </p>
   </div>
   <div class='ocr_carea' id='block_1_14' title="bbox 1154 1767 1615 1800">
    <p class='ocr_par' dir='ltr' id='par_1_20' title="bbox 1154 1767 1615 1800">
     <span class='ocr_line' id='line_1_39' title="bbox 1154 1767 1615 1800; baseline 0.007 -9"><span class='ocrx_word' id='word_1_221' title='bbox 1154 1768 1406 1792; x_wconf 83' lang='lat' dir='ltr'>extremo——sub</span> <span class='ocrx_word' id='word_1_222' title='bbox 1413 1767 1472 1800; x_wconf 80' lang='lat' dir='ltr'>fine</span> <span class='ocrx_word' id='word_1_223' title='bbox 1482 1768 1615 1794; x_wconf 86' lang='lat' dir='ltr'>laborum.</span> 
     </span>
    </p>
   </div>
   <div class='ocr_carea' id='block_1_15' title="bbox 956 1833 1687 1874">
    <p class='ocr_par' dir='ltr' id='par_1_21' title="bbox 956 1833 1687 1874">
     <span class='ocr_line' id='line_1_40' title="bbox 956 1833 1687 1874; baseline 0.008 -12"><span class='ocrx_word' id='word_1_224' title='bbox 956 1833 1031 1863; x_wconf 87' lang='lat' dir='ltr'>Non</span> <span class='ocrx_word' id='word_1_225' title='bbox 1047 1833 1144 1874; x_wconf 85' lang='lat' dir='ltr'>igitur</span> <span class='ocrx_word' id='word_1_226' title='bbox 1164 1841 1229 1864; x_wconf 85' lang='lat' dir='ltr'>erat</span> <span class='ocrx_word' id='word_1_227' title='bbox 1250 1845 1377 1873; x_wconf 84' lang='lat' dir='ltr'>caussae,</span> <span class='ocrx_word' id='word_1_228' title='bbox 1401 1842 1437 1866; x_wconf 88' lang='lat' dir='ltr'>ut</span> <span class='ocrx_word' id='word_1_229' title='bbox 1459 1836 1592 1867; x_wconf 85' lang='lat' dir='ltr'>editores</span> <span class='ocrx_word' id='word_1_230' title='bbox 1607 1837 1687 1868; x_wconf 88' lang='lat' dir='ltr'>illud</span> 
     </span>
    </p>
   </div>
   <div class='ocr_carea' id='block_1_16' title="bbox 179 1881 1686 1926">
    <p class='ocr_par' dir='ltr' id='par_1_22' title="bbox 179 1881 1686 1926">
     <span class='ocr_line' id='line_1_41' title="bbox 179 1881 1686 1926; baseline 0.001 -14"><span class='ocrx_word' id='word_1_231' title='bbox 179 1889 212 1912; x_wconf 85' lang='lat' dir='ltr'>et</span> <span class='ocrx_word' id='word_1_232' title='bbox 232 1883 266 1912; x_wconf 91' lang='lat' dir='ltr'>in</span> <span class='ocrx_word' id='word_1_233' title='bbox 281 1888 428 1912; x_wconf 82' lang='lat' dir='ltr'>contextu</span> <span class='ocrx_word' id='word_1_234' title='bbox 449 1881 621 1911; x_wconf 89' lang='lat' dir='ltr'>editoribus</span> <span class='ocrx_word' id='word_1_235' title='bbox 643 1881 807 1918; x_wconf 88' lang='lat' dir='ltr'>collocata;</span> <span class='ocrx_word' id='word_1_236' title='bbox 831 1881 910 1909; x_wconf 87' lang='lat' dir='ltr'>hanc</span> <span class='ocrx_word' id='word_1_237' title='bbox 944 1886 1057 1926; x_wconf 65' lang='lat' dir='ltr'>florem</span> <span class='ocrx_word' id='word_1_238' title='bbox 1081 1897 1118 1916; x_wconf 74' lang='lat' dir='ltr'>ex</span> <span class='ocrx_word' id='word_1_239' title='bbox 1141 1886 1210 1916; x_wconf 71' lang='lat' dir='ltr'>aljis</span> <span class='ocrx_word' id='word_1_240' title='bbox 1224 1887 1362 1917; x_wconf 76' lang='lat' dir='ltr'>Lucretii</span> <span class='ocrx_word' id='word_1_241' title='bbox 1385 1887 1461 1918; x_wconf 69' lang='lat'>10015</span> <span class='ocrx_word' id='word_1_242' title='bbox 1475 1889 1537 1918; x_wconf 80' lang='lat' dir='ltr'>hue</span> <span class='ocrx_word' id='word_1_243' title='bbox 1553 1899 1686 1920; x_wconf 68' lang='lat' dir='ltr'>arcesse-</span> 
     </span>
    </p>
   </div>
   <div class='ocr_carea' id='block_1_17' title="bbox 178 1931 910 1971">
    <p class='ocr_par' dir='ltr' id='par_1_23' title="bbox 178 1931 910 1971">
     <span class='ocr_line' id='line_1_42' title="bbox 178 1931 910 1971; baseline -0.004 -7"><span class='ocrx_word' id='word_1_244' title='bbox 178 1934 265 1964; x_wconf 90' lang='lat' dir='ltr'>enim</span> <span class='ocrx_word' id='word_1_245' title='bbox 296 1932 523 1963; x_wconf 83' lang='lat' dir='ltr'>aberrationem</span> <span class='ocrx_word' id='word_1_246' title='bbox 554 1943 608 1971; x_wconf 87' lang='lat' dir='ltr'>per</span> <span class='ocrx_word' id='word_1_247' title='bbox 637 1933 694 1962; x_wconf 84' lang='lat' dir='ltr'>hos</span> <span class='ocrx_word' id='word_1_248' title='bbox 725 1932 819 1962; x_wconf 82' lang='lat' dir='ltr'>libros</span> <span class='ocrx_word' id='word_1_249' title='bbox 849 1931 910 1961; x_wconf 82' lang='lat' dir='ltr'>sre-</span> 
     </span>
    </p>
   </div>
   <div class='ocr_carea' id='block_1_18' title="bbox 955 1939 1688 1979">
    <p class='ocr_par' dir='ltr' id='par_1_24' title="bbox 955 1939 1688 1979">
     <span class='ocr_line' id='line_1_43' title="bbox 955 1939 1688 1979; baseline 0.007 -11"><span class='ocrx_word' id='word_1_250' title='bbox 955 1944 1034 1975; x_wconf 90' lang='lat' dir='ltr'>rent,</span> <span class='ocrx_word' id='word_1_251' title='bbox 1060 1939 1146 1969; x_wconf 88' lang='lat' dir='ltr'>libris</span> <span class='ocrx_word' id='word_1_252' title='bbox 1167 1939 1349 1970; x_wconf 83' lang='lat' dir='ltr'>melioribus</span> <span class='ocrx_word' id='word_1_253' title='bbox 1375 1950 1411 1970; x_wconf 87' lang='lat' dir='ltr'>ac</span> <span class='ocrx_word' id='word_1_254' title='bbox 1433 1940 1575 1979; x_wconf 88' lang='lat' dir='ltr'>pluribus</span> <span class='ocrx_word' id='word_1_255' title='bbox 1597 1942 1688 1973; x_wconf 84' lang='lat' dir='ltr'>aliter</span> 
     </span>
    </p>
   </div>
   <div class='ocr_carea' id='block_1_19' title="bbox 177 1984 1426 2029">
    <p class='ocr_par' dir='ltr' id='par_1_25' title="bbox 177 1984 1426 2029">
     <span class='ocr_line' id='line_1_44' title="bbox 177 1984 1426 2029; baseline 0.001 -14"><span class='ocrx_word' id='word_1_256' title='bbox 177 1985 416 2026; x_wconf 88' lang='lat' dir='ltr'>quentissimam</span> <span class='ocrx_word' id='word_1_257' title='bbox 451 1995 565 2014; x_wconf 85' lang='lat' dir='ltr'>manus</span> <span class='ocrx_word' id='word_1_258' title='bbox 590 1984 760 2014; x_wconf 87' lang='lat' dir='ltr'>scribarum</span> <span class='ocrx_word' id='word_1_259' title='bbox 791 1985 911 2013; x_wconf 88' lang='lat' dir='ltr'>aberra-</span> <span class='ocrx_word' id='word_1_260' title='bbox 950 1989 1142 2029; x_wconf 72' lang='lat' dir='ltr'>jubentibus‚</span> <span class='ocrx_word' id='word_1_261' title='bbox 1183 1990 1269 2020; x_wconf 79' lang='lat' dir='ltr'>Vide</span> <span class='ocrx_word' id='word_1_262' title='bbox 1285 1991 1316 2021; x_wconf 77' lang='lat' dir='ltr'>ii,</span> <span class='ocrx_word' id='word_1_263' title='bbox 1337 1994 1426 2023; x_wconf 78' lang='lat'>1129,</span> 
     </span>
    </p>
   </div>
   <div class='ocr_carea' id='block_1_20' title="bbox 178 2035 912 2129">
    <p class='ocr_par' dir='ltr' id='par_1_26' title="bbox 178 2035 912 2129">
     <span class='ocr_line' id='line_1_45' title="bbox 178 2035 912 2067; baseline 0 -2"><span class='ocrx_word' id='word_1_264' title='bbox 178 2047 257 2067; x_wconf 83' lang='lat' dir='ltr'>vere.</span> <span class='ocrx_word' id='word_1_265' title='bbox 302 2037 388 2066; x_wconf 79' lang='lat' dir='ltr'>Vere</span> <span class='ocrx_word' id='word_1_266' title='bbox 421 2036 600 2066; x_wconf 61' lang='lat' dir='ltr'>Gronovius</span> <span class='ocrx_word' id='word_1_267' title='bbox 637 2036 677 2065; x_wconf 88' lang='lat' dir='ltr'>ad</span> <span class='ocrx_word' id='word_1_268' title='bbox 707 2035 810 2065; x_wconf 75' lang='lat' dir='ltr'>Plaut.</span> <span class='ocrx_word' id='word_1_269' title='bbox 843 2035 912 2065; x_wconf 85' lang='lat' dir='ltr'>Cas.</span> 
     </span>
     <span class='ocr_line' id='line_1_46' title="bbox 179 2088 756 2129; baseline -0.002 -10"><span class='ocrx_word' id='word_1_270' title='bbox 179 2088 255 2129; x_wconf 87' lang='lat' dir='ltr'>prol.</span> <span class='ocrx_word' id='word_1_271' title='bbox 271 2092 322 2119; x_wconf 87' lang='grc'>50.</span> <span class='ocrx_word' id='word_1_272' title='bbox 340 2088 391 2118; x_wconf 89' lang='lat' dir='ltr'>ubi</span> <span class='ocrx_word' id='word_1_273' title='bbox 408 2088 478 2118; x_wconf 88' lang='lat' dir='ltr'>libri</span> <span class='ocrx_word' id='word_1_274' title='bbox 494 2088 569 2118; x_wconf 83' lang='lat' dir='ltr'>dant</span> <span class='ocrx_word' id='word_1_275' title='bbox 584 2090 756 2118; x_wconf 71' lang='lat' dir='ltr'>comoeclz&#39;ae:</span> 
     </span>
    </p>
   </div>
   <div class='ocr_carea' id='block_1_21' title="bbox 207 2149 818 2224">
    <p class='ocr_par' dir='ltr' id='par_1_27' title="bbox 207 2149 818 2224">
     <span class='ocr_line' id='line_1_47' title="bbox 207 2149 818 2189; baseline -0.005 -4"><span class='ocrx_word' id='word_1_276' title='bbox 207 2161 290 2185; x_wconf 83' lang='lat' dir='ltr'>Aures</span> <span class='ocrx_word' id='word_1_277' title='bbox 301 2160 404 2184; x_wconf 81' lang='lat' dir='ltr'>vacivae</span> <span class='ocrx_word' id='word_1_278' title='bbox 416 2160 437 2183; x_wconf 84' lang='lat' dir='ltr'>si</span> <span class='ocrx_word' id='word_1_279' title='bbox 447 2164 520 2189; x_wconf 86' lang='lat' dir='ltr'>sunt,</span> <span class='ocrx_word' id='word_1_280' title='bbox 532 2149 655 2183; x_wconf 79' lang='lat' dir='ltr'>animum</span> <span class='ocrx_word' id='word_1_281' title='bbox 668 2157 818 2183; x_wconf 77' lang='lat' dir='ltr'>advortite:</span> 
     </span>
     <span class='ocr_line' id='line_1_48' title="bbox 207 2198 699 2224; baseline 0.002 -2"><span class='ocrx_word' id='word_1_282' title='bbox 207 2198 345 2223; x_wconf 72' lang='lat' dir='ltr'>Camaedia?</span> <span class='ocrx_word' id='word_1_283' title='bbox 355 2205 455 2224; x_wconf 85' lang='lat' dir='ltr'>nomen</span> <span class='ocrx_word' id='word_1_284' title='bbox 467 2199 530 2223; x_wconf 82' lang='lat' dir='ltr'>dare</span> <span class='ocrx_word' id='word_1_285' title='bbox 543 2199 615 2223; x_wconf 83' lang='lat' dir='ltr'>vobis</span> <span class='ocrx_word' id='word_1_286' title='bbox 628 2198 699 2223; x_wconf 84' lang='lat' dir='ltr'>volo.</span> 
     </span>
    </p>
   </div>
   <div class='ocr_carea' id='block_1_22' title="bbox 175 2265 911 2936">
    <p class='ocr_par' dir='ltr' id='par_1_28' title="bbox 175 2265 911 2499">
     <span class='ocr_line' id='line_1_49' title="bbox 177 2265 909 2302; baseline -0.001 -8"><span class='ocrx_word' id='word_1_287' title='bbox 177 2265 222 2294; x_wconf 82' lang='lat' dir='ltr'>Et</span> <span class='ocrx_word' id='word_1_288' title='bbox 246 2267 358 2295; x_wconf 82' lang='lat' dir='ltr'>vacivce</span> <span class='ocrx_word' id='word_1_289' title='bbox 373 2276 472 2301; x_wconf 81' lang='lat' dir='ltr'>aures,</span> <span class='ocrx_word' id='word_1_290' title='bbox 497 2271 533 2295; x_wconf 81' lang='lat' dir='ltr'>ut</span> <span class='ocrx_word' id='word_1_291' title='bbox 560 2270 674 2302; x_wconf 86' lang='lat' dir='ltr'>noster,</span> <span class='ocrx_word' id='word_1_292' title='bbox 702 2274 761 2294; x_wconf 80' lang='lat' dir='ltr'>ver.</span> <span class='ocrx_word' id='word_1_293' title='bbox 778 2266 828 2295; x_wconf 75' lang='lat'><strong><em>45.</em></strong></span> <span class='ocrx_word' id='word_1_294' title='bbox 850 2265 909 2293; x_wconf 90' lang='lat' dir='ltr'>hu-</span> 
     </span>
     <span class='ocr_line' id='line_1_50' title="bbox 175 2315 910 2354; baseline -0.001 -10"><span class='ocrx_word' id='word_1_295' title='bbox 175 2315 263 2354; x_wconf 80' lang='lat' dir='ltr'>jusce</span> <span class='ocrx_word' id='word_1_296' title='bbox 289 2315 369 2351; x_wconf 83' lang='lat' dir='ltr'>libri,</span> <span class='ocrx_word' id='word_1_297' title='bbox 402 2327 512 2346; x_wconf 76' lang='lat' dir='ltr'>vacuas</span> <span class='ocrx_word' id='word_1_298' title='bbox 542 2318 654 2346; x_wconf 76' lang='lat' dir='ltr'>aureis.</span> <span class='ocrx_word' id='word_1_299' title='bbox 701 2315 788 2344; x_wconf 89' lang='lat' dir='ltr'>Hinc</span> <span class='ocrx_word' id='word_1_300' title='bbox 815 2315 910 2344; x_wconf 84' lang='lat' dir='ltr'>etiam</span> 
     </span>
     <span class='ocr_line' id='line_1_51' title="bbox 179 2366 910 2406; baseline 0.001 -11"><span class='ocrx_word' id='word_1_301' title='bbox 179 2376 284 2396; x_wconf 81' lang='lat' dir='ltr'>versus</span> <span class='ocrx_word' id='word_1_302' title='bbox 306 2367 480 2405; x_wconf 88' lang='lat' dir='ltr'>Ennianos,</span> <span class='ocrx_word' id='word_1_303' title='bbox 501 2367 593 2406; x_wconf 87' lang='lat' dir='ltr'>apud.</span> <span class='ocrx_word' id='word_1_304' title='bbox 614 2367 678 2397; x_wconf 88' lang='lat' dir='ltr'>Cic.</span> <span class='ocrx_word' id='word_1_305' title='bbox 695 2366 733 2396; x_wconf 83' lang='lat' dir='ltr'>de</span> <span class='ocrx_word' id='word_1_306' title='bbox 750 2372 862 2396; x_wconf 83' lang='lat' dir='ltr'>senect.</span> <span class='ocrx_word' id='word_1_307' title='bbox 882 2370 910 2396; x_wconf 83' lang='lat'><strong><em>6.</em></strong></span> 
     </span>
     <span class='ocr_line' id='line_1_52' title="bbox 181 2417 911 2456; baseline 0 -9"><span class='ocrx_word' id='word_1_308' title='bbox 181 2417 326 2448; x_wconf 80' lang='lat' dir='ltr'>acumine</span> <span class='ocrx_word' id='word_1_309' title='bbox 352 2418 476 2456; x_wconf 86' lang='lat' dir='ltr'>proprio</span> <span class='ocrx_word' id='word_1_310' title='bbox 501 2428 705 2456; x_wconf 71' lang='lat' dir='ltr'>correxeram,</span> <span class='ocrx_word' id='word_1_311' title='bbox 731 2424 800 2456; x_wconf 85' lang='lat' dir='ltr'>post</span> <span class='ocrx_word' id='word_1_312' title='bbox 815 2418 911 2448; x_wconf 81' lang='lat' dir='ltr'>Lam-</span> 
     </span>
     <span class='ocr_line' id='line_1_53' title="bbox 180 2469 436 2499; baseline 0 -1"><span class='ocrx_word' id='word_1_313' title='bbox 180 2469 293 2499; x_wconf 85' lang='lat' dir='ltr'>biuum</span> <span class='ocrx_word' id='word_1_314' title='bbox 317 2474 436 2498; x_wconf 78' lang='lat' dir='ltr'>tamen:</span> 
     </span>
    </p>

    <p class='ocr_par' dir='ltr' id='par_1_29' title="bbox 212 2537 871 2569">
     <span class='ocr_line' id='line_1_54' title="bbox 212 2537 871 2569; baseline 0 -7"><span class='ocrx_word' id='word_1_315' title='bbox 212 2539 272 2569; x_wconf 79' lang='lat' dir='ltr'>Quo</span> <span class='ocrx_word' id='word_1_316' title='bbox 286 2538 357 2563; x_wconf 81' lang='lat' dir='ltr'>vobis</span> <span class='ocrx_word' id='word_1_317' title='bbox 368 2541 484 2568; x_wconf 87' lang='lat' dir='ltr'>mentes,</span> <span class='ocrx_word' id='word_1_318' title='bbox 499 2542 582 2563; x_wconf 75' lang='lat' dir='ltr'>rectae</span> <span class='ocrx_word' id='word_1_319' title='bbox 596 2544 657 2569; x_wconf 79' lang='lat' dir='ltr'>qua:</span> <span class='ocrx_word' id='word_1_320' title='bbox 669 2541 739 2562; x_wconf 81' lang='lat' dir='ltr'>stare</span> <span class='ocrx_word' id='word_1_321' title='bbox 749 2537 871 2562; x_wconf 83' lang='lat' dir='ltr'>solebant</span> 
     </span>
    </p>

    <p class='ocr_par' dir='ltr' id='par_1_30' title="bbox 211 2576 773 2607">
     <span class='ocr_line' id='line_1_55' title="bbox 211 2576 773 2607; baseline -0.004 -4"><span class='ocrx_word' id='word_1_322' title='bbox 211 2578 345 2607; x_wconf 82' lang='lat' dir='ltr'>Antehac,</span> <span class='ocrx_word' id='word_1_323' title='bbox 361 2578 500 2602; x_wconf 84' lang='lat' dir='ltr'>dementes</span> <span class='ocrx_word' id='word_1_324' title='bbox 511 2584 566 2603; x_wconf 85' lang='lat' dir='ltr'>sese</span> <span class='ocrx_word' id='word_1_325' title='bbox 577 2577 678 2602; x_wconf 76' lang='lat' dir='ltr'>flexere</span> <span class='ocrx_word' id='word_1_326' title='bbox 689 2576 773 2602; x_wconf 69' lang='lat' dir='ltr'>viar?</span> 
     </span>
    </p>

    <p class='ocr_par' dir='ltr' id='par_1_31' title="bbox 182 2635 506 2677">
     <span class='ocr_line' id='line_1_56' title="bbox 182 2635 506 2677; baseline 0 -12"><span class='ocrx_word' id='word_1_327' title='bbox 182 2636 291 2677; x_wconf 77' lang='lat' dir='ltr'>Vulgo</span> <span class='ocrx_word' id='word_1_328' title='bbox 306 2635 430 2676; x_wconf 85' lang='lat' dir='ltr'>legitur,</span> <span class='ocrx_word' id='word_1_329' title='bbox 448 2638 506 2666; x_wconf 74' lang='lat' dir='ltr'>via.</span> 
     </span>
    </p>

    <p class='ocr_par' dir='ltr' id='par_1_32' title="bbox 176 2685 910 2832">
     <span class='ocr_line' id='line_1_57' title="bbox 224 2685 910 2719; baseline 0 -2"><span class='ocrx_word' id='word_1_330' title='bbox 224 2688 299 2718; x_wconf 83' lang='lat' dir='ltr'>Ver.</span> <span class='ocrx_word' id='word_1_331' title='bbox 315 2690 387 2719; x_wconf 77' lang='lat'><strong><em>554.</em></strong></span> <span class='ocrx_word' id='word_1_332' title='bbox 411 2689 533 2717; x_wconf 76' lang='lat' dir='ltr'>redacta</span> <span class='ocrx_word' id='word_1_333' title='bbox 545 2701 555 2717; x_wconf 93' lang='lat'><strong><em>.·</em></strong></span> <span class='ocrx_word' id='word_1_334' title='bbox 583 2686 619 2716; x_wconf 91' lang='lat' dir='ltr'>P.</span> <span class='ocrx_word' id='word_1_335' title='bbox 635 2685 732 2716; x_wconf 84' lang='lat' dir='ltr'>Vind.</span> <span class='ocrx_word' id='word_1_336' title='bbox 749 2686 789 2716; x_wconf 92' lang='lat' dir='ltr'>V.</span> <span class='ocrx_word' id='word_1_337' title='bbox 806 2686 853 2717; x_wconf 83' lang='lat' dir='ltr'>ed.</span> <span class='ocrx_word' id='word_1_338' title='bbox 873 2687 910 2717; x_wconf 90' lang='grc' dir='ltr'>Β.</span> 
     </span>
     <span class='ocr_line' id='line_1_58' title="bbox 185 2738 909 2780; baseline -0.001 -10"><span class='ocrx_word' id='word_1_339' title='bbox 185 2739 225 2770; x_wconf 86' lang='grc'>0.</span> <span class='ocrx_word' id='word_1_340' title='bbox 249 2746 290 2770; x_wconf 84' lang='lat'>11.</span> <span class='ocrx_word' id='word_1_341' title='bbox 322 2744 356 2771; x_wconf 85' lang='grc' dir='ltr'>Σ.</span> <span class='ocrx_word' id='word_1_342' title='bbox 388 2738 683 2780; x_wconf 78' lang='lat' dir='ltr'>reducta.—forent:</span> <span class='ocrx_word' id='word_1_343' title='bbox 724 2738 764 2769; x_wconf 92' lang='lat' dir='ltr'><strong><em>G.</em></strong></span> <span class='ocrx_word' id='word_1_344' title='bbox 793 2738 832 2769; x_wconf 88' lang='lat' dir='ltr'>L.</span> <span class='ocrx_word' id='word_1_345' title='bbox 863 2739 909 2769; x_wconf 86' lang='lat' dir='ltr'><strong><em>M.</em></strong></span> 
     </span>
     <span class='ocr_line' id='line_1_59' title="bbox 176 2793 291 2832; baseline 0 -10"><span class='ocrx_word' id='word_1_346' title='bbox 176 2793 291 2832; x_wconf 70' lang='lat' dir='ltr'>fovent.</span> 
     </span>
    </p>

    <p class='ocr_par' dir='ltr' id='par_1_33' title="bbox 189 2841 910 2936">
     <span class='ocr_line' id='line_1_60' title="bbox 190 2841 910 2886; baseline 0 -14"><span class='ocrx_word' id='word_1_347' title='bbox 190 2878 194 2882; x_wconf 90' lang='lat'><strong><em>.</em></strong></span> <span class='ocrx_word' id='word_1_348' title='bbox 226 2843 303 2884; x_wconf 67' lang='lat' dir='ltr'>Ver.</span> <span class='ocrx_word' id='word_1_349' title='bbox 329 2845 401 2874; x_wconf 86' lang='lat'><strong><em>556.</em></strong></span> <span class='ocrx_word' id='word_1_350' title='bbox 412 2845 530 2886; x_wconf 81' lang='lat' dir='ltr'>finem:</span> <span class='ocrx_word' id='word_1_351' title='bbox 557 2842 600 2872; x_wconf 90' lang='lat' dir='ltr'>sic</span> <span class='ocrx_word' id='word_1_352' title='bbox 623 2842 658 2872; x_wconf 92' lang='lat' dir='ltr'>P.</span> <span class='ocrx_word' id='word_1_353' title='bbox 675 2842 717 2872; x_wconf 88' lang='lat' dir='ltr'><strong><em>V.</em></strong></span> <span class='ocrx_word' id='word_1_354' title='bbox 740 2841 787 2872; x_wconf 90' lang='lat' dir='ltr'>ed.</span> <span class='ocrx_word' id='word_1_355' title='bbox 811 2841 858 2872; x_wconf 85' lang='lat' dir='ltr'><strong><em>M.</em></strong></span> <span class='ocrx_word' id='word_1_356' title='bbox 871 2842 910 2872; x_wconf 93' lang='grc' dir='ltr'>Ο.</span> 
     </span>
     <span class='ocr_line' id='line_1_61' title="bbox 189 2892 910 2936; baseline 0 -13"><span class='ocrx_word' id='word_1_357' title='bbox 189 2896 223 2923; x_wconf 86' lang='grc' dir='ltr'>Δ.</span> <span class='ocrx_word' id='word_1_358' title='bbox 234 2895 328 2934; x_wconf 77' lang='lat' dir='ltr'>finis,</span> <span class='ocrx_word' id='word_1_359' title='bbox 352 2894 450 2925; x_wconf 81' lang='lat' dir='ltr'>vind.</span> <span class='ocrx_word' id='word_1_360' title='bbox 464 2895 502 2926; x_wconf 86' lang='lat' dir='ltr'><strong><em>L.</em></strong></span> <span class='ocrx_word' id='word_1_361' title='bbox 518 2895 555 2926; x_wconf 87' lang='grc' dir='ltr'>Β.</span> <span class='ocrx_word' id='word_1_362' title='bbox 574 2900 614 2924; x_wconf 82' lang='grc' dir='ltr'>Π.</span> <span class='ocrx_word' id='word_1_363' title='bbox 632 2898 666 2926; x_wconf 74' lang='grc' dir='ltr'>Σ.</span> <span class='ocrx_word' id='word_1_364' title='bbox 678 2894 762 2936; x_wconf 80' lang='lat' dir='ltr'>fine,</span> <span class='ocrx_word' id='word_1_365' title='bbox 787 2893 827 2924; x_wconf 93' lang='lat' dir='ltr'><strong><em>G.</em></strong></span> <span class='ocrx_word' id='word_1_366' title='bbox 843 2892 910 2923; x_wconf 86' lang='lat' dir='ltr'>vul-</span> 
     </span>
    </p>
   </div>
   <div class='ocr_carea' id='block_1_23' title="bbox 893 2937 965 2968">
    <p class='ocr_par' dir='ltr' id='par_1_34' title="bbox 893 2937 965 2968">
     <span class='ocr_line' id='line_1_62' title="bbox 893 2937 965 2968; baseline -0.028 0"><span class='ocrx_word' id='word_1_367' title='bbox 893 2937 965 2968; x_wconf 82' lang='lat' dir='ltr'>H3</span> 
     </span>
    </p>
   </div>
   <div class='ocr_carea' id='block_1_24' title="bbox 954 2044 1689 2394">
    <p class='ocr_par' dir='ltr' id='par_1_35' title="bbox 954 2044 1689 2394">
     <span class='ocr_line' id='line_1_63' title="bbox 1000 2044 1686 2084; baseline 0.004 -10"><span class='ocrx_word' id='word_1_368' title='bbox 1000 2045 1073 2074; x_wconf 79' lang='lat' dir='ltr'>Ver.</span> <span class='ocrx_word' id='word_1_369' title='bbox 1088 2047 1159 2075; x_wconf 87' lang='lat'><strong><em>557.</em></strong></span> <span class='ocrx_word' id='word_1_370' title='bbox 1184 2044 1224 2074; x_wconf 83' lang='lat' dir='ltr'>In</span> <span class='ocrx_word' id='word_1_371' title='bbox 1241 2046 1321 2075; x_wconf 88' lang='lat' dir='ltr'>hanc</span> <span class='ocrx_word' id='word_1_372' title='bbox 1336 2045 1622 2084; x_wconf 86' lang='lat' dir='ltr'>prudentissimam,</span> <span class='ocrx_word' id='word_1_373' title='bbox 1640 2053 1686 2077; x_wconf 89' lang='lat' dir='ltr'>at-</span> 
     </span>
     <span class='ocr_line' id='line_1_64' title="bbox 954 2096 1689 2136; baseline 0.003 -10"><span class='ocrx_word' id='word_1_374' title='bbox 954 2107 1014 2136; x_wconf 92' lang='lat' dir='ltr'>que</span> <span class='ocrx_word' id='word_1_375' title='bbox 1046 2096 1181 2126; x_wconf 80' lang='lat' dir='ltr'>veritatis</span> <span class='ocrx_word' id='word_1_376' title='bbox 1210 2096 1447 2136; x_wconf 71' lang='lat' dir='ltr'>simplicissima.¹</span> <span class='ocrx_word' id='word_1_377' title='bbox 1479 2099 1689 2129; x_wconf 85' lang='lat' dir='ltr'>universalem</span> 
     </span>
     <span class='ocr_line' id='line_1_65' title="bbox 954 2148 1686 2188; baseline 0.004 -11"><span class='ocrx_word' id='word_1_378' title='bbox 954 2148 1094 2188; x_wconf 85' lang='lat' dir='ltr'>quidem,</span> <span class='ocrx_word' id='word_1_379' title='bbox 1108 2148 1295 2178; x_wconf 83' lang='lat' dir='ltr'>sententiam</span> <span class='ocrx_word' id='word_1_380' title='bbox 1308 2148 1429 2179; x_wconf 87' lang='lat' dir='ltr'>dudum</span> <span class='ocrx_word' id='word_1_381' title='bbox 1441 2149 1599 2179; x_wconf 78' lang='lat' dir='ltr'>Pindarus</span> <span class='ocrx_word' id='word_1_382' title='bbox 1610 2160 1686 2180; x_wconf 88' lang='lat' dir='ltr'>con-</span> 
     </span>
     <span class='ocr_line' id='line_1_66' title="bbox 955 2199 1687 2240; baseline 0.003 -12"><span class='ocrx_word' id='word_1_383' title='bbox 955 2205 1085 2229; x_wconf 83' lang='lat' dir='ltr'>cesserat</span> <span class='ocrx_word' id='word_1_384' title='bbox 1093 2211 1101 2236; x_wconf 89' lang='lat'>;</span> <span class='ocrx_word' id='word_1_385' title='bbox 1129 2200 1219 2240; x_wconf 82' lang='lat' dir='ltr'>cujus</span> <span class='ocrx_word' id='word_1_386' title='bbox 1241 2210 1346 2229; x_wconf 73' lang='lat' dir='ltr'>versus</span> <span class='ocrx_word' id='word_1_387' title='bbox 1369 2199 1462 2239; x_wconf 83' lang='lat' dir='ltr'>longe</span> <span class='ocrx_word' id='word_1_388' title='bbox 1483 2199 1687 2238; x_wconf 81' lang='lat' dir='ltr'>pulcherrimi</span> 
     </span>
     <span class='ocr_line' id='line_1_67' title="bbox 954 2250 1685 2291; baseline 0.003 -12"><span class='ocrx_word' id='word_1_389' title='bbox 954 2251 1002 2280; x_wconf 88' lang='lat' dir='ltr'>his</span> <span class='ocrx_word' id='word_1_390' title='bbox 1017 2250 1283 2288; x_wconf 80' lang='lat' dir='ltr'>annotationibus,</span> <span class='ocrx_word' id='word_1_391' title='bbox 1308 2256 1343 2280; x_wconf 88' lang='lat' dir='ltr'>ut</span> <span class='ocrx_word' id='word_1_392' title='bbox 1365 2261 1539 2289; x_wconf 83' lang='lat' dir='ltr'>purpureus</span> <span class='ocrx_word' id='word_1_393' title='bbox 1557 2251 1685 2291; x_wconf 83' lang='lat' dir='ltr'>quidam</span> 
     </span>
     <span class='ocr_line' id='line_1_68' title="bbox 954 2304 1686 2344; baseline 0.001 -11"><span class='ocrx_word' id='word_1_394' title='bbox 954 2314 1089 2343; x_wconf 83' lang='lat' dir='ltr'>pannus,</span> <span class='ocrx_word' id='word_1_395' title='bbox 1113 2309 1286 2334; x_wconf 88' lang='lat' dir='ltr'>assuentur.</span> <span class='ocrx_word' id='word_1_396' title='bbox 1331 2305 1497 2344; x_wconf 81' lang='lat' dir='ltr'>Leguntur</span> <span class='ocrx_word' id='word_1_397' title='bbox 1520 2310 1626 2334; x_wconf 86' lang='lat' dir='ltr'>autem</span> <span class='ocrx_word' id='word_1_398' title='bbox 1651 2304 1686 2334; x_wconf 87' lang='lat' dir='ltr'>in</span> 
     </span>
     <span class='ocr_line' id='line_1_69' title="bbox 956 2355 1191 2394; baseline -0.009 -8"><span class='ocrx_word' id='word_1_399' title='bbox 956 2355 1047 2394; x_wconf 77' lang='lat' dir='ltr'><strong><em>Pyth.</em></strong></span> <span class='ocrx_word' id='word_1_400' title='bbox 1063 2355 1102 2384; x_wconf 79' lang='lat' dir='ltr'>iv.</span> <span class='ocrx_word' id='word_1_401' title='bbox 1119 2358 1191 2384; x_wconf 75' lang='lat'><strong><em>484.</em></strong></span> 
     </span>
    </p>
   </div>
   <div class='ocr_carea' id='block_1_25' title="bbox 1071 2434 1593 2660">
    <p class='ocr_par' dir='ltr' id='par_1_36' title="bbox 1071 2434 1593 2565">
     <span class='ocr_line' id='line_1_70' title="bbox 1071 2434 1438 2469; baseline 0 -9"><span class='ocrx_word' id='word_1_402' title='bbox 1071 2434 1169 2467; x_wconf 74' lang='grc' dir='ltr'><em>Ῥᾳδιον</em></span> <span class='ocrx_word' id='word_1_403' title='bbox 1181 2443 1227 2468; x_wconf 68' lang='grc' dir='ltr'>μὲν</span> <span class='ocrx_word' id='word_1_404' title='bbox 1239 2445 1289 2469; x_wconf 74' lang='grc' dir='ltr'>γαρ</span> <span class='ocrx_word' id='word_1_405' title='bbox 1303 2439 1378 2461; x_wconf 58' lang='grc' dir='ltr'><strong><em>πολιν</em></strong></span> <span class='ocrx_word' id='word_1_406' title='bbox 1391 2444 1438 2461; x_wconf 71' lang='grc' dir='ltr'>σει·</span> 
     </span>
     <span class='ocr_line' id='line_1_71' title="bbox 1108 2481 1593 2518; baseline -0.002 -10"><span class='ocrx_word' id='word_1_407' title='bbox 1108 2493 1152 2508; x_wconf 68' lang='grc' dir='ltr'>σοι]</span> <span class='ocrx_word' id='word_1_408' title='bbox 1164 2493 1211 2508; x_wconf 77' lang='grc' dir='ltr'>και</span> <span class='ocrx_word' id='word_1_409' title='bbox 1223 2488 1403 2518; x_wconf 54' lang='grc' dir='ltr'>καυμοτερως·</span> <span class='ocrx_word' id='word_1_410' title='bbox 1423 2481 1481 2508; x_wconf 65' lang='grc' dir='ltr'>αλλ’</span> <span class='ocrx_word' id='word_1_411' title='bbox 1494 2491 1531 2508; x_wconf 67' lang='lat' dir='ltr'>em</span> <span class='ocrx_word' id='word_1_412' title='bbox 1542 2493 1593 2516; x_wconf 70' lang='grc' dir='ltr'>χω-</span> 
     </span>
     <span class='ocr_line' id='line_1_72' title="bbox 1109 2529 1467 2565; baseline -0.003 -9"><span class='ocrx_word' id='word_1_413' title='bbox 1109 2541 1154 2565; x_wconf 73' lang='grc' dir='ltr'>ρας</span> <span class='ocrx_word' id='word_1_414' title='bbox 1169 2531 1236 2559; x_wconf 51' lang='lat' dir='ltr'>uallis</span> <span class='ocrx_word' id='word_1_415' title='bbox 1250 2529 1331 2560; x_wconf 71' lang='grc' dir='ltr'>ἕσσαι,</span> <span class='ocrx_word' id='word_1_416' title='bbox 1347 2530 1467 2558; x_wconf 50' lang='lat' dir='ltr'>bostem&amp;</span> 
     </span>
    </p>

    <p class='ocr_par' dir='ltr' id='par_1_37' title="bbox 1071 2577 1359 2609">
     <span class='ocr_line' id='line_1_73' title="bbox 1071 2577 1359 2609; baseline 0 -6"><span class='ocrx_word' id='word_1_417' title='bbox 1071 2577 1111 2607; x_wconf 72' lang='grc' dir='ltr'>Δη</span> <span class='ocrx_word' id='word_1_418' title='bbox 1126 2588 1220 2609; x_wconf 55' lang='lat' dir='ltr'>sstem-m</span> <span class='ocrx_word' id='word_1_419' title='bbox 1235 2580 1359 2609; x_wconf 60' lang='grc' dir='ltr'>εξατινοις,</span> 
     </span>
    </p>

    <p class='ocr_par' dir='ltr' id='par_1_38' title="bbox 1071 2622 1492 2660">
     <span class='ocr_line' id='line_1_74' title="bbox 1071 2622 1492 2660; baseline 0 -10"><span class='ocrx_word' id='word_1_420' title='bbox 1071 2627 1102 2651; x_wconf 77' lang='lat' dir='ltr'>Et</span> <span class='ocrx_word' id='word_1_421' title='bbox 1112 2636 1151 2658; x_wconf 76' lang='grc' dir='ltr'>μη</span> <span class='ocrx_word' id='word_1_422' title='bbox 1165 2627 1226 2652; x_wconf 77' lang='grc' dir='ltr'>Θεσς</span> <span class='ocrx_word' id='word_1_423' title='bbox 1242 2626 1391 2657; x_wconf 47' lang='lat' dir='ltr'>&amp;yart-orsam</span> <span class='ocrx_word' id='word_1_424' title='bbox 1406 2622 1492 2660; x_wconf 62' lang='grc' dir='ltr'>ινξερ-</span> 
     </span>
    </p>
   </div>
   <div class='ocr_carea' id='block_1_26' title="bbox 1110 2681 1310 2706">
    <p class='ocr_par' dir='ltr' id='par_1_39' title="bbox 1110 2681 1310 2706">
     <span class='ocr_line' id='line_1_75' title="bbox 1110 2681 1310 2706; baseline -0.005 -8"><span class='ocrx_word' id='word_1_425' title='bbox 1110 2682 1185 2706; x_wconf 66' lang='grc' dir='ltr'><strong><em>νοετηρ</em></strong></span> <span class='ocrx_word' id='word_1_426' title='bbox 1201 2681 1310 2702; x_wconf 63' lang='grc' dir='ltr'>γενηται.</span> 
     </span>
    </p>
   </div>
   <div class='ocr_carea' id='block_1_27' title="bbox 955 2741 1684 2935">
    <p class='ocr_par' dir='ltr' id='par_1_40' title="bbox 955 2741 1684 2935">
     <span class='ocr_line' id='line_1_76' title="bbox 956 2741 1684 2785; baseline 0.005 -15"><span class='ocrx_word' id='word_1_427' title='bbox 956 2741 1059 2771; x_wconf 87' lang='lat' dir='ltr'>Probe</span> <span class='ocrx_word' id='word_1_428' title='bbox 1074 2741 1265 2771; x_wconf 83' lang='lat' dir='ltr'>scholiastes:</span> <span class='ocrx_word' id='word_1_429' title='bbox 1294 2748 1330 2772; x_wconf 83' lang='lat' dir='ltr'>To</span> <span class='ocrx_word' id='word_1_430' title='bbox 1345 2756 1395 2782; x_wconf 77' lang='grc' dir='ltr'>μεν</span> <span class='ocrx_word' id='word_1_431' title='bbox 1408 2756 1465 2785; x_wconf 70' lang='grc' dir='ltr'>γαρ</span> <span class='ocrx_word' id='word_1_432' title='bbox 1479 2741 1614 2774; x_wconf 55' lang='lat' dir='ltr'>&amp;tamtam</span> <span class='ocrx_word' id='word_1_433' title='bbox 1631 2756 1684 2775; x_wconf 69' lang='lat' dir='ltr'>ru·</span> 
     </span>
     <span class='ocr_line' id='line_1_77' title="bbox 956 2793 1684 2836; baseline 0.003 -13"><span class='ocrx_word' id='word_1_434' title='bbox 956 2799 999 2823; x_wconf 70' lang='grc' dir='ltr'>λιν</span> <span class='ocrx_word' id='word_1_435' title='bbox 1015 2806 1066 2823; x_wconf 72' lang='grc' dir='ltr'>και</span> <span class='ocrx_word' id='word_1_436' title='bbox 1082 2806 1138 2826; x_wconf 69' lang='grc' dir='ltr'>τοις</span> <span class='ocrx_word' id='word_1_437' title='bbox 1164 2795 1359 2836; x_wconf 68' lang='grc' dir='ltr'>ασέενεστερσις</span> <span class='ocrx_word' id='word_1_438' title='bbox 1375 2793 1464 2836; x_wconf 67' lang='grc' dir='ltr'><strong><em>ῥᾳδιον</em></strong></span> <span class='ocrx_word' id='word_1_439' title='bbox 1484 2807 1555 2830; x_wconf 76' lang='grc' dir='ltr'><strong><em>εστι,</em></strong></span> <span class='ocrx_word' id='word_1_440' title='bbox 1579 2809 1622 2834; x_wconf 77' lang='grc' dir='ltr'>μη</span> <span class='ocrx_word' id='word_1_441' title='bbox 1646 2800 1684 2825; x_wconf 82' lang='grc' dir='ltr'>ΤΙ</span> 
     </span>
     <span class='ocr_line' id='line_1_78' title="bbox 957 2842 1683 2885; baseline 0 -13"><span class='ocrx_word' id='word_1_442' title='bbox 957 2855 991 2882; x_wconf 66' lang='grc' dir='ltr'>γί</span> <span class='ocrx_word' id='word_1_443' title='bbox 1016 2842 1048 2876; x_wconf 67' lang='grc' dir='ltr'>δη</span> <span class='ocrx_word' id='word_1_444' title='bbox 1076 2856 1131 2876; x_wconf 66' lang='lat'><em>‘⁷013</em></span> <span class='ocrx_word' id='word_1_445' title='bbox 1160 2856 1184 2873; x_wconf 70' lang='grc' dir='ltr'>ἰν</span> <span class='ocrx_word' id='word_1_446' title='bbox 1207 2842 1319 2884; x_wconf 61' lang='grc' dir='ltr'>δυναμξί</span> <span class='ocrx_word' id='word_1_447' title='bbox 1341 2858 1481 2885; x_wconf 68' lang='grc' dir='ltr'>κὶΙμξνθΙς.</span> <span class='ocrx_word' id='word_1_448' title='bbox 1529 2844 1579 2874; x_wconf 73' lang='lat' dir='ltr'>Sic</span> <span class='ocrx_word' id='word_1_449' title='bbox 1594 2853 1683 2883; x_wconf 73' lang='lat' dir='ltr'>repo·</span> 
     </span>
     <span class='ocr_line' id='line_1_79' title="bbox 955 2893 1679 2935; baseline 0 -9"><span class='ocrx_word' id='word_1_450' title='bbox 955 2893 1097 2924; x_wconf 84' lang='lat' dir='ltr'>nendum</span> <span class='ocrx_word' id='word_1_451' title='bbox 1121 2900 1182 2934; x_wconf 81' lang='lat' dir='ltr'>est3</span> <span class='ocrx_word' id='word_1_452' title='bbox 1213 2895 1361 2928; x_wconf 82' lang='lat' dir='ltr'>mendose</span> <span class='ocrx_word' id='word_1_453' title='bbox 1386 2896 1614 2933; x_wconf 75' lang='lat' dir='ltr'>circumfertur,</span> <span class='ocrx_word' id='word_1_454' title='bbox 1637 2909 1679 2935; x_wconf 67' lang='grc' dir='ltr'>μυ</span> 
     </span>
    </p>
   </div>
  </div>
 </body>
</html>
