1894 3253
584 268 819 317 LIBER
868 267 1286 317 SECUNDUS.

1587 280 1680 318 233

205 405 286 442 195
320 401 496 451 Emicat,
530 402 736 443 exsultans
758 400 852 450 alte,
886 400 1123 457 spargitque
1144 414 1346 442 cruorem.

316 477 468 517 Nonne
488 475 599 516 vides
621 476 760 526 etiam,
793 474 946 530 quanta
968 474 1007 514 vi
1029 474 1160 530 tigna,
1193 474 1442 531 trabeisque,

208 635 421 671 Καλλιτραιτεζος,
451 645 497 661 zou
521 637 655 668 βελομενος
684 639 788 669 λιπαρόν
823 634 902 667 {nu-ou

329 692 482 709 zoe‘roeaetviw.

169 746 287 776 Omnia
298 755 410 786 susque
425 744 525 785 deque
541 744 646 774 habita
662 745 696 774 in
712 744 816 784 priore
830 754 898 773 ver-

166 807 203 826 su
218 796 387 836 conspicis3
411 796 464 826 sed
479 796 512 826 hi
527 795 684 826 tumultus
700 795 901 826 librariorum

161 847 249 887 jactu
265 847 431 886 pulvisculi
443 848 611 888 quiescent.
659 847 781 877 Scribe:

182 911 268 940 Κέδεις
282 921 318 937 coa
330 912 404 938 ’ΣΤΙ
417 923 462 937 των
474 912 762 941 ΠΛΟΥΤΟΥΝΤΩΝ,
788 921 832 944 μοι
849 921 889 937 τον

297 960 444 992 Ἥφαιστον,
465 970 610 994 προςομοιος.

164 1014 227 1045 Sed
242 1013 440 1044 redeundum
453 1020 499 1044 est
511 1014 600 1044 nobis
615 1013 649 1043 in
665 1013 839 1052 pistrinam.

204 1066 363 1097 Ver.l94.
387 1077 493 1105 quom:
519 1065 563 1095 sic
584 1064 729 1102 fideliter,
755 1069 789 1095 Σ.
812 1064 898 1105 quod

161 1116 399 1156 rarius—quom
417 1119 542 1147 missus:
576 1122 611 1146 Δ.
629 1123 672 1146 Π.
696 1118 893 1152 commz'ssus;

160 1168 344 1208 antiquioris
353 1168 522 1207 scripturae,
546 1174 582 1198 ut
597 1167 732 1206 videtur,
749 1168 825 1198 levis
840 1168 894 1198 de-

161 1220 311 1259 pravatio.

203 1270 283 1300 Ibid.
319 1273 405 1305 Quod
425 1282 531 1311 genus.
576 1270 629 1300 De
653 1271 711 1300 hac
739 1269 891 1307 formula,

159 1322 227 1352 vide
241 1322 282 1352 ad
297 1323 336 1352 iv.
354 1326 423 1354 759.
444 1327 603 1363 congesta.

201 1374 285 1404 Ibid.
308 1376 419 1404 missus
441 1376 578 1414 sanguis.
626 1373 678 1403 Ita
699 1373 826 1403 locutus
846 1380 890 1404 est

155 1425 282 1456 Ennius
310 1426 344 1455 in
375 1426 486 1466 Ajace,
519 1425 603 1464 apud
634 1425 777 1463 Festum,
816 1435 893 1455 voce

159 1478 287 1512 Tullios,
322 1477 356 1506 in
379 1477 583 1515 anapaesticis,
617 1486 695 1517 quos
729 1476 773 1506 ita
799 1478 894 1515 probe

156 1529 339 1566 constitum,
362 1528 396 1557 ni
418 1528 521 1565 fallor,
545 1534 576 1558 et
591 1527 754 1558 emendes:
783 1531 806 1546 “
822 1528 890 1557 En-

159 1586 180 1599 “
198 1582 270 1613 nius
285 1583 318 1612 in
337 1583 449 1623 Ajace:

574 1647 602 1668 at
616 1644 665 1668 'am

249 1682 269 1695 “
280 1681 357 1706 Misso
365 1681 489 1713 sanguine
500 1682 592 1714 tepido
605 1652 707 1708 gruniei

250 1722 269 1734 “
281 1720 414 1745 Ecflantes
423 1721 571 1746 volitant.”

155 1771 196 1801 In
211 1770 313 1808 editis,
337 1773 422 1812 Ajax
437 1777 469 1801 et
484 1774 594 1802 volant.
640 1772 692 1802 Sic
717 1773 813 1803 etiam
831 1773 888 1804 Se-

154 1832 242 1859 neca,
258 1821 297 1851 de
312 1822 402 1852 clem.
419 1822 438 1852 i.
456 1826 484 1853 5.
504 1823 667 1861 Lucanus,
684 1824 722 1853 vi.
738 1828 811 1856 299.
829 1835 887 1855 nec

153 1873 282 1911 mirum,
306 1884 406 1913 quum
434 1874 474 1903 sit
498 1875 640 1904 technica
655 1876 784 1914 phrasis,
812 1876 886 1906 artis

154 1923 284 1954 medicae
308 1925 506 1963 scriptoribus
528 1936 680 1966 perquam
709 1926 882 1958 familiaris.

155 1975 207 2005 Ita
225 1975 344 2012 Celsus,
368 1976 407 2006 vi.
427 1980 475 2006 14.
520 1981 542 1995 “
561 1977 673 2018 Itaque
687 1978 721 2008 in
736 1980 804 2015 hac,
829 1981 884 2009 ab·

154 2030 174 2045 “
191 2026 337 2056 stinentia
352 2027 523 2058 necessaria
539 2035 596 2067 est,
614 2035 645 2059 et
658 2032 786 2070 sanguis
802 2037 883 2060 recte

156 2085 179 2099 “
195 2082 360 2112 mittilur.''

197 2133 271 2163 Ver.
290 2136 360 2165 195.
378 2137 511 2166 Enu’cat.
548 2135 582 2165 Si
598 2135 673 2176 quid
689 2136 810 2166 valeam
822 2137 884 2167 dis-

154 2184 254 2224 picere
278 2185 361 2216 inter
384 2197 492 2217 rerum
515 2189 657 2218 tenebras
673 2194 704 2217 et
725 2188 887 2220 silentium

153 2236 444 2274 grammaticorum,
468 2241 562 2277 mica,
585 2250 604 2268 a
626 2253 732 2278 μικκος
760 2240 887 2270 Dorum

154 2285 322 2324 profluens,
346 2294 393 2318 est
409 2291 526 2330 ψιχιον,
549 2290 596 2319 vel
621 2292 751 2331 ’ψῆγμα-
776 2291 884 2321 minu-

155 2336 275 2366 tissima
290 2339 405 2369 scilicet
413 2341 560 2380 quaelibet
571 2342 730 2380 particula.
777 2344 882 2380 Unde,

153 2396 254 2426 quum
268 2387 345 2418 tales
367 2389 488 2428 impetu
514 2392 678 2433 celerrimo
704 2393 883 2433 mittantur,

153 2437 233 2466 valet
247 2441 356 2469 emicat
368 2440 494 2479 saepius,
508 2444 646 2473 velociter
657 2447 802 2482 prosilire
808 2461 819 2481 ;
846 2457 882 2476 ac

154 2500 290 2527 rursum,
314 2492 354 2519 ob
370 2491 471 2521 radios
482 2492 560 2522 lucis
574 2495 782 2534 parvissimos,
798 2497 881 2527 velo-

152 2542 274 2571 cissime
298 2542 503 2581 provolantes,
528 2545 682 2585 significat
705 2549 880 2586 splendere:

151 2599 191 2628 et,
216 2593 361 2633 denique,
385 2595 424 2624 ob
440 2595 564 2625 facilem
580 2597 696 2627 levium
710 2597 880 2638 >corpuscu-

150 2645 253 2675 lorum
270 2652 403 2682 motum‚
428 2650 544 2679 vibrare
558 2649 604 2678 vel
616 2652 780 2690 palpitare.
804 2653 880 2683 Vir-

150 2697 307 2737 gilianum
332 2698 422 2735 illud,
445 2710 513 2740 geo.
542 2701 585 2731 iii.
607 2705 657 2731 84.
678 2705 771 2734 micat
792 2708 880 2736 auri-

151 2751 216 2787 bus,
248 2751 406 2781 verissime
437 2752 586 2792 Heynius
616 2763 798 2793 exposuerat
827 2768 882 2796 per

151 2802 307 2831 celerrime
323 2809 495 2839 mellentum
523 2814 597 2833 cum
611 2815 685 2835 vero
708 2806 806 2846 addit,
828 2821 880 2838 ar-

152 2853 307 2891 rigantur,
330 2855 437 2884 omnia
453 2857 633 2896 corrumpit.

154 2902 322 2941 Caeterum,
353 2905 386 2935 in
410 2907 471 2947 hoc
500 2907 570 2937 loco
603 2919 694 2938 cruor
717 2912 879 2950 sanguinis

151 2962 206 2992 per
220 2953 459 2988 redundantiam
483 2959 637 2990 sermonis
660 2960 698 2990 iis
725 2961 877 3001 similem,

948 629 1062 670 quibus
1077 630 1323 670 significavimus
1344 631 1384 662 ad
1400 632 1418 662 i.
1449 635 1538 663 1030.
1555 632 1616 663 dici
1632 633 1676 663 vi-

945 680 1046 711 detur.
1092 681 1229 717 Qualem
1255 682 1489 714 distinctionem
1518 695 1677 725 gramma·

945 731 997 762 tici
1020 732 1187 763 voluerunt
1211 734 1417 773 comminisci,
1441 746 1481 765 an
1497 742 1588 772 recte,
1613 745 1677 766 non

944 793 1053 813 meum
1069 791 1115 814 est
1129 790 1247 815 temere
1270 785 1454 826 dijudicare,
1478 787 1589 817 malim
1612 786 1678 817 dis-

945 846 996 866 cas
1012 837 1051 866 ab
1068 836 1202 875 Isidoro,
1227 837 1325 878 origg.
1342 837 1384 868 xi.
1405 842 1431 868 l.
1451 850 1480 878 p.
1504 843 1596 871 1099.
1622 839 1676 869 im.

944 894 1037 929 atque
1056 888 1174 927 Servio,
1199 889 1239 919 ad
1257 890 1332 920 AEn.
1348 890 1410 920 viii.
1437 894 1505 922 106.
1530 902 1570 921 ne
1585 891 1677 929 forte,

945 940 1023 971 dum
1043 941 1169 981 singula
1183 942 1474 981 circumvectamur,
1498 944 1532 973 in
1558 943 1676 973 molem

944 992 1088 1022 insanam
1103 992 1136 1022 hi
1152 994 1370 1023 commentarii
1380 993 1558 1025 dilatentur.
1606 994 1675 1025 Ad-

943 1042 1016 1073 dam
1032 1043 1131 1073 nihilo
1143 1044 1250 1074 minus
1264 1044 1446 1083 Lucanum,
1470 1046 1489 1076 i.
1506 1050 1578 1078 619.

1262 1118 1406 1150 gelidoque
1416 1118 1519 1144 infecta
1529 1127 1627 1150 cruore,

970 1156 1100 1180 Plurimus
1111 1158 1235 1188 adsperso
1248 1158 1366 1183 variabat
1378 1159 1501 1191 sanguine
1513 1159 1590 1184 livor:

940 1225 970 1249 et
988 1219 1210 1256 Columellam,
1222 1230 1251 1250 x,
1269 1224 1340 1251 402.
1359 1222 1473 1260 pariter
1489 1233 1578 1253 voces
1593 1223 1671 1254 soci-

939 1278 1046 1302 antem
1060 1285 1066 1302 z

1001 1346 1122 1371 Candida
1132 1347 1270 1379 sanguineo
1281 1352 1374 1373 manat
1385 1348 1485 1374 fiscella
1496 1357 1592 1374 cruore.

941 1403 1041 1433 Haud
1057 1403 1089 1433 in
1106 1404 1271 1443 propatulo
1286 1411 1346 1435 stat
1360 1405 1410 1435 via
1425 1416 1497 1436 vera
1511 1413 1671 1436 construc-

939 1455 1034 1485 tionis
1057 1455 1098 1485 ad
1120 1455 1196 1486 dicti
1218 1456 1341 1487 Lucani
1357 1457 1410 1488 lib.
1434 1458 1485 1488 vii.
1507 1468 1568 1489 ver.
1594 1462 1666 1489 856.

938 1507 1080 1548 adeoque
1095 1508 1265 1547 prudenter
1287 1510 1440 1550 interpres
1455 1510 1670 1551 unusquisque

938 1557 1202 1589 dissimulatorem
1217 1560 1296 1600 agit:

969 1625 1058 1649 Omne
1068 1631 1164 1649 nemus
1175 1625 1247 1649 misit
1258 1626 1391 1657 volucrc8‚
1409 1628 1551 1659 omnisque
1562 1628 1668 1652 cruenta

967 1663 1038 1688 Alite
1048 1664 1193 1695 sanguineis
1203 1665 1313 1689 stillavit
1325 1666 1427 1691 roribus
1439 1668 1527 1692 arbor.

938 1720 1026 1751 Ordo
1051 1727 1106 1758 est,
1131 1722 1165 1751 ni
1189 1722 1293 1754 fallor:
1331 1727 1353 1742 “
1371 1724 1550 1766 Omnisque
1576 1727 1668 1755 arbor

936 1775 959 1790 “
974 1772 1101 1803 stillavit
1116 1773 1238 1804 roribus
1265 1779 1345 1816 (non
1361 1776 1484 1806 usitatis
1499 1776 1567 1817 sed)
1595 1787 1667 1806 san-

934 1826 956 1841 “
972 1823 1097 1863 guineis
1125 1824 1199 1854 alite
1229 1825 1401 1856 cruenta:”
1434 1827 1455 1857 i.
1483 1838 1509 1858 e.
1543 1834 1668 1867 propter

932 1880 1096 1904 cruentam
1112 1874 1229 1907 alitem.
1273 1877 1405 1908 Poteras
1427 1879 1467 1909 ad
1488 1880 1574 1909 hunc
1597 1889 1666 1910 mo-

933 1925 1024 1957 dum:
1052 1930 1074 1945 ‘⁶
1093 1927 1208 1957 Omnis
1220 1930 1321 1965 arbor,
1346 1937 1475 1960 cruenta
1489 1931 1574 1969 alite,
1598 1931 1665 1962 stil-

936 1981 956 1994 “
970 1977 1124 2008 lavit—:'’
1148 1989 1205 2009 nec
1224 1985 1342 2010 temere
1357 1981 1460 2011 dicam
1486 1992 1572 2020 sane,
1595 1988 1667 2012 utra

932 2028 994 2057 utri
1010 2035 1165 2059 structura
1179 2030 1374 2069 praescrenda
1389 2032 1436 2062 sit.

930 2080 1090 2121 Denique,
1117 2092 1190 2112 cum
1214 2082 1404 2114 dictionibus
1420 2086 1547 2115 Emicat
1566 2087 1663 2116 exsul-

928 2141 998 2165 tans
1015 2149 1048 2166 ‘70
1059 2137 1119 2166 alte
1129 2136 1382 2167 additamentum
1397 2149 1662 2178 supervacaneum

930 2185 1027 2216 videri
1043 2187 1150 2226 possit,
1174 2187 1254 2218 forte
1269 2199 1309 2218 an
1328 2189 1428 2220 Carus
1443 2189 1577 2220 dederit:

961 2254 1066 2278 Emicat
1077 2254 1226 2286 exsultans,
1242 2256 1293 2280 late
1299 2256 1453 2288 spargitque
1463 2263 1599 2282 cruorem.

930 2311 1083 2342 Confer-as
1097 2322 1158 2342 ver.
1184 2316 1276 2343 1125.
1305 2319 1341 2343 ut
1355 2313 1411 2344 alii
1426 2314 1542 2353 passim
1564 2313 1660 2344 locuti

927 2369 1014 2393 sunt:
1042 2370 1074 2394 et
1097 2365 1165 2394 haec
1192 2366 1344 2396 vocabula
1367 2366 1443 2396 alias
1473 2367 1660 2397 commutari

927 2415 960 2444 in
973 2416 1152 2446 certissimis
1166 2422 1220 2448 est.
1245 2417 1408 2458 Virgilius,
1427 2419 1501 2449 AEn.
1518 2419 1570 2448 xii.
1586 2423 1658 2449 308.

1152 2488 1237 2516 sparso
1248 2485 1298 2510 late
1308 2487 1378 2518 rigat
1388 2494 1464 2511 arma
1475 2494 1579 2512 cruore.

970 2542 1043 2573 Ver.
1061 2547 1133 2574 196.
1158 2547 1205 2575 vi:
1234 2552 1274 2576 Π.
1292 2548 1342 2581 t'n,·
1371 2547 1516 2587 qualibus
1535 2548 1657 2577 aberra-

926 2593 1063 2623 tionibus
1078 2594 1177 2624 literae
1192 2603 1414 2626 concurrentes
1429 2600 1452 2635 i,
1465 2599 1499 2638 j,
1514 2610 1556 2637 m,
1572 2610 1607 2637 n,
1623 2609 1656 2636 τι,

924 2655 951 2680 υ,
975 2655 1138 2686 nunquam
1164 2657 1228 2676 non
1251 2648 1395 2678 obnoxiae
1417 2655 1492 2678 sunt
1517 2650 1550 2678 in
1570 2649 1656 2680 libris

925 2696 1047 2725 minore
1063 2696 1165 2726 forma
1179 2698 1394 2728 characterum
1416 2700 1559 2730 exaratis.
1606 2700 1654 2730 Si-

924 2746 1040 2776 militer
1066 2750 1100 2777 in
1125 2747 1201 2777 abiit
1226 2749 1260 2779 in
1284 2761 1326 2788 m,
1356 2749 1396 2780 ad
1423 2750 1553 2782 Anthol.
1580 2752 1651 2782 Lat.

925 2796 1036 2827 Burm.
1054 2798 1097 2828 iii.
1111 2802 1181 2829 293.
1198 2802 1246 2830 10.

954 2863 999 2886 Est
1010 2867 1038 2887 et
1049 2864 1186 2895 Maenalio‚
1203 2871 1266 2896 quae
1280 2866 1362 2898 garrit
1373 2867 1452 2893 dulce
1462 2869 1510 2892 sub
1521 2872 1609 2898 antro,

986 2903 1093 2927 Rustica
1104 2904 1214 2935 pastoris
1225 2904 1314 2930 fistula
1324 2906 1350 2931 in
1361 2915 1402 2931 ore
1412 2914 1518 2933 sonans.
1554 2911 1556 2913 ’

924 2961 1044 3003 Vulgo,
1067 2975 1156 2995 more.
1181 2964 1271 2996 Vidit
1286 2966 1382 2998 etiam
1398 2967 1554 3007 Heynius.
1603 2966 1647 2996 Si-

882 3022 949 3059 Qe
