<?xml version="1.0" encoding="UTF-8"?>
<!DOCTYPE html PUBLIC "-//W3C//DTD XHTML 1.0 Transitional//EN"
    "http://www.w3.org/TR/xhtml1/DTD/xhtml1-transitional.dtd">
<html xmlns="http://www.w3.org/1999/xhtml" xml:lang="en" lang="en">
 <head>
  <title>
</title>
<meta http-equiv="Content-Type" content="text/html;charset=utf-8" />
  <meta name='ocr-system' content='tesseract 3.04.00' />
  <meta name='ocr-capabilities' content='ocr_page ocr_carea ocr_par ocr_line ocrx_word'/>
</head>
<body>
  <div class='ocr_page' id='page_1' title='image "./tlucretiicarider01lucruoft_0362.png"; bbox 0 0 1894 3253; ppageno 0'>
   <div class='ocr_carea' id='block_1_1' title="bbox 194 254 289 296">
    <p class='ocr_par' dir='ltr' id='par_1_1' title="bbox 194 254 289 296">
     <span class='ocr_line' id='line_1_1' title="bbox 194 254 289 296; baseline 0.021 -2"><span class='ocrx_word' id='word_1_1' title='bbox 194 254 289 296; x_wconf 78' lang='lat'><strong>294«</strong></span> 
     </span>
    </p>
   </div>
   <div class='ocr_carea' id='block_1_2' title="bbox 694 249 1175 298">
    <p class='ocr_par' dir='ltr' id='par_1_2' title="bbox 694 249 1175 298">
     <span class='ocr_line' id='line_1_2' title="bbox 694 249 1175 298; baseline 0 -2"><span class='ocrx_word' id='word_1_2' title='bbox 694 251 755 296; x_wconf 89' lang='lat' dir='ltr'>T.</span> <span class='ocrx_word' id='word_1_3' title='bbox 796 249 1175 298; x_wconf 88' lang='lat' dir='ltr'>LUCRETII</span> 
     </span>
    </p>
   </div>
   <div class='ocr_carea' id='block_1_3' title="bbox 335 380 1370 438">
    <p class='ocr_par' dir='ltr' id='par_1_3' title="bbox 335 380 1370 438">
     <span class='ocr_line' id='line_1_3' title="bbox 335 380 1370 438; baseline 0 -14"><span class='ocrx_word' id='word_1_4' title='bbox 335 383 392 424; x_wconf 81' lang='lat' dir='ltr'>Et</span> <span class='ocrx_word' id='word_1_5' title='bbox 411 397 473 422; x_wconf 87' lang='lat' dir='ltr'>res</span> <span class='ocrx_word' id='word_1_6' title='bbox 493 380 702 438; x_wconf 79' lang='lat' dir='ltr'>progigni,</span> <span class='ocrx_word' id='word_1_7' title='bbox 724 388 764 422; x_wconf 91' lang='lat' dir='ltr'>et</span> <span class='ocrx_word' id='word_1_8' title='bbox 783 381 942 438; x_wconf 85' lang='lat' dir='ltr'>genitas</span> <span class='ocrx_word' id='word_1_9' title='bbox 962 396 1220 436; x_wconf 85' lang='lat' dir='ltr'>procrescere</span> <span class='ocrx_word' id='word_1_10' title='bbox 1239 396 1370 437; x_wconf 86' lang='lat' dir='ltr'>posse.</span> 
     </span>
    </p>
   </div>
   <div class='ocr_carea' id='block_1_4' title="bbox 333 455 1400 512">
    <p class='ocr_par' dir='ltr' id='par_1_4' title="bbox 333 455 1400 512">
     <span class='ocr_line' id='line_1_4' title="bbox 333 455 1400 512; baseline 0.004 -17"><span class='ocrx_word' id='word_1_11' title='bbox 333 456 432 496; x_wconf 90' lang='lat' dir='ltr'>Esse</span> <span class='ocrx_word' id='word_1_12' title='bbox 452 455 577 511; x_wconf 90' lang='lat' dir='ltr'>igitur</span> <span class='ocrx_word' id='word_1_13' title='bbox 596 470 748 512; x_wconf 85' lang='lat' dir='ltr'>genere</span> <span class='ocrx_word' id='word_1_14' title='bbox 768 455 810 495; x_wconf 90' lang='lat' dir='ltr'>in</span> <span class='ocrx_word' id='word_1_15' title='bbox 832 470 914 511; x_wconf 92' lang='lat' dir='ltr'>quo</span> <span class='ocrx_word' id='word_1_16' title='bbox 934 456 993 496; x_wconf 87' lang='lat' dir='ltr'>vis</span> <span class='ocrx_word' id='word_1_17' title='bbox 1013 455 1241 510; x_wconf 82' lang='lat' dir='ltr'>primordia</span> <span class='ocrx_word' id='word_1_18' title='bbox 1261 471 1400 499; x_wconf 88' lang='lat' dir='ltr'>rerum</span> 
     </span>
    </p>
   </div>
   <div class='ocr_carea' id='block_1_5' title="bbox 332 529 1396 586">
    <p class='ocr_par' dir='ltr' id='par_1_5' title="bbox 332 529 1396 586">
     <span class='ocr_line' id='line_1_5' title="bbox 332 529 1396 586; baseline 0.004 -17"><span class='ocrx_word' id='word_1_19' title='bbox 332 529 503 570; x_wconf 85' lang='lat' dir='ltr'>Infinita</span> <span class='ocrx_word' id='word_1_20' title='bbox 521 529 655 584; x_wconf 83' lang='lat' dir='ltr'>palam</span> <span class='ocrx_word' id='word_1_21' title='bbox 676 538 751 581; x_wconf 91' lang='lat' dir='ltr'>est,</span> <span class='ocrx_word' id='word_1_22' title='bbox 778 530 889 571; x_wconf 88' lang='lat' dir='ltr'>unde</span> <span class='ocrx_word' id='word_1_23' title='bbox 910 531 1049 571; x_wconf 83' lang='lat' dir='ltr'>omnia</span> <span class='ocrx_word' id='word_1_24' title='bbox 1070 531 1396 586; x_wconf 80' lang='lat' dir='ltr'>subpeditantur.</span> 
     </span>
    </p>
   </div>
   <div class='ocr_carea' id='block_1_6' title="bbox 391 603 1385 661">
    <p class='ocr_par' dir='ltr' id='par_1_6' title="bbox 391 603 1385 661">
     <span class='ocr_line' id='line_1_6' title="bbox 391 603 1385 661; baseline 0.002 -17"><span class='ocrx_word' id='word_1_25' title='bbox 391 603 480 645; x_wconf 91' lang='lat' dir='ltr'>Nec</span> <span class='ocrx_word' id='word_1_26' title='bbox 500 619 691 659; x_wconf 85' lang='lat' dir='ltr'>superare</span> <span class='ocrx_word' id='word_1_27' title='bbox 711 613 867 661; x_wconf 90' lang='lat' dir='ltr'>queunt</span> <span class='ocrx_word' id='word_1_28' title='bbox 887 613 1022 646; x_wconf 87' lang='lat' dir='ltr'>motus</span> <span class='ocrx_word' id='word_1_29' title='bbox 1044 606 1181 661; x_wconf 80' lang='lat' dir='ltr'>itaque</span> <span class='ocrx_word' id='word_1_30' title='bbox 1202 606 1385 647; x_wconf 86' lang='lat' dir='ltr'>exitiales</span> 
     </span>
    </p>
   </div>
   <div class='ocr_carea' id='block_1_7' title="bbox 219 677 1398 736">
    <p class='ocr_par' dir='ltr' id='par_1_7' title="bbox 219 677 1398 736">
     <span class='ocr_line' id='line_1_7' title="bbox 219 677 1398 736; baseline 0.002 -18"><span class='ocrx_word' id='word_1_31' title='bbox 219 679 299 720; x_wconf 79' lang='lat'>570</span> <span class='ocrx_word' id='word_1_32' title='bbox 334 677 559 733; x_wconf 88' lang='lat' dir='ltr'>Perpetuo,</span> <span class='ocrx_word' id='word_1_33' title='bbox 581 695 714 736; x_wconf 90' lang='lat' dir='ltr'>neque</span> <span class='ocrx_word' id='word_1_34' title='bbox 734 681 777 721; x_wconf 93' lang='lat' dir='ltr'>in</span> <span class='ocrx_word' id='word_1_35' title='bbox 798 689 1001 721; x_wconf 87' lang='lat' dir='ltr'>aeternum</span> <span class='ocrx_word' id='word_1_36' title='bbox 1022 680 1190 735; x_wconf 86' lang='lat' dir='ltr'>sepelire</span> <span class='ocrx_word' id='word_1_37' title='bbox 1210 681 1398 722; x_wconf 81' lang='lat' dir='ltr'>salutem:</span> 
     </span>
    </p>
   </div>
   <div class='ocr_carea' id='block_1_8' title="bbox 333 753 1283 812">
    <p class='ocr_par' dir='ltr' id='par_1_8' title="bbox 333 753 1283 812">
     <span class='ocr_line' id='line_1_8' title="bbox 333 753 1283 812; baseline 0.002 -18"><span class='ocrx_word' id='word_1_38' title='bbox 333 753 422 794; x_wconf 89' lang='lat' dir='ltr'>Nec</span> <span class='ocrx_word' id='word_1_39' title='bbox 441 768 567 808; x_wconf 86' lang='lat' dir='ltr'>porro</span> <span class='ocrx_word' id='word_1_40' title='bbox 588 770 726 796; x_wconf 91' lang='lat' dir='ltr'>rerum</span> <span class='ocrx_word' id='word_1_41' title='bbox 746 755 957 812; x_wconf 79' lang='lat' dir='ltr'>genitales,</span> <span class='ocrx_word' id='word_1_42' title='bbox 986 755 1283 810; x_wconf 80' lang='lat' dir='ltr'>auctificeique,</span> 
     </span>
    </p>
   </div>
   <div class='ocr_carea' id='block_1_9' title="bbox 337 827 1242 884">
    <p class='ocr_par' dir='ltr' id='par_1_9' title="bbox 337 827 1242 884">
     <span class='ocr_line' id='line_1_9' title="bbox 337 827 1242 884; baseline 0.002 -16"><span class='ocrx_word' id='word_1_43' title='bbox 337 827 481 869; x_wconf 87' lang='lat' dir='ltr'>Motus</span> <span class='ocrx_word' id='word_1_44' title='bbox 501 836 701 883; x_wconf 85' lang='lat' dir='ltr'>perpetuo</span> <span class='ocrx_word' id='word_1_45' title='bbox 721 838 893 884; x_wconf 87' lang='lat' dir='ltr'>possunt</span> <span class='ocrx_word' id='word_1_46' title='bbox 913 845 1073 871; x_wconf 84' lang='lat' dir='ltr'>servare</span> <span class='ocrx_word' id='word_1_47' title='bbox 1093 838 1242 871; x_wconf 86' lang='lat' dir='ltr'>creata.</span> 
     </span>
    </p>
   </div>
   <div class='ocr_carea' id='block_1_10' title="bbox 333 901 1296 959">
    <p class='ocr_par' dir='ltr' id='par_1_10' title="bbox 333 901 1296 959">
     <span class='ocr_line' id='line_1_10' title="bbox 333 901 1296 959; baseline -0.002 -15"><span class='ocrx_word' id='word_1_48' title='bbox 333 901 402 944; x_wconf 84' lang='lat' dir='ltr'>Sic</span> <span class='ocrx_word' id='word_1_49' title='bbox 422 916 542 957; x_wconf 88' lang='lat' dir='ltr'>aequo</span> <span class='ocrx_word' id='word_1_50' title='bbox 561 903 719 959; x_wconf 88' lang='lat' dir='ltr'>geritur</span> <span class='ocrx_word' id='word_1_51' title='bbox 738 904 960 945; x_wconf 84' lang='lat' dir='ltr'>certamine</span> <span class='ocrx_word' id='word_1_52' title='bbox 979 903 1296 958; x_wconf 85' lang='lat' dir='ltr'>principiorum,</span> 
     </span>
    </p>
   </div>
   <div class='ocr_carea' id='block_1_11' title="bbox 332 975 1271 1033">
    <p class='ocr_par' dir='ltr' id='par_1_11' title="bbox 332 975 1271 1033">
     <span class='ocr_line' id='line_1_11' title="bbox 332 975 1271 1033; baseline -0.001 -16"><span class='ocrx_word' id='word_1_53' title='bbox 332 975 401 1017; x_wconf 87' lang='lat' dir='ltr'>Ex</span> <span class='ocrx_word' id='word_1_54' title='bbox 421 976 585 1018; x_wconf 90' lang='lat' dir='ltr'>infinito</span> <span class='ocrx_word' id='word_1_55' title='bbox 605 986 863 1019; x_wconf 82' lang='lat' dir='ltr'>contractum</span> <span class='ocrx_word' id='word_1_56' title='bbox 883 985 1085 1033; x_wconf 90' lang='lat' dir='ltr'>tempore,</span> <span class='ocrx_word' id='word_1_57' title='bbox 1107 976 1271 1017; x_wconf 91' lang='lat' dir='ltr'>bellum.</span> 
     </span>
    </p>
   </div>
   <div class='ocr_carea' id='block_1_12' title="bbox 186 1134 916 1225">
    <p class='ocr_par' dir='ltr' id='par_1_12' title="bbox 186 1134 916 1225">
     <span class='ocr_line' id='line_1_12' title="bbox 186 1134 916 1174; baseline 0.001 -8"><span class='ocrx_word' id='word_1_58' title='bbox 186 1142 278 1173; x_wconf 80' lang='lat' dir='ltr'>teres,</span> <span class='ocrx_word' id='word_1_59' title='bbox 294 1140 330 1165; x_wconf 89' lang='lat' dir='ltr'>ut</span> <span class='ocrx_word' id='word_1_60' title='bbox 344 1134 377 1164; x_wconf 90' lang='lat' dir='ltr'>in</span> <span class='ocrx_word' id='word_1_61' title='bbox 393 1140 499 1166; x_wconf 88' lang='lat' dir='ltr'>nostro</span> <span class='ocrx_word' id='word_1_62' title='bbox 514 1135 622 1174; x_wconf 85' lang='lat' dir='ltr'>etiam,</span> <span class='ocrx_word' id='word_1_63' title='bbox 643 1135 685 1166; x_wconf 83' lang='lat' dir='ltr'>iii.</span> <span class='ocrx_word' id='word_1_64' title='bbox 702 1139 774 1167; x_wconf 84' lang='lat'><strong>604.</strong></span> <span class='ocrx_word' id='word_1_65' title='bbox 818 1136 916 1167; x_wconf 88' lang='lat' dir='ltr'>Plau·</span> 
     </span>
     <span class='ocr_line' id='line_1_13' title="bbox 190 1187 512 1225; baseline 0.003 -8"><span class='ocrx_word' id='word_1_66' title='bbox 190 1194 251 1225; x_wconf 85' lang='lat' dir='ltr'>tus,</span> <span class='ocrx_word' id='word_1_67' title='bbox 269 1187 356 1218; x_wconf 83' lang='lat' dir='ltr'>Poen.</span> <span class='ocrx_word' id='word_1_68' title='bbox 372 1197 399 1218; x_wconf 88' lang='lat' dir='ltr'>v.</span> <span class='ocrx_word' id='word_1_69' title='bbox 416 1190 444 1217; x_wconf 87' lang='lat'>4.</span> <span class='ocrx_word' id='word_1_70' title='bbox 465 1191 512 1218; x_wconf 87' lang='lat'>14.</span> 
     </span>
    </p>
   </div>
   <div class='ocr_carea' id='block_1_13' title="bbox 204 1271 316 1302">
    <p class='ocr_par' dir='ltr' id='par_1_13' title="bbox 204 1271 316 1302">
     <span class='ocr_line' id='line_1_14' title="bbox 204 1271 316 1302; baseline -0.009 -7"><span class='ocrx_word' id='word_1_71' title='bbox 204 1271 316 1302; x_wconf 78' lang='lat' dir='ltr'>Jupiter,</span> 
     </span>
    </p>
   </div>
   <div class='ocr_carea' id='block_1_14' title="bbox 317 1283 410 1291">
    <p class='ocr_par' dir='ltr' id='par_1_14' title="bbox 317 1283 410 1291">
     <span class='ocr_line' id='line_1_15' title="bbox 317 1283 410 1291; baseline 0 0"><span class='ocrx_word' id='word_1_72' title='bbox 317 1283 410 1291; x_wconf 95' lang='lat' dir='ltr'> </span> 
     </span>
    </p>
   </div>
   <div class='ocr_carea' id='block_1_15' title="bbox 411 1271 914 1302">
    <p class='ocr_par' dir='ltr' id='par_1_15' title="bbox 411 1271 914 1302">
     <span class='ocr_line' id='line_1_16' title="bbox 411 1271 914 1302; baseline 0 -7"><span class='ocrx_word' id='word_1_73' title='bbox 411 1278 458 1302; x_wconf 90' lang='lat' dir='ltr'>per</span> <span class='ocrx_word' id='word_1_74' title='bbox 468 1277 551 1302; x_wconf 89' lang='lat' dir='ltr'>quem</span> <span class='ocrx_word' id='word_1_75' title='bbox 562 1272 678 1296; x_wconf 84' lang='lat' dir='ltr'>vivimus</span> <span class='ocrx_word' id='word_1_76' title='bbox 690 1271 800 1295; x_wconf 76' lang='lat' dir='ltr'>vitalem</span> <span class='ocrx_word' id='word_1_77' title='bbox 813 1278 914 1295; x_wconf 70' lang='lat' dir='ltr'>aevum.</span> 
     </span>
    </p>
   </div>
   <div class='ocr_carea' id='block_1_16' title="bbox 189 1346 921 2524">
    <p class='ocr_par' dir='ltr' id='par_1_16' title="bbox 189 1346 920 1851">
     <span class='ocr_line' id='line_1_17' title="bbox 233 1346 911 1382; baseline 0 -6"><span class='ocrx_word' id='word_1_78' title='bbox 233 1347 307 1376; x_wconf 78' lang='lat' dir='ltr'>Ver.</span> <span class='ocrx_word' id='word_1_79' title='bbox 332 1349 404 1376; x_wconf 74' lang='lat'><strong>562.</strong></span> <span class='ocrx_word' id='word_1_80' title='bbox 430 1352 537 1377; x_wconf 71' lang='lat' dir='ltr'>cestus:</span> <span class='ocrx_word' id='word_1_81' title='bbox 565 1346 612 1376; x_wconf 89' lang='lat' dir='ltr'>M.</span> <span class='ocrx_word' id='word_1_82' title='bbox 636 1348 911 1382; x_wconf 75' lang='lat' dir='ltr'>aestu.-—divorsei;</span> 
     </span>
     <span class='ocr_line' id='line_1_18' title="bbox 194 1398 913 1434; baseline 0 -5"><span class='ocrx_word' id='word_1_83' title='bbox 194 1405 233 1429; x_wconf 85' lang='lat' dir='ltr'>n.</span> <span class='ocrx_word' id='word_1_84' title='bbox 257 1400 386 1434; x_wconf 78' lang='lat' dir='ltr'>(Iz‘verse;</span> <span class='ocrx_word' id='word_1_85' title='bbox 413 1399 461 1428; x_wconf 88' lang='lat' dir='ltr'>M.</span> <span class='ocrx_word' id='word_1_86' title='bbox 488 1398 526 1428; x_wconf 93' lang='lat' dir='ltr'>O.</span> <span class='ocrx_word' id='word_1_87' title='bbox 552 1400 697 1434; x_wconf 81' lang='lat' dir='ltr'>dz&#39;versae;</span> <span class='ocrx_word' id='word_1_88' title='bbox 727 1409 791 1428; x_wconf 87' lang='lat' dir='ltr'>non</span> <span class='ocrx_word' id='word_1_89' title='bbox 815 1399 913 1429; x_wconf 84' lang='lat' dir='ltr'>male:</span> 
     </span>
     <span class='ocr_line' id='line_1_19' title="bbox 191 1450 917 1490; baseline -0.001 -8"><span class='ocrx_word' id='word_1_90' title='bbox 191 1455 213 1469; x_wconf 85' lang='lat'><strong>“</strong></span> <span class='ocrx_word' id='word_1_91' title='bbox 229 1463 257 1482; x_wconf 75' lang='lat' dir='ltr'>sc</span> <span class='ocrx_word' id='word_1_92' title='bbox 274 1453 409 1490; x_wconf 73' lang='lat' dir='ltr'>undique</span> <span class='ocrx_word' id='word_1_93' title='bbox 420 1450 749 1489; x_wconf 73' lang='lat' dir='ltr'>vertentis⁷’-passim</span> <span class='ocrx_word' id='word_1_94' title='bbox 761 1451 917 1481; x_wconf 89' lang='lat' dir='ltr'>fluctuan-</span> 
     </span>
     <span class='ocr_line' id='line_1_20' title="bbox 189 1501 918 1541; baseline 0 -8"><span class='ocrx_word' id='word_1_95' title='bbox 189 1504 239 1533; x_wconf 75' lang='lat' dir='ltr'>tis.</span> <span class='ocrx_word' id='word_1_96' title='bbox 287 1503 330 1532; x_wconf 87' lang='lat' dir='ltr'>Et</span> <span class='ocrx_word' id='word_1_97' title='bbox 346 1507 365 1519; x_wconf 89' lang='lat'><strong>“</strong></span> <span class='ocrx_word' id='word_1_98' title='bbox 380 1508 471 1532; x_wconf 75' lang='lat' dir='ltr'>cestus</span> <span class='ocrx_word' id='word_1_99' title='bbox 487 1501 656 1537; x_wconf 82' lang='lat' dir='ltr'>materiae‚&#39;&#39;</span> <span class='ocrx_word' id='word_1_100' title='bbox 681 1508 717 1532; x_wconf 89' lang='lat' dir='ltr'>ut</span> <span class='ocrx_word' id='word_1_101' title='bbox 731 1513 840 1541; x_wconf 84' lang='lat' dir='ltr'>nuper,</span> <span class='ocrx_word' id='word_1_102' title='bbox 857 1514 918 1534; x_wconf 81' lang='lat' dir='ltr'>ver.</span> 
     </span>
     <span class='ocr_line' id='line_1_21' title="bbox 191 1552 917 1593; baseline -0.001 -8"><span class='ocrx_word' id='word_1_103' title='bbox 191 1558 262 1585; x_wconf 80' lang='lat'><strong>550.</strong></span> <span class='ocrx_word' id='word_1_104' title='bbox 287 1554 445 1592; x_wconf 76' lang='lat' dir='ltr'>“pelagus</span> <span class='ocrx_word' id='word_1_105' title='bbox 470 1552 645 1582; x_wconf 81' lang='lat' dir='ltr'>rnateriae:&#39;&#39;</span> <span class='ocrx_word' id='word_1_106' title='bbox 673 1554 757 1593; x_wconf 91' lang='lat' dir='ltr'>quod</span> <span class='ocrx_word' id='word_1_107' title='bbox 779 1553 846 1592; x_wconf 84' lang='lat' dir='ltr'>jam</span> <span class='ocrx_word' id='word_1_108' title='bbox 872 1555 917 1584; x_wconf 82' lang='lat' dir='ltr'>vi-</span> 
     </span>
     <span class='ocr_line' id='line_1_22' title="bbox 191 1604 920 1644; baseline 0.001 -9"><span class='ocrx_word' id='word_1_109' title='bbox 191 1606 250 1636; x_wconf 84' lang='lat' dir='ltr'>deo</span> <span class='ocrx_word' id='word_1_110' title='bbox 280 1615 337 1635; x_wconf 86' lang='lat' dir='ltr'>nec</span> <span class='ocrx_word' id='word_1_111' title='bbox 366 1605 427 1644; x_wconf 87' lang='lat' dir='ltr'>ipsi</span> <span class='ocrx_word' id='word_1_112' title='bbox 458 1604 607 1635; x_wconf 87' lang='lat' dir='ltr'>Creechio</span> <span class='ocrx_word' id='word_1_113' title='bbox 636 1604 920 1636; x_wconf 83' lang='lat' dir='ltr'>inobservatum.—</span> 
     </span>
     <span class='ocr_line' id='line_1_23' title="bbox 190 1656 918 1698; baseline 0 -10"><span class='ocrx_word' id='word_1_114' title='bbox 190 1658 300 1694; x_wconf 78' lang='lat' dir='ltr'>Porm,</span> <span class='ocrx_word' id='word_1_115' title='bbox 328 1656 392 1687; x_wconf 92' lang='lat' dir='ltr'>duo</span> <span class='ocrx_word' id='word_1_116' title='bbox 408 1667 524 1692; x_wconf 90' lang='lat' dir='ltr'>versus,</span> <span class='ocrx_word' id='word_1_117' title='bbox 548 1657 601 1697; x_wconf 90' lang='lat' dir='ltr'>qui</span> <span class='ocrx_word' id='word_1_118' title='bbox 617 1657 758 1695; x_wconf 85' lang='lat' dir='ltr'>proxime</span> <span class='ocrx_word' id='word_1_119' title='bbox 783 1669 918 1698; x_wconf 87' lang='lat' dir='ltr'>sequun-</span> 
     </span>
     <span class='ocr_line' id='line_1_24' title="bbox 189 1708 917 1747; baseline 0.003 -9"><span class='ocrx_word' id='word_1_120' title='bbox 189 1715 250 1745; x_wconf 85' lang='lat' dir='ltr'>tur,</span> <span class='ocrx_word' id='word_1_121' title='bbox 278 1708 388 1738; x_wconf 86' lang='lat' dir='ltr'>ordine</span> <span class='ocrx_word' id='word_1_122' title='bbox 413 1708 535 1738; x_wconf 89' lang='lat' dir='ltr'>inverso</span> <span class='ocrx_word' id='word_1_123' title='bbox 554 1715 735 1747; x_wconf 85' lang='lat' dir='ltr'>comparent</span> <span class='ocrx_word' id='word_1_124' title='bbox 759 1709 794 1738; x_wconf 88' lang='lat' dir='ltr'>in</span> <span class='ocrx_word' id='word_1_125' title='bbox 810 1709 845 1739; x_wconf 89' lang='lat' dir='ltr'>L.</span> <span class='ocrx_word' id='word_1_126' title='bbox 871 1710 917 1740; x_wconf 86' lang='lat' dir='ltr'>M.</span> 
     </span>
     <span class='ocr_line' id='line_1_25' title="bbox 191 1759 919 1800; baseline 0.001 -11"><span class='ocrx_word' id='word_1_127' title='bbox 191 1766 232 1797; x_wconf 78' lang='lat' dir='ltr'>et,</span> <span class='ocrx_word' id='word_1_128' title='bbox 257 1760 290 1789; x_wconf 93' lang='lat' dir='ltr'>in</span> <span class='ocrx_word' id='word_1_129' title='bbox 306 1760 407 1798; x_wconf 87' lang='lat' dir='ltr'>priore</span> <span class='ocrx_word' id='word_1_130' title='bbox 422 1770 524 1797; x_wconf 89' lang='lat' dir='ltr'>versu,</span> <span class='ocrx_word' id='word_1_131' title='bbox 551 1765 584 1789; x_wconf 86' lang='lat' dir='ltr'>ut</span> <span class='ocrx_word' id='word_1_132' title='bbox 609 1759 695 1789; x_wconf 88' lang='lat' dir='ltr'>abest</span> <span class='ocrx_word' id='word_1_133' title='bbox 712 1766 751 1789; x_wconf 90' lang='grc' dir='ltr'>Π.</span> <span class='ocrx_word' id='word_1_134' title='bbox 779 1765 871 1800; x_wconf 88' lang='lat' dir='ltr'>atque</span> <span class='ocrx_word' id='word_1_135' title='bbox 886 1759 919 1790; x_wconf 91' lang='lat' dir='ltr'>in</span> 
     </span>
     <span class='ocr_line' id='line_1_26' title="bbox 192 1812 705 1851; baseline 0 -10"><span class='ocrx_word' id='word_1_136' title='bbox 192 1822 254 1842; x_wconf 75' lang='lat' dir='ltr'>ver.</span> <span class='ocrx_word' id='word_1_137' title='bbox 274 1815 344 1843; x_wconf 88' lang='grc'>567.</span> <span class='ocrx_word' id='word_1_138' title='bbox 369 1813 485 1851; x_wconf 80' lang='lat' dir='ltr'>proin,</span> <span class='ocrx_word' id='word_1_139' title='bbox 506 1817 539 1842; x_wconf 95' lang='grc' dir='ltr'>Δ.</span> <span class='ocrx_word' id='word_1_140' title='bbox 555 1812 648 1841; x_wconf 85' lang='lat' dir='ltr'>habet</span> <span class='ocrx_word' id='word_1_141' title='bbox 662 1818 705 1841; x_wconf 82' lang='lat' dir='ltr'>ut.</span> 
     </span>
    </p>

    <p class='ocr_par' dir='ltr' id='par_1_17' title="bbox 191 1863 921 2056">
     <span class='ocr_line' id='line_1_27' title="bbox 236 1863 919 1904; baseline -0.001 -10"><span class='ocrx_word' id='word_1_142' title='bbox 236 1864 310 1894; x_wconf 83' lang='lat' dir='ltr'>Ver.</span> <span class='ocrx_word' id='word_1_143' title='bbox 322 1868 394 1895; x_wconf 85' lang='lat'><strong>569.</strong></span> <span class='ocrx_word' id='word_1_144' title='bbox 410 1866 529 1904; x_wconf 79' lang='lat' dir='ltr'>itaque:</span> <span class='ocrx_word' id='word_1_145' title='bbox 555 1864 591 1893; x_wconf 92' lang='lat' dir='ltr'>P.</span> <span class='ocrx_word' id='word_1_146' title='bbox 602 1866 722 1903; x_wconf 75' lang='lat' dir='ltr'>utique5</span> <span class='ocrx_word' id='word_1_147' title='bbox 747 1863 830 1903; x_wconf 89' lang='lat' dir='ltr'>quod</span> <span class='ocrx_word' id='word_1_148' title='bbox 845 1874 919 1904; x_wconf 84' lang='lat' dir='ltr'>gus-</span> 
     </span>
     <span class='ocr_line' id='line_1_28' title="bbox 191 1915 921 1957; baseline 0.001 -12"><span class='ocrx_word' id='word_1_149' title='bbox 191 1922 260 1945; x_wconf 82' lang='lat' dir='ltr'>tum</span> <span class='ocrx_word' id='word_1_150' title='bbox 291 1915 482 1953; x_wconf 82' lang='lat' dir='ltr'>correctoris,</span> <span class='ocrx_word' id='word_1_151' title='bbox 524 1915 806 1955; x_wconf 79' lang='lat' dir='ltr'>argumentationis</span> <span class='ocrx_word' id='word_1_152' title='bbox 843 1930 921 1957; x_wconf 76' lang='grc' dir='ltr'><em>ακρι-</em></span> 
     </span>
     <span class='ocr_line' id='line_1_29' title="bbox 193 1967 921 2008; baseline 0 -10"><span class='ocrx_word' id='word_1_153' title='bbox 193 1970 267 1998; x_wconf 68' lang='grc' dir='ltr'><em>ἔειαν</em></span> <span class='ocrx_word' id='word_1_154' title='bbox 282 1973 313 1997; x_wconf 88' lang='lat' dir='ltr'>et</span> <span class='ocrx_word' id='word_1_155' title='bbox 327 1967 565 1997; x_wconf 83' lang='lat' dir='ltr'>constructionis</span> <span class='ocrx_word' id='word_1_156' title='bbox 577 1967 818 2008; x_wconf 60' lang='lat' dir='ltr'>aequabilitatem</span> <span class='ocrx_word' id='word_1_157' title='bbox 829 1968 921 1998; x_wconf 86' lang='lat' dir='ltr'>affec-</span> 
     </span>
     <span class='ocr_line' id='line_1_30' title="bbox 193 2017 508 2056; baseline -0.006 -8"><span class='ocrx_word' id='word_1_158' title='bbox 193 2018 299 2054; x_wconf 83' lang='lat' dir='ltr'>tantis,</span> <span class='ocrx_word' id='word_1_159' title='bbox 315 2017 404 2047; x_wconf 87' lang='lat' dir='ltr'>valde</span> <span class='ocrx_word' id='word_1_160' title='bbox 420 2018 508 2056; x_wconf 85' lang='lat' dir='ltr'>sapit.</span> 
     </span>
    </p>

    <p class='ocr_par' dir='ltr' id='par_1_18' title="bbox 192 2069 920 2318">
     <span class='ocr_line' id='line_1_31' title="bbox 237 2069 920 2110; baseline 0.004 -12"><span class='ocrx_word' id='word_1_161' title='bbox 237 2070 313 2099; x_wconf 87' lang='lat' dir='ltr'>Ver.</span> <span class='ocrx_word' id='word_1_162' title='bbox 329 2072 400 2099; x_wconf 87' lang='lat'><strong>571.</strong></span> <span class='ocrx_word' id='word_1_163' title='bbox 424 2070 588 2110; x_wconf 57' lang='lat' dir='ltr'>auctg&#39;ficei.</span> <span class='ocrx_word' id='word_1_164' title='bbox 634 2069 715 2099; x_wconf 88' lang='lat' dir='ltr'>Haec</span> <span class='ocrx_word' id='word_1_165' title='bbox 738 2070 804 2109; x_wconf 89' lang='lat' dir='ltr'>ipsa</span> <span class='ocrx_word' id='word_1_166' title='bbox 826 2071 920 2101; x_wconf 89' lang='lat' dir='ltr'>dictio</span> 
     </span>
     <span class='ocr_line' id='line_1_32' title="bbox 193 2119 917 2159; baseline 0.001 -9"><span class='ocrx_word' id='word_1_167' title='bbox 193 2120 277 2159; x_wconf 84' lang='lat' dir='ltr'>apud</span> <span class='ocrx_word' id='word_1_168' title='bbox 292 2119 475 2149; x_wconf 88' lang='lat' dir='ltr'>Lucretium</span> <span class='ocrx_word' id='word_1_169' title='bbox 491 2119 593 2148; x_wconf 88' lang='lat' dir='ltr'>solum</span> <span class='ocrx_word' id='word_1_170' title='bbox 609 2119 736 2150; x_wconf 85' lang='lat' dir='ltr'>fortasse</span> <span class='ocrx_word' id='word_1_171' title='bbox 750 2121 917 2151; x_wconf 82' lang='lat' dir='ltr'>invenitur:</span> 
     </span>
     <span class='ocr_line' id='line_1_33' title="bbox 193 2169 920 2210; baseline 0 -9"><span class='ocrx_word' id='word_1_172' title='bbox 193 2172 321 2201; x_wconf 73' lang='lat' dir='ltr'>verbum</span> <span class='ocrx_word' id='word_1_173' title='bbox 338 2176 508 2210; x_wconf 85' lang='lat' dir='ltr'>cognatum</span> <span class='ocrx_word' id='word_1_174' title='bbox 522 2169 594 2209; x_wconf 91' lang='lat' dir='ltr'>plus</span> <span class='ocrx_word' id='word_1_175' title='bbox 617 2170 711 2200; x_wconf 83' lang='lat' dir='ltr'>semel</span> <span class='ocrx_word' id='word_1_176' title='bbox 728 2171 760 2200; x_wconf 89' lang='lat' dir='ltr'>in</span> <span class='ocrx_word' id='word_1_177' title='bbox 779 2172 920 2202; x_wconf 84' lang='lat' dir='ltr'>Arnobio</span> 
     </span>
     <span class='ocr_line' id='line_1_34' title="bbox 192 2225 919 2266; baseline 0 -11"><span class='ocrx_word' id='word_1_178' title='bbox 192 2226 320 2266; x_wconf 83' lang='lat' dir='ltr'>legitur,</span> <span class='ocrx_word' id='word_1_179' title='bbox 336 2231 373 2255; x_wconf 87' lang='lat' dir='ltr'>ut</span> <span class='ocrx_word' id='word_1_180' title='bbox 387 2225 440 2255; x_wconf 89' lang='lat' dir='ltr'>lib.</span> <span class='ocrx_word' id='word_1_181' title='bbox 456 2225 508 2255; x_wconf 90' lang='lat' dir='ltr'>vii.</span> <span class='ocrx_word' id='word_1_182' title='bbox 526 2235 555 2263; x_wconf 85' lang='lat' dir='ltr'>p.</span> <span class='ocrx_word' id='word_1_183' title='bbox 575 2229 646 2255; x_wconf 85' lang='grc'><strong>224.</strong></span> <span class='ocrx_word' id='word_1_184' title='bbox 691 2228 714 2243; x_wconf 91' lang='lat'><strong>“</strong></span> <span class='ocrx_word' id='word_1_185' title='bbox 733 2225 818 2256; x_wconf 88' lang='lat' dir='ltr'>Cibis</span> <span class='ocrx_word' id='word_1_186' title='bbox 832 2226 919 2256; x_wconf 83' lang='lat' dir='ltr'>novis</span> 
     </span>
     <span class='ocr_line' id='line_1_35' title="bbox 195 2276 584 2318; baseline 0 -11"><span class='ocrx_word' id='word_1_187' title='bbox 195 2280 217 2296; x_wconf 89' lang='lat'><strong>“</strong></span> <span class='ocrx_word' id='word_1_188' title='bbox 233 2278 420 2318; x_wconf 62' lang='lat' dir='ltr'>auctg&#39;ficatis</span> <span class='ocrx_word' id='word_1_189' title='bbox 435 2276 584 2307; x_wconf 84' lang='lat' dir='ltr'>deos—.”</span> 
     </span>
    </p>

    <p class='ocr_par' dir='ltr' id='par_1_19' title="bbox 238 2330 775 2369">
     <span class='ocr_line' id='line_1_36' title="bbox 238 2330 775 2369; baseline 0.002 -10"><span class='ocrx_word' id='word_1_190' title='bbox 238 2330 314 2360; x_wconf 88' lang='lat' dir='ltr'>Ver.</span> <span class='ocrx_word' id='word_1_191' title='bbox 333 2331 403 2360; x_wconf 86' lang='grc'><strong>572.</strong></span> <span class='ocrx_word' id='word_1_192' title='bbox 427 2340 562 2359; x_wconf 77' lang='lat' dir='ltr'>servare:</span> <span class='ocrx_word' id='word_1_193' title='bbox 591 2335 630 2359; x_wconf 81' lang='grc' dir='ltr'>Π.</span> <span class='ocrx_word' id='word_1_194' title='bbox 642 2331 775 2369; x_wconf 76' lang='lat' dir='ltr'>privare.</span> 
     </span>
    </p>

    <p class='ocr_par' dir='ltr' id='par_1_20' title="bbox 193 2380 920 2524">
     <span class='ocr_line' id='line_1_37' title="bbox 235 2380 920 2411; baseline -0.001 -1"><span class='ocrx_word' id='word_1_195' title='bbox 235 2380 312 2411; x_wconf 90' lang='lat' dir='ltr'>Ver.</span> <span class='ocrx_word' id='word_1_196' title='bbox 336 2382 407 2411; x_wconf 90' lang='lat'><strong>575.</strong></span> <span class='ocrx_word' id='word_1_197' title='bbox 430 2382 537 2410; x_wconf 75' lang='lat' dir='ltr'>vitalia</span> <span class='ocrx_word' id='word_1_198' title='bbox 564 2391 684 2411; x_wconf 76' lang='lat' dir='ltr'>rerum:</span> <span class='ocrx_word' id='word_1_199' title='bbox 716 2381 735 2411; x_wconf 92' lang='lat' dir='ltr'>i.</span> <span class='ocrx_word' id='word_1_200' title='bbox 756 2391 780 2411; x_wconf 91' lang='lat' dir='ltr'>e.</span> <span class='ocrx_word' id='word_1_201' title='bbox 806 2390 854 2410; x_wconf 88' lang='lat' dir='ltr'>res</span> <span class='ocrx_word' id='word_1_202' title='bbox 876 2380 920 2409; x_wconf 92' lang='lat' dir='ltr'>vi-</span> 
     </span>
     <span class='ocr_line' id='line_1_38' title="bbox 193 2432 918 2472; baseline 0 -10"><span class='ocrx_word' id='word_1_203' title='bbox 193 2432 270 2462; x_wconf 74' lang='lat' dir='ltr'>tales</span> <span class='ocrx_word' id='word_1_204' title='bbox 277 2444 286 2470; x_wconf 83' lang='lat'>3</span> <span class='ocrx_word' id='word_1_205' title='bbox 320 2432 588 2472; x_wconf 84' lang='lat' dir='ltr'>quemadmodum</span> <span class='ocrx_word' id='word_1_206' title='bbox 619 2433 703 2472; x_wconf 85' lang='lat' dir='ltr'>apud</span> <span class='ocrx_word' id='word_1_207' title='bbox 735 2433 918 2471; x_wconf 84' lang='lat' dir='ltr'>Horatium,</span> 
     </span>
     <span class='ocr_line' id='line_1_39' title="bbox 194 2484 450 2524; baseline 0 -10"><span class='ocrx_word' id='word_1_208' title='bbox 194 2485 281 2524; x_wconf 80' lang='lat' dir='ltr'>epist.</span> <span class='ocrx_word' id='word_1_209' title='bbox 296 2484 315 2514; x_wconf 93' lang='lat' dir='ltr'>i.</span> <span class='ocrx_word' id='word_1_210' title='bbox 334 2487 382 2515; x_wconf 90' lang='lat'>17.</span> <span class='ocrx_word' id='word_1_211' title='bbox 399 2487 450 2514; x_wconf 87' lang='grc'>21.</span> 
     </span>
    </p>
   </div>
   <div class='ocr_carea' id='block_1_17' title="bbox 254 2579 348 2586">
    <p class='ocr_par' dir='ltr' id='par_1_21' title="bbox 254 2579 348 2586">
     <span class='ocr_line' id='line_1_40' title="bbox 254 2579 348 2586; baseline 0 0"><span class='ocrx_word' id='word_1_212' title='bbox 254 2579 348 2586; x_wconf 95' lang='lat' dir='ltr'> </span> 
     </span>
    </p>
   </div>
   <div class='ocr_carea' id='block_1_18' title="bbox 349 2579 533 2586">
    <p class='ocr_par' dir='ltr' id='par_1_22' title="bbox 349 2579 533 2586">
     <span class='ocr_line' id='line_1_41' title="bbox 349 2579 533 2586; baseline 0 0"><span class='ocrx_word' id='word_1_213' title='bbox 349 2579 533 2586; x_wconf 95' lang='lat' dir='ltr'> </span> 
     </span>
    </p>
   </div>
   <div class='ocr_carea' id='block_1_19' title="bbox 542 2566 857 2598">
    <p class='ocr_par' dir='ltr' id='par_1_23' title="bbox 542 2566 857 2598">
     <span class='ocr_line' id='line_1_42' title="bbox 542 2566 857 2598; baseline 0 -7"><span class='ocrx_word' id='word_1_214' title='bbox 542 2570 572 2591; x_wconf 88' lang='lat' dir='ltr'>tu</span> <span class='ocrx_word' id='word_1_215' title='bbox 584 2567 668 2598; x_wconf 80' lang='lat' dir='ltr'>poscis</span> <span class='ocrx_word' id='word_1_216' title='bbox 679 2566 747 2591; x_wconf 75' lang='lat' dir='ltr'>vilia</span> <span class='ocrx_word' id='word_1_217' title='bbox 759 2575 857 2592; x_wconf 80' lang='lat' dir='ltr'>rerum.-</span> 
     </span>
    </p>
   </div>
   <div class='ocr_carea' id='block_1_20' title="bbox 195 2630 924 2978">
    <p class='ocr_par' dir='ltr' id='par_1_24' title="bbox 195 2630 791 2721">
     <span class='ocr_line' id='line_1_43' title="bbox 195 2630 647 2661; baseline 0 -1"><span class='ocrx_word' id='word_1_218' title='bbox 195 2630 216 2660; x_wconf 90' lang='lat' dir='ltr'>i.</span> <span class='ocrx_word' id='word_1_219' title='bbox 231 2640 256 2660; x_wconf 92' lang='lat' dir='ltr'>e.</span> <span class='ocrx_word' id='word_1_220' title='bbox 273 2641 320 2660; x_wconf 84' lang='lat' dir='ltr'>res</span> <span class='ocrx_word' id='word_1_221' title='bbox 335 2630 647 2661; x_wconf 65' lang='lat' dir='ltr'>viles—Lambinus.</span> 
     </span>
     <span class='ocr_line' id='line_1_44' title="bbox 198 2682 791 2721; baseline 0.005 -10"><span class='ocrx_word' id='word_1_222' title='bbox 198 2682 307 2720; x_wconf 88' lang='lat' dir='ltr'>Porro,</span> <span class='ocrx_word' id='word_1_223' title='bbox 323 2683 389 2713; x_wconf 86' lang='lat' dir='ltr'>vice</span> <span class='ocrx_word' id='word_1_224' title='bbox 403 2685 523 2721; x_wconf 78' lang='lat' dir='ltr'>vitalia,</span> <span class='ocrx_word' id='word_1_225' title='bbox 536 2684 576 2714; x_wconf 92' lang='lat' dir='ltr'>V.</span> <span class='ocrx_word' id='word_1_226' title='bbox 594 2683 641 2713; x_wconf 89' lang='lat' dir='ltr'>ed.</span> <span class='ocrx_word' id='word_1_227' title='bbox 657 2686 791 2714; x_wconf 73' lang='lat' dir='ltr'>vic-talia.</span> 
     </span>
    </p>

    <p class='ocr_par' dir='ltr' id='par_1_25' title="bbox 196 2733 924 2978">
     <span class='ocr_line' id='line_1_45' title="bbox 241 2733 921 2774; baseline 0.006 -12"><span class='ocrx_word' id='word_1_228' title='bbox 241 2733 315 2763; x_wconf 87' lang='lat' dir='ltr'>Ver.</span> <span class='ocrx_word' id='word_1_229' title='bbox 341 2737 412 2765; x_wconf 82' lang='lat'><strong>576.</strong></span> <span class='ocrx_word' id='word_1_230' title='bbox 434 2741 619 2774; x_wconf 77' lang='lat' dir='ltr'>superantur</span> <span class='ocrx_word' id='word_1_231' title='bbox 649 2737 737 2765; x_wconf 75' lang='lat' dir='ltr'>item:</span> <span class='ocrx_word' id='word_1_232' title='bbox 768 2735 805 2765; x_wconf 89' lang='lat' dir='ltr'>P.</span> <span class='ocrx_word' id='word_1_233' title='bbox 833 2745 921 2774; x_wconf 75' lang='lat' dir='ltr'>supe-</span> 
     </span>
     <span class='ocr_line' id='line_1_46' title="bbox 196 2785 924 2825; baseline 0.004 -12"><span class='ocrx_word' id='word_1_234' title='bbox 196 2790 266 2814; x_wconf 79' lang='lat' dir='ltr'>rant</span> <span class='ocrx_word' id='word_1_235' title='bbox 283 2795 386 2819; x_wconf 45' lang='lat' dir='ltr'>urnam·</span> <span class='ocrx_word' id='word_1_236' title='bbox 414 2796 484 2825; x_wconf 85' lang='lat' dir='ltr'>quae</span> <span class='ocrx_word' id='word_1_237' title='bbox 499 2785 590 2816; x_wconf 87' lang='lat' dir='ltr'>lectio</span> <span class='ocrx_word' id='word_1_238' title='bbox 604 2786 730 2825; x_wconf 79' lang='lat' dir='ltr'>politior</span> <span class='ocrx_word' id='word_1_239' title='bbox 748 2786 870 2817; x_wconf 86' lang='lat' dir='ltr'>videtur</span> <span class='ocrx_word' id='word_1_240' title='bbox 891 2793 924 2818; x_wconf 68' lang='lat' dir='ltr'>et,</span> 
     </span>
     <span class='ocr_line' id='line_1_47' title="bbox 199 2834 920 2876; baseline 0.006 -12"><span class='ocrx_word' id='word_1_241' title='bbox 199 2834 380 2874; x_wconf 85' lang='lat' dir='ltr'>elegantior,</span> <span class='ocrx_word' id='word_1_242' title='bbox 397 2836 451 2866; x_wconf 89' lang='lat' dir='ltr'>sed</span> <span class='ocrx_word' id='word_1_243' title='bbox 465 2837 599 2876; x_wconf 82' lang='lat' dir='ltr'>vulgatae</span> <span class='ocrx_word' id='word_1_244' title='bbox 616 2838 694 2867; x_wconf 90' lang='lat' dir='ltr'>Pius</span> <span class='ocrx_word' id='word_1_245' title='bbox 708 2837 791 2868; x_wconf 89' lang='lat' dir='ltr'>idem</span> <span class='ocrx_word' id='word_1_246' title='bbox 808 2838 842 2868; x_wconf 91' lang='lat' dir='ltr'>in</span> <span class='ocrx_word' id='word_1_247' title='bbox 864 2849 920 2869; x_wconf 90' lang='lat' dir='ltr'>no-</span> 
     </span>
     <span class='ocr_line' id='line_1_48' title="bbox 198 2885 922 2927; baseline 0.007 -11"><span class='ocrx_word' id='word_1_248' title='bbox 198 2886 241 2916; x_wconf 86' lang='lat' dir='ltr'>tis</span> <span class='ocrx_word' id='word_1_249' title='bbox 254 2885 409 2923; x_wconf 86' lang='lat' dir='ltr'>meminit,</span> <span class='ocrx_word' id='word_1_250' title='bbox 434 2897 533 2927; x_wconf 89' lang='lat' dir='ltr'>neque</span> <span class='ocrx_word' id='word_1_251' title='bbox 548 2890 636 2919; x_wconf 85' lang='lat' dir='ltr'>aliter</span> <span class='ocrx_word' id='word_1_252' title='bbox 652 2891 762 2920; x_wconf 80' lang='lat' dir='ltr'>Festus</span> <span class='ocrx_word' id='word_1_253' title='bbox 784 2890 922 2921; x_wconf 88' lang='lat' dir='ltr'>Nonius·</span> 
     </span>
     <span class='ocr_line' id='line_1_49' title="bbox 200 2938 923 2978; baseline 0.007 -11"><span class='ocrx_word' id='word_1_254' title='bbox 200 2948 270 2978; x_wconf 91' lang='lat' dir='ltr'>que,</span> <span class='ocrx_word' id='word_1_255' title='bbox 295 2947 368 2967; x_wconf 86' lang='lat' dir='ltr'>voce</span> <span class='ocrx_word' id='word_1_256' title='bbox 404 2938 511 2975; x_wconf 65' lang='lat' dir='ltr'>I&#39;aeor,</span> <span class='ocrx_word' id='word_1_257' title='bbox 544 2949 665 2970; x_wconf 66' lang='lat' dir='ltr'>versum</span> <span class='ocrx_word' id='word_1_258' title='bbox 697 2941 807 2971; x_wconf 73' lang='lat' dir='ltr'>citant:</span> <span class='ocrx_word' id='word_1_259' title='bbox 845 2941 923 2971; x_wconf 91' lang='lat' dir='ltr'>nihil</span> 
     </span>
    </p>
   </div>
   <div class='ocr_carea' id='block_1_21' title="bbox 959 1132 1690 1576">
    <p class='ocr_par' dir='ltr' id='par_1_26' title="bbox 959 1132 1690 1421">
     <span class='ocr_line' id='line_1_50' title="bbox 960 1132 1690 1174; baseline 0.005 -10"><span class='ocrx_word' id='word_1_260' title='bbox 960 1135 1057 1174; x_wconf 82' lang='lat' dir='ltr'>igitur</span> <span class='ocrx_word' id='word_1_261' title='bbox 1093 1132 1445 1173; x_wconf 81' lang='lat' dir='ltr'>mutandum.—vagor:</span> <span class='ocrx_word' id='word_1_262' title='bbox 1488 1136 1524 1165; x_wconf 87' lang='grc' dir='ltr'>Δ.</span> <span class='ocrx_word' id='word_1_263' title='bbox 1559 1144 1690 1173; x_wconf 84' lang='lat' dir='ltr'>moeror‚·&#39;</span> 
     </span>
     <span class='ocr_line' id='line_1_51' title="bbox 962 1185 1687 1227; baseline 0.004 -12"><span class='ocrx_word' id='word_1_264' title='bbox 962 1185 1057 1215; x_wconf 87' lang='lat' dir='ltr'>Vind.</span> <span class='ocrx_word' id='word_1_265' title='bbox 1071 1185 1112 1215; x_wconf 91' lang='lat' dir='ltr'>V.</span> <span class='ocrx_word' id='word_1_266' title='bbox 1128 1185 1174 1215; x_wconf 88' lang='lat' dir='ltr'>ed.</span> <span class='ocrx_word' id='word_1_267' title='bbox 1194 1191 1234 1215; x_wconf 88' lang='grc' dir='ltr'>Π.</span> <span class='ocrx_word' id='word_1_268' title='bbox 1246 1188 1280 1215; x_wconf 76' lang='grc' dir='ltr'>Σ.</span> <span class='ocrx_word' id='word_1_269' title='bbox 1294 1186 1394 1224; x_wconf 57' lang='lat' dir='ltr'>vz&#39;gom</span> <span class='ocrx_word' id='word_1_270' title='bbox 1422 1185 1460 1215; x_wconf 90' lang='grc' dir='ltr'>Ο.</span> <span class='ocrx_word' id='word_1_271' title='bbox 1476 1186 1588 1227; x_wconf 78' lang='lat' dir='ltr'>major,·</span> <span class='ocrx_word' id='word_1_272' title='bbox 1612 1198 1687 1218; x_wconf 87' lang='lat' dir='ltr'>nam</span> 
     </span>
     <span class='ocr_line' id='line_1_52' title="bbox 959 1235 1688 1274; baseline 0.004 -8"><span class='ocrx_word' id='word_1_273' title='bbox 959 1236 1088 1274; x_wconf 84' lang='lat' dir='ltr'>librarii,</span> <span class='ocrx_word' id='word_1_274' title='bbox 1114 1246 1178 1266; x_wconf 89' lang='lat' dir='ltr'>non</span> <span class='ocrx_word' id='word_1_275' title='bbox 1202 1241 1303 1266; x_wconf 85' lang='lat' dir='ltr'>essent</span> <span class='ocrx_word' id='word_1_276' title='bbox 1317 1235 1446 1274; x_wconf 87' lang='lat' dir='ltr'>librarii,</span> <span class='ocrx_word' id='word_1_277' title='bbox 1472 1236 1531 1266; x_wconf 91' lang='lat' dir='ltr'>nisi</span> <span class='ocrx_word' id='word_1_278' title='bbox 1555 1239 1688 1269; x_wconf 83' lang='lat' dir='ltr'>subinde</span> 
     </span>
     <span class='ocr_line' id='line_1_53' title="bbox 960 1288 1689 1330; baseline 0.003 -13"><span class='ocrx_word' id='word_1_279' title='bbox 960 1288 1000 1317; x_wconf 87' lang='lat' dir='ltr'>ad</span> <span class='ocrx_word' id='word_1_280' title='bbox 1015 1288 1181 1328; x_wconf 84' lang='lat' dir='ltr'>ingenium</span> <span class='ocrx_word' id='word_1_281' title='bbox 1193 1297 1287 1317; x_wconf 89' lang='lat' dir='ltr'>suum</span> <span class='ocrx_word' id='word_1_282' title='bbox 1302 1293 1536 1325; x_wconf 85' lang='lat' dir='ltr'>reverterentur,</span> <span class='ocrx_word' id='word_1_283' title='bbox 1553 1289 1689 1330; x_wconf 88' lang='lat' dir='ltr'>exquisi-</span> 
     </span>
     <span class='ocr_line' id='line_1_54' title="bbox 960 1338 1686 1379; baseline 0.004 -11"><span class='ocrx_word' id='word_1_284' title='bbox 960 1344 991 1368; x_wconf 85' lang='lat' dir='ltr'>ta</span> <span class='ocrx_word' id='word_1_285' title='bbox 1006 1338 1198 1379; x_wconf 84' lang='lat' dir='ltr'>vulgaribus,</span> <span class='ocrx_word' id='word_1_286' title='bbox 1214 1338 1333 1368; x_wconf 85' lang='lat' dir='ltr'>sincera</span> <span class='ocrx_word' id='word_1_287' title='bbox 1342 1338 1598 1378; x_wconf 84' lang='lat' dir='ltr'>mendosissimis,</span> <span class='ocrx_word' id='word_1_288' title='bbox 1615 1350 1686 1371; x_wconf 88' lang='lat' dir='ltr'>mu-</span> 
     </span>
     <span class='ocr_line' id='line_1_55' title="bbox 961 1396 1068 1421; baseline 0 -1"><span class='ocrx_word' id='word_1_289' title='bbox 961 1396 1068 1421; x_wconf 81' lang='lat' dir='ltr'>tames.</span> 
     </span>
    </p>

    <p class='ocr_par' dir='ltr' id='par_1_27' title="bbox 964 1442 1688 1576">
     <span class='ocr_line' id='line_1_56' title="bbox 1006 1442 1684 1482; baseline 0.001 -10"><span class='ocrx_word' id='word_1_290' title='bbox 1006 1442 1086 1472; x_wconf 88' lang='lat' dir='ltr'>Ibid.</span> <span class='ocrx_word' id='word_1_291' title='bbox 1110 1444 1252 1472; x_wconf 78' lang='lat' dir='ltr'>miscetur</span> <span class='ocrx_word' id='word_1_292' title='bbox 1272 1442 1388 1482; x_wconf 81' lang='lat' dir='ltr'>funere</span> <span class='ocrx_word' id='word_1_293' title='bbox 1413 1453 1514 1481; x_wconf 80' lang='lat' dir='ltr'>vagor.</span> <span class='ocrx_word' id='word_1_294' title='bbox 1559 1443 1684 1473; x_wconf 86' lang='lat' dir='ltr'>Festus:</span> 
     </span>
     <span class='ocr_line' id='line_1_57' title="bbox 964 1493 1688 1533; baseline 0.003 -10"><span class='ocrx_word' id='word_1_295' title='bbox 964 1498 985 1512; x_wconf 89' lang='lat'><strong>“</strong></span> <span class='ocrx_word' id='word_1_296' title='bbox 1006 1496 1149 1533; x_wconf 62' lang='lat' dir='ltr'>Vngui-em</span> <span class='ocrx_word' id='word_1_297' title='bbox 1167 1504 1223 1532; x_wconf 91' lang='lat' dir='ltr'>pro</span> <span class='ocrx_word' id='word_1_298' title='bbox 1238 1494 1344 1533; x_wconf 83' lang='lat' dir='ltr'>vagitu</span> <span class='ocrx_word' id='word_1_299' title='bbox 1360 1493 1485 1523; x_wconf 85' lang='lat' dir='ltr'>Ennius</span> <span class='ocrx_word' id='word_1_300' title='bbox 1501 1499 1588 1523; x_wconf 84' lang='lat' dir='ltr'>sexto</span> <span class='ocrx_word' id='word_1_301' title='bbox 1603 1494 1688 1525; x_wconf 88' lang='lat' dir='ltr'>deci-</span> 
     </span>
     <span class='ocr_line' id='line_1_58' title="bbox 964 1550 1070 1576; baseline -0.009 0"><span class='ocrx_word' id='word_1_302' title='bbox 964 1550 986 1564; x_wconf 85' lang='grc'>“</span> <span class='ocrx_word' id='word_1_303' title='bbox 1003 1556 1070 1576; x_wconf 81' lang='lat' dir='ltr'>mo:</span> 
     </span>
    </p>
   </div>
   <div class='ocr_carea' id='block_1_22' title="bbox 979 1621 1669 1655">
    <p class='ocr_par' dir='ltr' id='par_1_28' title="bbox 979 1621 1669 1655">
     <span class='ocr_line' id='line_1_59' title="bbox 979 1621 1669 1655; baseline 0 -8"><span class='ocrx_word' id='word_1_304' title='bbox 979 1625 998 1638; x_wconf 69' lang='lat'>‘¹</span> <span class='ocrx_word' id='word_1_305' title='bbox 1010 1623 1079 1655; x_wconf 77' lang='lat' dir='ltr'>Quei</span> <span class='ocrx_word' id='word_1_306' title='bbox 1090 1622 1191 1647; x_wconf 84' lang='lat' dir='ltr'>clamos</span> <span class='ocrx_word' id='word_1_307' title='bbox 1202 1621 1399 1653; x_wconf 77' lang='lat' dir='ltr'>obpugnanteis</span> <span class='ocrx_word' id='word_1_308' title='bbox 1409 1628 1507 1653; x_wconf 74' lang='lat' dir='ltr'>vagore</span> <span class='ocrx_word' id='word_1_309' title='bbox 1518 1621 1669 1647; x_wconf 82' lang='lat' dir='ltr'>volantei.”</span> 
     </span>
    </p>
   </div>
   <div class='ocr_carea' id='block_1_23' title="bbox 962 1684 1695 2039">
    <p class='ocr_par' dir='ltr' id='par_1_29' title="bbox 962 1684 1695 2039">
     <span class='ocr_line' id='line_1_60' title="bbox 965 1684 1694 1725; baseline 0 -8"><span class='ocrx_word' id='word_1_310' title='bbox 965 1686 1025 1717; x_wconf 87' lang='lat' dir='ltr'>Sed</span> <span class='ocrx_word' id='word_1_311' title='bbox 1048 1687 1098 1716; x_wconf 85' lang='lat' dir='ltr'>hic</span> <span class='ocrx_word' id='word_1_312' title='bbox 1114 1696 1219 1715; x_wconf 86' lang='lat' dir='ltr'>versus</span> <span class='ocrx_word' id='word_1_313' title='bbox 1235 1685 1311 1725; x_wconf 86' lang='lat' dir='ltr'>quin</span> <span class='ocrx_word' id='word_1_314' title='bbox 1330 1684 1492 1725; x_wconf 85' lang='lat' dir='ltr'>insigniter</span> <span class='ocrx_word' id='word_1_315' title='bbox 1508 1685 1694 1725; x_wconf 82' lang='lat' dir='ltr'>depravatus</span> 
     </span>
     <span class='ocr_line' id='line_1_61' title="bbox 962 1738 1691 1779; baseline -0.001 -9"><span class='ocrx_word' id='word_1_316' title='bbox 962 1741 1013 1779; x_wconf 89' lang='lat' dir='ltr'>sit,</span> <span class='ocrx_word' id='word_1_317' title='bbox 1039 1740 1118 1770; x_wconf 88' lang='lat' dir='ltr'>nihil</span> <span class='ocrx_word' id='word_1_318' title='bbox 1134 1739 1252 1770; x_wconf 86' lang='lat' dir='ltr'>dubito.</span> <span class='ocrx_word' id='word_1_319' title='bbox 1297 1738 1434 1776; x_wconf 80' lang='lat' dir='ltr'>Interea,</span> <span class='ocrx_word' id='word_1_320' title='bbox 1462 1748 1576 1769; x_wconf 86' lang='lat' dir='ltr'>nomen</span> <span class='ocrx_word' id='word_1_321' title='bbox 1598 1751 1691 1779; x_wconf 80' lang='lat' dir='ltr'>vagor</span> 
     </span>
     <span class='ocr_line' id='line_1_62' title="bbox 962 1790 1689 1828; baseline 0 -7"><span class='ocrx_word' id='word_1_322' title='bbox 962 1793 1084 1823; x_wconf 87' lang='lat' dir='ltr'>videtur</span> <span class='ocrx_word' id='word_1_323' title='bbox 1101 1791 1200 1822; x_wconf 84' lang='lat' dir='ltr'>Statio</span> <span class='ocrx_word' id='word_1_324' title='bbox 1215 1790 1456 1828; x_wconf 87' lang='lat' dir='ltr'>restituendum,</span> <span class='ocrx_word' id='word_1_325' title='bbox 1479 1790 1520 1820; x_wconf 86' lang='lat' dir='ltr'>ad</span> <span class='ocrx_word' id='word_1_326' title='bbox 1535 1791 1632 1821; x_wconf 86' lang='lat' dir='ltr'>Theb.</span> <span class='ocrx_word' id='word_1_327' title='bbox 1649 1791 1689 1821; x_wconf 79' lang='lat' dir='ltr'>iv,</span> 
     </span>
     <span class='ocr_line' id='line_1_63' title="bbox 965 1842 1691 1882; baseline -0.001 -7"><span class='ocrx_word' id='word_1_328' title='bbox 965 1848 982 1875; x_wconf 82' lang='lat'><strong>7</strong></span> <span class='ocrx_word' id='word_1_329' title='bbox 989 1848 1037 1876; x_wconf 84' lang='lat'>89.</span> <span class='ocrx_word' id='word_1_330' title='bbox 1071 1844 1127 1874; x_wconf 90' lang='lat' dir='ltr'>ubi</span> <span class='ocrx_word' id='word_1_331' title='bbox 1157 1843 1196 1874; x_wconf 91' lang='lat' dir='ltr'>de</span> <span class='ocrx_word' id='word_1_332' title='bbox 1229 1843 1422 1873; x_wconf 87' lang='lat' dir='ltr'>Archemoro</span> <span class='ocrx_word' id='word_1_333' title='bbox 1451 1842 1570 1872; x_wconf 86' lang='lat' dir='ltr'>infante</span> <span class='ocrx_word' id='word_1_334' title='bbox 1600 1843 1691 1882; x_wconf 78' lang='lat' dir='ltr'>po‘e&#39;ta</span> 
     </span>
     <span class='ocr_line' id='line_1_64' title="bbox 966 1894 1690 1935; baseline -0.001 -10"><span class='ocrx_word' id='word_1_335' title='bbox 966 1895 1125 1935; x_wconf 85' lang='lat' dir='ltr'>ampliavit</span> <span class='ocrx_word' id='word_1_336' title='bbox 1138 1895 1287 1932; x_wconf 86' lang='lat' dir='ltr'>versibus,</span> <span class='ocrx_word' id='word_1_337' title='bbox 1303 1894 1410 1934; x_wconf 84' lang='lat' dir='ltr'>quales</span> <span class='ocrx_word' id='word_1_338' title='bbox 1425 1894 1474 1924; x_wconf 76' lang='lat' dir='ltr'>vix</span> <span class='ocrx_word' id='word_1_339' title='bbox 1490 1894 1690 1934; x_wconf 83' lang='lat' dir='ltr'>antiquorum</span> 
     </span>
     <span class='ocr_line' id='line_1_65' title="bbox 966 1944 1695 1985; baseline 0 -9"><span class='ocrx_word' id='word_1_340' title='bbox 966 1946 1097 1976; x_wconf 82' lang='lat' dir='ltr'>maximi</span> <span class='ocrx_word' id='word_1_341' title='bbox 1112 1946 1221 1976; x_wconf 77' lang='lat' dir='ltr'>hero&#39;es</span> <span class='ocrx_word' id='word_1_342' title='bbox 1246 1945 1280 1974; x_wconf 87' lang='lat' dir='ltr'>in</span> <span class='ocrx_word' id='word_1_343' title='bbox 1295 1944 1415 1984; x_wconf 61' lang='lat' dir='ltr'>po&#39;eticz&#39;i</span> <span class='ocrx_word' id='word_1_344' title='bbox 1441 1945 1639 1985; x_wconf 80' lang='lat' dir='ltr'>aequaverint,</span> <span class='ocrx_word' id='word_1_345' title='bbox 1663 1952 1695 1976; x_wconf 79' lang='lat' dir='ltr'>et</span> 
     </span>
     <span class='ocr_line' id='line_1_66' title="bbox 966 1997 1663 2039; baseline -0.003 -9"><span class='ocrx_word' id='word_1_346' title='bbox 966 2010 1043 2039; x_wconf 89' lang='lat' dir='ltr'>quos</span> <span class='ocrx_word' id='word_1_347' title='bbox 1058 2000 1197 2039; x_wconf 89' lang='lat' dir='ltr'>integros</span> <span class='ocrx_word' id='word_1_348' title='bbox 1211 1998 1317 2028; x_wconf 90' lang='lat' dir='ltr'>lectori</span> <span class='ocrx_word' id='word_1_349' title='bbox 1333 1997 1490 2028; x_wconf 90' lang='lat' dir='ltr'>consultos</span> <span class='ocrx_word' id='word_1_350' title='bbox 1504 1997 1663 2028; x_wconf 87' lang='lat' dir='ltr'>volumus:</span> 
     </span>
    </p>
   </div>
   <div class='ocr_carea' id='block_1_24' title="bbox 1025 2080 1116 2086">
    <p class='ocr_par' dir='ltr' id='par_1_30' title="bbox 1025 2080 1116 2086">
     <span class='ocr_line' id='line_1_67' title="bbox 1025 2080 1116 2086; baseline 0 0"><span class='ocrx_word' id='word_1_351' title='bbox 1025 2080 1116 2086; x_wconf 95' lang='lat' dir='ltr'> </span> 
     </span>
    </p>
   </div>
   <div class='ocr_carea' id='block_1_25' title="bbox 1118 2079 1241 2086">
    <p class='ocr_par' dir='ltr' id='par_1_31' title="bbox 1118 2079 1241 2086">
     <span class='ocr_line' id='line_1_68' title="bbox 1118 2079 1241 2086; baseline 0 0"><span class='ocrx_word' id='word_1_352' title='bbox 1118 2079 1241 2086; x_wconf 95' lang='lat' dir='ltr'> </span> 
     </span>
    </p>
   </div>
   <div class='ocr_carea' id='block_1_26' title="bbox 1027 2065 1620 2138">
    <p class='ocr_par' dir='ltr' id='par_1_32' title="bbox 1027 2065 1620 2138">
     <span class='ocr_line' id='line_1_69' title="bbox 1253 2065 1620 2099; baseline 0 -9"><span class='ocrx_word' id='word_1_353' title='bbox 1253 2073 1342 2090; x_wconf 84' lang='lat' dir='ltr'>caram</span> <span class='ocrx_word' id='word_1_354' title='bbox 1354 2066 1437 2090; x_wconf 87' lang='lat' dir='ltr'>modo</span> <span class='ocrx_word' id='word_1_355' title='bbox 1448 2065 1523 2089; x_wconf 82' lang='lat' dir='ltr'>lactis</span> <span class='ocrx_word' id='word_1_356' title='bbox 1534 2071 1620 2099; x_wconf 81' lang='lat' dir='ltr'>egeno</span> 
     </span>
     <span class='ocr_line' id='line_1_70' title="bbox 1027 2107 1368 2138; baseline -0.003 -7"><span class='ocrx_word' id='word_1_357' title='bbox 1027 2108 1166 2132; x_wconf 81' lang='lat' dir='ltr'>Nutricem</span> <span class='ocrx_word' id='word_1_358' title='bbox 1179 2114 1278 2138; x_wconf 74' lang='lat' dir='ltr'>vagore</span> <span class='ocrx_word' id='word_1_359' title='bbox 1288 2107 1368 2130; x_wconf 77' lang='lat' dir='ltr'>ciens.</span> 
     </span>
    </p>
   </div>
   <div class='ocr_carea' id='block_1_27' title="bbox 961 2168 1692 2726">
    <p class='ocr_par' dir='ltr' id='par_1_33' title="bbox 961 2168 1692 2612">
     <span class='ocr_line' id='line_1_71' title="bbox 963 2168 1692 2210; baseline -0.004 -10"><span class='ocrx_word' id='word_1_360' title='bbox 963 2169 1084 2210; x_wconf 90' lang='lat' dir='ltr'>Vulgo,</span> <span class='ocrx_word' id='word_1_361' title='bbox 1110 2172 1267 2208; x_wconf 81' lang='lat' dir='ltr'>clangore;</span> <span class='ocrx_word' id='word_1_362' title='bbox 1306 2179 1343 2198; x_wconf 90' lang='lat' dir='ltr'>ex</span> <span class='ocrx_word' id='word_1_363' title='bbox 1368 2168 1631 2207; x_wconf 78' lang='lat' dir='ltr'>interpretatione,</span> <span class='ocrx_word' id='word_1_364' title='bbox 1658 2169 1692 2198; x_wconf 82' lang='lat' dir='ltr'>ni</span> 
     </span>
     <span class='ocr_line' id='line_1_72' title="bbox 962 2219 1691 2259; baseline 0 -9"><span class='ocrx_word' id='word_1_365' title='bbox 962 2220 1062 2250; x_wconf 84' lang='lat' dir='ltr'>fallor.</span> <span class='ocrx_word' id='word_1_366' title='bbox 1106 2221 1210 2250; x_wconf 88' lang='lat' dir='ltr'>Erunt</span> <span class='ocrx_word' id='word_1_367' title='bbox 1231 2226 1335 2249; x_wconf 84' lang='lat' dir='ltr'>tamen</span> <span class='ocrx_word' id='word_1_368' title='bbox 1352 2219 1498 2257; x_wconf 81' lang='lat' dir='ltr'>fortassis,</span> <span class='ocrx_word' id='word_1_369' title='bbox 1524 2219 1577 2259; x_wconf 86' lang='lat' dir='ltr'>qui</span> <span class='ocrx_word' id='word_1_370' title='bbox 1596 2221 1691 2259; x_wconf 81' lang='lat' dir='ltr'>plan-</span> 
     </span>
     <span class='ocr_line' id='line_1_73' title="bbox 961 2269 1691 2311; baseline -0.001 -10"><span class='ocrx_word' id='word_1_371' title='bbox 961 2283 1032 2311; x_wconf 79' lang='lat' dir='ltr'>gore</span> <span class='ocrx_word' id='word_1_372' title='bbox 1056 2271 1238 2310; x_wconf 86' lang='lat' dir='ltr'>rescriptum</span> <span class='ocrx_word' id='word_1_373' title='bbox 1262 2270 1381 2300; x_wconf 58' lang='lat' dir='ltr'>malint.</span> <span class='ocrx_word' id='word_1_374' title='bbox 1426 2269 1610 2300; x_wconf 87' lang='lat' dir='ltr'>Lucretium</span> <span class='ocrx_word' id='word_1_375' title='bbox 1635 2281 1691 2300; x_wconf 86' lang='lat' dir='ltr'>au-</span> 
     </span>
     <span class='ocr_line' id='line_1_74' title="bbox 963 2321 1691 2361; baseline -0.001 -9"><span class='ocrx_word' id='word_1_376' title='bbox 963 2328 1027 2352; x_wconf 88' lang='lat' dir='ltr'>tem</span> <span class='ocrx_word' id='word_1_377' title='bbox 1042 2328 1186 2352; x_wconf 83' lang='lat' dir='ltr'>nostrum</span> <span class='ocrx_word' id='word_1_378' title='bbox 1203 2321 1369 2361; x_wconf 84' lang='lat' dir='ltr'>Virgilius,</span> <span class='ocrx_word' id='word_1_379' title='bbox 1396 2321 1428 2350; x_wconf 89' lang='lat' dir='ltr'>in</span> <span class='ocrx_word' id='word_1_380' title='bbox 1444 2321 1514 2351; x_wconf 89' lang='lat' dir='ltr'>loco</span> <span class='ocrx_word' id='word_1_381' title='bbox 1537 2321 1691 2351; x_wconf 86' lang='lat' dir='ltr'>nobilissi-</span> 
     </span>
     <span class='ocr_line' id='line_1_75' title="bbox 963 2372 1690 2404; baseline -0.001 0"><span class='ocrx_word' id='word_1_382' title='bbox 963 2384 1016 2403; x_wconf 91' lang='lat' dir='ltr'>mo</span> <span class='ocrx_word' id='word_1_383' title='bbox 1040 2374 1114 2404; x_wconf 66' lang='lat' dir='ltr'>[En.</span> <span class='ocrx_word' id='word_1_384' title='bbox 1135 2373 1172 2402; x_wconf 91' lang='lat' dir='ltr'>vi.</span> <span class='ocrx_word' id='word_1_385' title='bbox 1190 2376 1262 2403; x_wconf 85' lang='grc'><strong>426.</strong></span> <span class='ocrx_word' id='word_1_386' title='bbox 1289 2372 1389 2402; x_wconf 88' lang='lat' dir='ltr'>oculis</span> <span class='ocrx_word' id='word_1_387' title='bbox 1414 2373 1609 2402; x_wconf 87' lang='lat' dir='ltr'>obversatum</span> <span class='ocrx_word' id='word_1_388' title='bbox 1635 2374 1690 2403; x_wconf 88' lang='lat' dir='ltr'>ha·</span> 
     </span>
     <span class='ocr_line' id='line_1_76' title="bbox 962 2426 1689 2466; baseline 0 -10"><span class='ocrx_word' id='word_1_389' title='bbox 962 2427 1038 2456; x_wconf 93' lang='lat' dir='ltr'>buit.</span> <span class='ocrx_word' id='word_1_390' title='bbox 1082 2427 1203 2456; x_wconf 84' lang='lat' dir='ltr'>Versus</span> <span class='ocrx_word' id='word_1_391' title='bbox 1225 2426 1376 2466; x_wconf 80' lang='lat' dir='ltr'>egregiOS‚</span> <span class='ocrx_word' id='word_1_392' title='bbox 1401 2426 1502 2465; x_wconf 84' lang='lat' dir='ltr'>pravis</span> <span class='ocrx_word' id='word_1_393' title='bbox 1516 2426 1689 2456; x_wconf 85' lang='lat' dir='ltr'>distinctio-</span> 
     </span>
     <span class='ocr_line' id='line_1_77' title="bbox 964 2477 1688 2517; baseline -0.001 -10"><span class='ocrx_word' id='word_1_394' title='bbox 964 2478 1055 2508; x_wconf 86' lang='lat' dir='ltr'>nibus</span> <span class='ocrx_word' id='word_1_395' title='bbox 1071 2477 1203 2517; x_wconf 88' lang='lat' dir='ltr'>pessime</span> <span class='ocrx_word' id='word_1_396' title='bbox 1226 2477 1360 2513; x_wconf 84' lang='lat' dir='ltr'>affectos,</span> <span class='ocrx_word' id='word_1_397' title='bbox 1387 2488 1442 2507; x_wconf 49' lang='lat' dir='ltr'>net·</span> <span class='ocrx_word' id='word_1_398' title='bbox 1465 2477 1688 2508; x_wconf 85' lang='lat' dir='ltr'>hodiernorum</span> 
     </span>
     <span class='ocr_line' id='line_1_78' title="bbox 965 2528 1688 2569; baseline -0.001 -11"><span class='ocrx_word' id='word_1_399' title='bbox 965 2528 1058 2569; x_wconf 86' lang='lat' dir='ltr'>primi</span> <span class='ocrx_word' id='word_1_400' title='bbox 1073 2530 1167 2569; x_wconf 91' lang='lat' dir='ltr'>probe</span> <span class='ocrx_word' id='word_1_401' title='bbox 1190 2529 1429 2567; x_wconf 86' lang='lat' dir='ltr'>constituemus,</span> <span class='ocrx_word' id='word_1_402' title='bbox 1455 2534 1485 2559; x_wconf 88' lang='lat' dir='ltr'>et</span> <span class='ocrx_word' id='word_1_403' title='bbox 1508 2529 1688 2568; x_wconf 73' lang='lat' dir='ltr'>interpreta-</span> 
     </span>
     <span class='ocr_line' id='line_1_79' title="bbox 963 2582 1084 2612; baseline -0.008 0"><span class='ocrx_word' id='word_1_404' title='bbox 963 2582 1084 2612; x_wconf 88' lang='lat' dir='ltr'>bimur:</span> 
     </span>
    </p>

    <p class='ocr_par' dir='ltr' id='par_1_34' title="bbox 996 2653 1616 2686">
     <span class='ocr_line' id='line_1_80' title="bbox 996 2653 1616 2686; baseline -0.005 -7"><span class='ocrx_word' id='word_1_405' title='bbox 996 2654 1134 2679; x_wconf 86' lang='lat' dir='ltr'>Continuo</span> <span class='ocrx_word' id='word_1_406' title='bbox 1144 2655 1245 2679; x_wconf 77' lang='lat' dir='ltr'>auditae</span> <span class='ocrx_word' id='word_1_407' title='bbox 1258 2661 1349 2684; x_wconf 68' lang='lat' dir='ltr'>voces,</span> <span class='ocrx_word' id='word_1_408' title='bbox 1360 2654 1464 2686; x_wconf 77' lang='lat' dir='ltr'>vagitus</span> <span class='ocrx_word' id='word_1_409' title='bbox 1475 2657 1504 2678; x_wconf 78' lang='lat' dir='ltr'>et</span> <span class='ocrx_word' id='word_1_410' title='bbox 1514 2653 1616 2684; x_wconf 81' lang='lat' dir='ltr'>ingens,</span> 
     </span>
    </p>

    <p class='ocr_par' dir='ltr' id='par_1_35' title="bbox 997 2692 1637 2726">
     <span class='ocr_line' id='line_1_81' title="bbox 997 2692 1637 2726; baseline -0.006 -7"><span class='ocrx_word' id='word_1_411' title='bbox 997 2695 1184 2726; x_wconf 77' lang='lat' dir='ltr'>Infantumque</span> <span class='ocrx_word' id='word_1_412' title='bbox 1195 2695 1294 2719; x_wconf 83' lang='lat' dir='ltr'>anirnae</span> <span class='ocrx_word' id='word_1_413' title='bbox 1303 2694 1407 2724; x_wconf 80' lang='lat' dir='ltr'>flentes:</span> <span class='ocrx_word' id='word_1_414' title='bbox 1425 2695 1451 2718; x_wconf 85' lang='lat' dir='ltr'>in</span> <span class='ocrx_word' id='word_1_415' title='bbox 1462 2693 1547 2718; x_wconf 80' lang='lat' dir='ltr'>limine</span> <span class='ocrx_word' id='word_1_416' title='bbox 1556 2692 1637 2724; x_wconf 80' lang='lat' dir='ltr'>primo</span> 
     </span>
    </p>
   </div>
   <div class='ocr_carea' id='block_1_28' title="bbox 995 2733 1668 2804">
    <p class='ocr_par' dir='ltr' id='par_1_36' title="bbox 995 2733 1668 2804">
     <span class='ocr_line' id='line_1_82' title="bbox 995 2733 1668 2767; baseline -0.007 -8"><span class='ocrx_word' id='word_1_417' title='bbox 995 2736 1069 2766; x_wconf 78' lang='lat' dir='ltr'>Quos</span> <span class='ocrx_word' id='word_1_418' title='bbox 1080 2735 1163 2767; x_wconf 71' lang='lat' dir='ltr'>dulcis</span> <span class='ocrx_word' id='word_1_419' title='bbox 1174 2735 1253 2765; x_wconf 61' lang='lat' dir='ltr'>vim,</span> <span class='ocrx_word' id='word_1_420' title='bbox 1265 2738 1386 2760; x_wconf 87' lang='lat' dir='ltr'>exsortes</span> <span class='ocrx_word' id='word_1_421' title='bbox 1396 2739 1422 2759; x_wconf 85' lang='lat' dir='ltr'>et</span> <span class='ocrx_word' id='word_1_422' title='bbox 1434 2734 1466 2757; x_wconf 82' lang='lat' dir='ltr'>ab</span> <span class='ocrx_word' id='word_1_423' title='bbox 1477 2733 1558 2757; x_wconf 88' lang='lat' dir='ltr'>ubere</span> <span class='ocrx_word' id='word_1_424' title='bbox 1568 2735 1668 2762; x_wconf 82' lang='lat' dir='ltr'>raptos,</span> 
     </span>
     <span class='ocr_line' id='line_1_83' title="bbox 995 2772 1625 2804; baseline -0.008 -5"><span class='ocrx_word' id='word_1_425' title='bbox 995 2775 1111 2800; x_wconf 83' lang='lat' dir='ltr'>Abstulit</span> <span class='ocrx_word' id='word_1_426' title='bbox 1123 2778 1181 2799; x_wconf 77' lang='lat' dir='ltr'>atra</span> <span class='ocrx_word' id='word_1_427' title='bbox 1193 2775 1258 2804; x_wconf 83' lang='lat' dir='ltr'>dies,</span> <span class='ocrx_word' id='word_1_428' title='bbox 1276 2778 1302 2799; x_wconf 82' lang='lat' dir='ltr'>et</span> <span class='ocrx_word' id='word_1_429' title='bbox 1314 2773 1407 2798; x_wconf 83' lang='lat' dir='ltr'>funere</span> <span class='ocrx_word' id='word_1_430' title='bbox 1418 2772 1508 2797; x_wconf 80' lang='lat' dir='ltr'>mersit</span> <span class='ocrx_word' id='word_1_431' title='bbox 1519 2772 1625 2796; x_wconf 79' lang='lat' dir='ltr'>acerbo.</span> 
     </span>
    </p>
   </div>
   <div class='ocr_carea' id='block_1_29' title="bbox 966 2835 1693 2981">
    <p class='ocr_par' dir='ltr' id='par_1_37' title="bbox 966 2835 1693 2981">
     <span class='ocr_line' id='line_1_84' title="bbox 966 2835 1689 2877; baseline -0.007 -8"><span class='ocrx_word' id='word_1_432' title='bbox 966 2838 1018 2868; x_wconf 91' lang='lat' dir='ltr'>De</span> <span class='ocrx_word' id='word_1_433' title='bbox 1032 2841 1097 2869; x_wconf 72' lang='lat' dir='ltr'>orci</span> <span class='ocrx_word' id='word_1_434' title='bbox 1110 2840 1215 2868; x_wconf 72' lang='lat' dir='ltr'>limine</span> <span class='ocrx_word' id='word_1_435' title='bbox 1233 2838 1300 2877; x_wconf 84' lang='lat' dir='ltr'>jam</span> <span class='ocrx_word' id='word_1_436' title='bbox 1316 2836 1435 2867; x_wconf 84' lang='lat' dir='ltr'>dixerat</span> <span class='ocrx_word' id='word_1_437' title='bbox 1449 2835 1550 2874; x_wconf 81' lang='lat' dir='ltr'>po‘e‘ta,</span> <span class='ocrx_word' id='word_1_438' title='bbox 1573 2835 1613 2864; x_wconf 93' lang='lat' dir='ltr'>ad</span> <span class='ocrx_word' id='word_1_439' title='bbox 1628 2845 1689 2865; x_wconf 89' lang='lat' dir='ltr'>ver.</span> 
     </span>
     <span class='ocr_line' id='line_1_85' title="bbox 967 2887 1690 2928; baseline -0.006 -8"><span class='ocrx_word' id='word_1_440' title='bbox 967 2894 1037 2921; x_wconf 78' lang='lat'>273.</span> <span class='ocrx_word' id='word_1_441' title='bbox 1062 2901 1118 2920; x_wconf 88' lang='lat' dir='ltr'>nec</span> <span class='ocrx_word' id='word_1_442' title='bbox 1134 2900 1228 2920; x_wconf 84' lang='lat' dir='ltr'>sanus</span> <span class='ocrx_word' id='word_1_443' title='bbox 1243 2888 1341 2928; x_wconf 86' lang='lat' dir='ltr'>quivis</span> <span class='ocrx_word' id='word_1_444' title='bbox 1355 2887 1441 2916; x_wconf 88' lang='lat' dir='ltr'>litem</span> <span class='ocrx_word' id='word_1_445' title='bbox 1465 2887 1498 2916; x_wconf 90' lang='lat' dir='ltr'>in</span> <span class='ocrx_word' id='word_1_446' title='bbox 1514 2897 1570 2916; x_wconf 89' lang='lat' dir='ltr'>nos</span> <span class='ocrx_word' id='word_1_447' title='bbox 1585 2896 1690 2916; x_wconf 89' lang='lat' dir='ltr'>move-</span> 
     </span>
     <span class='ocr_line' id='line_1_86' title="bbox 966 2938 1693 2981; baseline -0.004 -10"><span class='ocrx_word' id='word_1_448' title='bbox 966 2942 1030 2980; x_wconf 83' lang='lat' dir='ltr'>bit,</span> <span class='ocrx_word' id='word_1_449' title='bbox 1048 2941 1173 2981; x_wconf 82' lang='lat' dir='ltr'>phrasin</span> <span class='ocrx_word' id='word_1_450' title='bbox 1196 2942 1301 2971; x_wconf 71' lang='lat' dir='ltr'>limine</span> <span class='ocrx_word' id='word_1_451' title='bbox 1327 2941 1428 2979; x_wconf 74' lang='lat' dir='ltr'>primo</span> <span class='ocrx_word' id='word_1_452' title='bbox 1458 2938 1498 2968; x_wconf 87' lang='lat' dir='ltr'>ad</span> <span class='ocrx_word' id='word_1_453' title='bbox 1521 2938 1693 2971; x_wconf 76' lang='lat' dir='ltr'>infantium</span> 
     </span>
    </p>
   </div>
   <div class='ocr_carea' id='block_1_30' title="bbox 1854 832 1894 3253">
    <p class='ocr_par' dir='ltr' id='par_1_38' title="bbox 1854 832 1894 3253">
     <span class='ocr_line' id='line_1_87' title="bbox 1854 832 1894 3253; baseline 0 0"><span class='ocrx_word' id='word_1_454' title='bbox 1854 832 1894 3253; x_wconf 95' lang='lat' dir='ltr'> </span> 
     </span>
    </p>
   </div>
  </div>
 </body>
</html>
