1894 3253
663 200 1073 252 ADDENDA.

753 391 881 434 LIB.
921 391 985 433 II.

118 537 258 570 VERR.
270 540 324 575 24,
335 539 384 568 25.
387 536 538 576 juvenum
551 535 731 571 simulacra,
750 532 846 564 Lam-

113 593 215 631 padus
230 590 370 620 manibus
389 588 554 618 retinentia
570 586 691 616 dextris.
725 583 850 615 Locum

119 641 318 677 Eustathius,
340 639 379 670 de
402 647 499 669 amor.
516 637 633 668 Ismen.
657 642 688 666 et
705 636 781 667 Ism.
796 635 848 667 lib.

116 692 160 723 iii.
178 691 244 723 init.
263 690 392 731 pulchre
406 688 682 730 illustrabitz—‹me
698 702 765 730 γαρ,
790 700 850 730 περι

118 758 153 776 ‘ro
178 744 331 785 Bmpoemv,
358 754 436 774 ucaov
462 744 571 776 πλῆθος
597 754 635 773 ωε.
660 744 848 784 suaptim-nrm,

114 804 206 837 οχλον
220 808 395 836 συμμικτον,
404 792 515 836 ανδρων,
529 807 682 834 γυναικων,
696 807 851 830 numanam,

116 850 265 890 παρθενων·
296 844 517 887 λαμταδηφοροι
543 857 650 880 παντες
678 858 728 878 την
751 844 850 884 δεξιαν·

113 912 165 933 την
181 913 239 942 γαρ
256 913 298 930 τοι
315 905 403 929 λαιῶν
427 910 487 940 περι
504 911 538 929 το
554 900 654 932 στῆθος
672 910 748 939 uxor
765 896 851 929 3⁸20-

120 963 245 994 τρετως.

160 1004 236 1034 Ver.
253 1007 303 1034 28.
320 1001 589 1034 Emendationem
607 1002 775 1034 Claudiani
791 1008 851 1033 staf-

118 1054 189 1086 bilit
205 1054 374 1094 Apuleius,
396 1060 472 1085 met.
486 1065 514 1085 v.
530 1054 599 1085 init.
626 1058 648 1073 ‘⁶
666 1055 751 1085 Nam
767 1065 852 1085 sum-

117 1110 140 1125 “
157 1117 210 1137 ma
226 1107 395 1148 laquearia,
413 1107 490 1138 citro
506 1112 536 1137 et
557 1109 650 1137 ebore
665 1107 787 1138 curiose
802 1117 852 1138 ca-

123 1161 146 1177 “
162 1164 245 1196 vata,
267 1160 395 1190 subc-unt
412 1168 515 1189 aureae
530 1158 709 1189 colmnnae.’‘

154 1210 231 1241 Ver.
257 1213 307 1241 51.
330 1213 419 1242 vestis
450 1212 638 1251 splendorem
659 1212 851 1251 purpurea'i:

121 1262 207 1303 quali
223 1273 337 1302 nempe
352 1274 448 1303 reges,
472 1265 548 1305 (ver.
565 1266 615 1295 49.
642 1263 662 1293 i.
685 1274 712 1294 e.
737 1267 854 1299 βασιλι-

124 1328 180 1351 κοι,
199 1314 228 1344 S.
246 1314 267 1346 J
271 1324 340 1345 oan.
356 1314 395 1344 iv.
413 1315 479 1355 46.)
503 1314 552 1344 vel
572 1313 709 1343 Romani
726 1311 855 1350 nobiles,

123 1366 246 1408 (confer
262 1366 376 1396 Horat.
393 1376 439 1404 ep.
457 1366 475 1395 i.
498 1368 547 1395 10.
559 1368 610 1395 55.
628 1365 711 1396 Pers.
728 1365 771 1396 iij.
790 1365 855 1405 17.)

119 1416 342 1448 induebantur.
368 1415 543 1456 Magnifice
560 1416 754 1446 Ammianus
769 1416 859 1446 Mar-

115 1467 260 1505 cellinus,
286 1477 334 1497 xv.
360 1470 457 1497 8.—“
477 1468 696 1508 Caesaremque
719 1467 855 1498 admira-

117 1523 139 1538 “
155 1519 241 1549 tione
278 1518 376 1560 digna
411 1519 629 1558 suspiciebant,
667 1520 859 1560 imperatorii

119 1575 141 1590 “
158 1572 286 1602 muricis
293 1571 423 1611 fulgore
427 1571 655 1612 flagrantem.'’

165 1623 241 1653 Ver.
261 1626 329 1654 165.
352 1624 424 1654 solis
440 1623 594 1663 fulgura:
627 1623 668 1653 ad
689 1623 858 1662 Euripide-

124 1685 181 1705 um
196 1673 285 1710 illud,
308 1674 341 1704 in
359 1674 442 1704 Hec.
467 1677 517 1705 68.
541 1688 563 1705 ω
580 1678 764 1706 ΣΤΕΡΟΠΑ
781 1679 857 1708 Διας·

121 1726 142 1757 ἰ.
162 1736 188 1757 e.
211 1741 233 1757 ω
250 1727 349 1769 ἣμεροι,
373 1727 390 1759 ἡ
415 1725 493 1759 Bam
517 1738 670 1767 αστρατπς
695 1733 856 1766 &asperso-a·

126 1777 174 1808 uti
188 1779 284 1817 probe
299 1787 357 1807 nos
372 1776 480 1807 docuit
494 1777 588 1807 etiam
605 1777 793 1808 scholiastes.

170 1828 247 1859 Ver.
267 1831 336 1860 195.
358 1830 487 1868 sanguis
509 1839 648 1859 cruorem
667 1831 801 1869 spargz't;
825 1835 861 1859 ut

126 1881 291 1912 Homerus
307 1888 382 1921 φονον
398 1881 536 1920 αἵματος·
563 1881 603 1911 Il.
623 1887 664 1911 Π.
682 1884 753 1911 162.

173 1931 248 1962 Ver.
267 1935 335 1963 196.
364 1931 418 1961 Ad
440 1932 521 1962 hanc
537 1932 699 1963 notionem
715 1932 861 1962 dictionis

124 1988 251 2026 pulcher
284 1986 468 2025 interpreter
497 1987 644 2027 equidem
675 1987 860 2028 Virgilium,

130 2048 198 2079 geo.
215 2038 246 2068 ii.
265 2042 334 2069 157.

126 2099 182 2122 Nec
190 2097 294 2130 pulcher
304 2098 424 2130 Ganges,
437 2102 519 2130 atque
528 2106 592 2123 auro
605 2099 727 2124 turbidus
738 2100 862 2124 Hermus:

125 2146 146 2176 i.
171 2156 198 2176 e.
234 2148 354 2178 validus
384 2157 420 2176 ac
451 2153 552 2177 vastus
559 2163 569 2183 ;
602 2154 638 2177 ut
660 2147 712 2177 alii
739 2157 864 2189 quoque

128 2198 244 2238 passim
259 2198 298 2228 de
315 2199 374 2228 hoc
389 2197 521 2228 flumine
538 2199 644 2238 po'etae.

174 2250 250 2279 Ver.
266 2254 339 2281 209.
361 2253 469 2281 cadere
485 2253 597 2282 sidera.
641 2251 749 2282 Julius
767 2251 866 2282 Obse-

134 2311 243 2342 quens,
268 2300 307 2331 de
336 2301 479 2341 prodigg.
503 2303 579 2332 cxvi.
611 2305 634 2321 “
659 2302 700 2332 In
727 2303 865 2333 eundem

132 2356 156 2371 “
171 2352 278 2383 locum
291 2354 376 2383 siclus
391 2352 503 2393 ingens
525 2355 595 2383 caelo
611 2354 806 2385 demissum.‘'

173 2405 250 2435 Ver.
267 2408 338 2435 210.
363 2407 411 2435 Sol
425 2407 540 2436 lumine
556 2409 687 2437 conserit
701 2418 786 2438 arva.
815 2408 862 2438 Si-

137 2457 254 2488 militer
276 2457 471 2488 Heliodorus
494 2458 577 2498 apud
597 2459 767 2497 Galenum,
789 2460 820 2491 ii.
835 2471 865 2501 p.

139 2512 213 2540 445.

178 2583 215 2606 00
225 2591 269 2614 μοι
280 2591 318 2606 τοι
332 2590 351 2606 εν
363 2583 468 2616 Τρικκῃ
479 2583 553 2615 πρηῦν
566 2581 621 2611 θεον,
645 2592 659 2606 8
669 2591 712 2614 μα.
722 2592 761 2608 τον
773 2582 829 2614 {nias

180 2629 310 2653 HEAION
325 2629 530 2653 §HEIPONTA
545 2628 611 2656 θειις
632 2626 811 2663 φαεσιμὲροτον
830 2639 869 2654 m-

276 2680 346 2707 γλκν.

182 2748 258 2779 Ver.
274 2752 346 2779 215.
359 2750 509 2790 flammea
520 2752 580 2781 vis:
600 2749 643 2780 sic
655 2753 776 2790 inpetus
790 2753 865 2782 AEt-

142 2810 203 2835 noe,
226 2811 288 2830 ver.
303 2803 375 2832 593.
399 2801 437 2831 ad
455 2802 590 2832 Homeri
613 2815 695 2844 παρος
714 2815 803 2845 ερωην·
829 2803 868 2834 11.

146 2858 186 2881 Π.
207 2854 275 2882 127.
298 2858 389 2893 atque
401 2855 482 2895 ῥιπῆς
500 2867 592 2895 παρος·
617 2854 689 2884 ibid.
709 2862 749 2885 Φ.
770 2859 816 2886 19.

187 2903 260 2933 Ver.
277 2907 348 2935 217.
373 2905 622 2936 Rescribendum
639 2912 758 2946 putem:

1012 537 1095 562 quom
1108 529 1232 556 deorsum
1243 532 1307 554 resto
1320 535 1366 561 per
1379 530 1457 555 inane
1468 530 1591 555 feruntur
1603 538 1609 554 z

892 588 912 620 i.
925 599 951 620 e.
964 589 1084 620 itinere.
1131 591 1236 626 Recto,
1252 591 1343 627 νεεῑό,
1359 595 1481 626 rectam,
1497 594 1623 619 rectum.

941 641 1017 672 Ver.
1033 643 1107 673 525.
1131 643 1256 681 Fulgur
1281 642 1323 671 ad
1349 642 1455 672 coelum
1482 652 1512 671 se
1536 642 1625 671 tollit.

894 697 942 729 Ut
949 694 1128 735 Euripides,
1137 694 1318 724 Homerum
1330 692 1507 729 aemulatus,
1516 693 1626 724 Phoen.

895 753 908 780 1
918 752 966 779 10.

971 841 1203 851 -—-——
1216 832 1396 862 καταχαλκον
1409 828 1480 854 ἄταν

969 877 1054 904 nestor
1068 878 1293 904 AETPAIITEI.

897 951 1150 982 Valckena'etum
1166 950 1281 987 videas,
1305 949 1445 981 Lucretii
1461 959 1526 980 non
1549 947 1627 981 obli-

896 1009 975 1033 tum.

940 1064 1016 1094 Ver.
1030 1066 1105 1094 541.
1124 1065 1199 1104 pari
1210 1065 1281 1105 filo.
1328 1062 1522 1093 Ammianus
1539 1063 1627 1093 Mar-

897 1117 1040 1154 cellinus,
1056 1116 1116 1147 xiv.
1132 1117 1189 1147 sub
1204 1116 1257 1147 fin.
1282 1118 1303 1134 “
1320 1115 1394 1146 Fuit
1407 1121 1514 1146 autem
1525 1114 1628 1145 forma

899 1172 922 1187 ‘⁶
938 1169 1124 1207 conspicuus
1146 1167 1241 1205 bona,
1264 1167 1394 1197 decente
1403 1168 1464 1208 filo
1481 1168 1629 1206 corporis,

900 1224 922 1239 “
939 1221 1218 1259 membrorumque
1232 1218 1316 1249 recta
1333 1218 1558 1259 compage—.”

943 1270 1016 1301 Ver.
1031 1273 1104 1301 555.
1130 1269 1195 1300 Hic
1210 1269 1350 1299 Lucretii
1370 1270 1457 1299 locus
1470 1268 1631 1307 perfectis-

900 1322 998 1352 simus
1013 1321 1136 1351 videtur
1151 1321 1184 1350 in
1210 1320 1310 1351 oculis
1328 1319 1444 1351 Ovidio
1459 1319 1568 1357 fuisse,
1593 1319 1633 1350 ad

901 1373 968 1404 fast.
996 1374 1034 1404 iV.
1062 1376 1134 1405 459.
1166 1373 1200 1402 in
1227 1372 1366 1402 editione
1393 1370 1634 1402 Burmannianzi

901 1425 1098 1455 vitiosissime
1113 1424 1260 1454 distincto
1279 1423 1415 1463 punctis:

934 1509 972 1533 Ut
984 1507 1070 1532 vitulo
1081 1507 1170 1539 mugit
1180 1513 1227 1531 sua
1239 1509 1327 1531 mater
1337 1506 1371 1530 ab
1382 1505 1464 1530 ubere
1475 1508 1564 1536 rapto,

964 1548 996 1571 Et
1009 1547 1108 1578 quaerit
1119 1546 1191 1572 fetus
1203 1553 1250 1578 per
1261 1553 1358 1571 nemus
1372 1551 1455 1570 omne
1465 1552 1541 1574 suos;

935 1588 975 1613 Sic
988 1588 1037 1612 dea
1048 1594 1098 1612 nec
1110 1587 1209 1612 retinet
1221 1586 1348 1618 gemitus,
1366 1589 1393 1610 et
1405 1585 1512 1609 concita
1524 1591 1604 1609 cursu

964 1630 1074 1658 Fertur3
1092 1631 1120 1653 et
1131 1635 1146 1652 e
1157 1627 1259 1658 campis
1270 1626 1375 1659 incipit,
1393 1627 1498 1656 Henna,
1515 1626 1584 1650 tuis:

903 1701 924 1731 i.
942 1712 967 1731 e.
995 1701 1042 1731 uti
1058 1711 1150 1731 vacca
1174 1699 1268 1730 deflet
1291 1709 1327 1730 ac
1352 1699 1464 1740 quaerit
1488 1698 1635 1735 vitulum,

902 1753 945 1783 sic
960 1752 1018 1783 dea
1033 1752 1132 1794 gemit
1147 1757 1177 1782 et
1195 1751 1287 1782 celen‘
1303 1761 1397 1782 cursu
1420 1750 1517 1781 filiam
1534 1751 1635 1780 inves-

903 1807 992 1847 tigat.

948 1859 979 1888 V
982 1869 1023 1888 er.
1035 1862 1107 1889 560.
1117 1860 1266 1889 desiderio
1275 1859 1393 1898 perfixa
1398 1856 1537 1896 juvenci.
1561 1856 1637 1886 Pin-

905 1910 1010 1948 darus,
1034 1910 1118 1940 Nem
1134 1909 1152 1940 i.
1171 1913 1220 1940 81.

984 1992 1059 2018 '122⁷’
1074 1994 1161 2024 οξεωιις
1177 1992 1315 2017 ΑΝΙΑΙΣῙ
1328 1990 1476 2016 ΤΥΠΕΙΣ.

950 2069 1025 2098 Ver.
1041 2071 1112 2099 565.
1135 2070 1266 2099 subitam
1283 2078 1400 2098 curam.
1438 2064 1558 2103 AddaS‚
1570 2064 1639 2105 qui-

907 2122 966 2152 bus
988 2120 1137 2158 diximus,
1161 2120 1267 2150 locum
1291 2119 1388 2155 Flori,
1412 2118 1443 2148 ii.
1470 2121 1517 2147 15.
1548 2120 1641 2147 15.—

909 2179 932 2194 “
949 2185 1029 2206 nova
1040 2174 1235 2214 perditorum
1244 2172 1410 2203 hominum
1421 2181 1546 2208 manus,
1562 2181 1639 2211 qua-

909 2230 932 2245 “
948 2227 974 2257 si
996 2237 1033 2257 ex
1049 2228 1162 2257 obruto
1184 2224 1330 2256 incendio
1352 2225 1451 2255 subita
1475 2223 1514 2253 de
1528 2222 1640 2253 cineri-

912 2284 933 2299 “
949 2282 1008 2311 bus
1030 2280 1169 2318 flamma,
1192 2276 1441 2319 prodibat:”—i.
1458 2286 1484 2306 e.
1507 2277 1640 2310 suborta,

910 2340 1025 2364 exorta.

954 2394 1029 2424 Ver.
1044 2396 1119 2425 589.
1138 2393 1268 2422 luminis
1279 2392 1399 2421 minora
1415 2391 1548 2428 Corpora
1560 2393 1642 2418 sunt.

911 2445 1154 2486 Appositissima
1187 2443 1356 2474 obvenient
1387 2441 1525 2472 Maximi
1554 2438 1644 2479 Tyrii

911 2499 1014 2535 verba,
1045 2496 1116 2527 diss.
1143 2495 1250 2525 xxviii.
1277 2493 1564 2531 {infimum-man
1593 2504 1645 2523 ‘rm

912 2550 980 2582 ἥλιε
1002 2561 1120 2585 ακτινιι,
1143 2547 1174 2578 δι’
1198 2560 1273 2588 αερος
1297 2557 1432 2587 χωρία-αν
1457 2545 1539 2574 οἷστε
1564 2543 1644 2572 θατ-

914 2614 970 2636 TOV,
995 2612 1197 2641 oexpoe‘ffflfffipoel!
1221 2612 1272 2631 Τῆς
1297 2611 1352 2627 *Των
1376 2607 1518 2634 o'mpooe‘rwv
1533 2605 1644 2631 συμμέ-

914 2665 1004 2693 ετριας·
1029 2651 1204 2679 “innuens
1229 2648 1344 2678 solares
1369 2646 1482 2681 radios,
1505 2644 1559 2685 qui
1574 2654 1644 2684 per-

912 2707 933 2721 “
950 2708 1056 2732 meant
1072 2702 1143 2731 a'e'ra.
1168 2700 1280 2740 sagitta
1306 2698 1482 2733 velociores,
1509 2696 1644 2735 puriori-

913 2757 934 2772 “
951 2755 1009 2784 bus
1025 2763 1090 2782 esse
1104 2758 1197 2792 atque
1212 2749 1452 2789 simplicioribus
1472 2747 1643 2787 particuliS‚

915 2808 938 2824 ‘⁶
954 2814 1049 2845 quam
1064 2814 1101 2834 ex
1114 2802 1227 2843 quibus
1239 2811 1367 2840 corpora
1377 2796 1644 2831 constituuntur.'’

917 2856 966 2886 Sic
983 2855 1035 2885 ille
1057 2855 1144 2884 loeus
1164 2852 1385 2893 intelligendus
1403 2857 1467 2889 est3
1488 2850 1528 2880 ad
1550 2857 1644 2889 quem

916 2909 949 2938 in
965 2907 1112 2939 omnibus
1127 2906 1193 2939 falli
1210 2905 1437 2938 Marklandum
1453 2909 1537 2942 puto.
