1894 3253
634 251 869 302 LIBER
925 250 1234 302 PRIMUS.

1604 258 1692 304 117

334 386 572 428 Heraclitus
594 387 671 428 init
691 401 870 443 quorum
892 385 979 426 dux
998 385 1141 440 praelia
1160 385 1332 441 primus,

219 466 302 503 640
336 461 483 503 Clarus
504 461 558 502 ob
580 461 798 502 obscuram
818 460 1003 516 linguam
1023 461 1156 516 magis
1178 461 1285 501 inter
1304 460 1474 510 inaneis,

335 535 528 586 Quamde
548 536 707 592 graveis
727 536 849 584 inter,
874 534 1041 583 Graios,
1064 535 1158 590 quei
1179 549 1275 575 vcra
1294 535 1520 591 requirunt.

336 609 493 652 Omnia
513 609 625 650 enim
649 608 808 650 stolidei
828 607 960 663 magis
981 606 1256 658 admirantur,
1279 616 1514 664 amantque,

336 684 514 725 Inversis
536 698 630 739 quae
651 683 727 724 sub
749 682 882 723 verbis
902 680 1104 723 latitantia
1124 691 1298 722 cernunt
1304 700 1316 732 ;

331 757 524 813 Veraque
545 757 817 805 constituunt,
840 770 935 811 quae
956 754 1060 796 belle
1080 763 1250 813 tangere
1269 765 1440 811 possunt

186 915 330 948 mollium
368 914 572 945 laudatorum
619 912 914 954 blandiloquentias.

185 968 325 1006 Persius,
342 967 361 997 i.
378 971 427 999 49.

280 1040 347 1068 Euge
359 1040 449 1066 tuum,
462 1040 489 1061 et
502 1035 609 1060 BeIIc-.

185 1094 261 1125 Toti
275 1099 382 1124 autem
397 1092 504 1132 phrasi
531 1094 603 1123 belle
629 1094 732 1122 aureis
754 1098 879 1131 tangere
902 1102 919 1122 e

186 1145 342 1177 contrario
364 1144 529 1184 respondet
550 1144 605 1174 illa
629 1144 734 1174 Persii
764 1143 918 1183 ejusdem,

188 1197 264 1229 ibid.
286 1200 357 1227 107.

416 1280 519 1302 teneras
533 1276 655 1302 mordaci
666 1276 755 1301 radere
767 1282 832 1300 vero

247 1317 396 1342 auriculas.

233 1386 307 1417 Ver.
323 1389 395 1417 645.
407 1386 544 1427 fucata:
570 1387 614 1417 V.
632 1385 680 1417 ed.
695 1386 830 1426 farma.-
856 1394 917 1414 un-

186 1437 226 1468 de
241 1447 305 1467 non
320 1436 402 1466 male
418 1437 462 1467 sic
477 1443 578 1467 tentes
603 1437 726 1476 locum;
751 1447 826 1467 nam
850 1437 920 1477 quis

187 1489 326 1530 vulgata,
349 1500 419 1530 quae
436 1496 613 1528 portentosa
629 1489 722 1529 plane
738 1489 835 1519 videri
849 1499 919 1529 pos-

187 1541 262 1580 sint,
278 1541 312 1571 in
328 1551 360 1571 se
376 1540 522 1580 suscipiet
537 1539 752 1571 defendenda?

354 1612 382 1633 et
393 1608 482 1640 lepido
493 1613 556 1639 quae
567 1610 630 1631 sunt
641 1610 732 1631 curata
744 1613 850 1631 sonore.

189 1669 330 1707 Tacitus,
347 1679 419 1699 ann.
438 1669 458 1699 i.
478 1673 525 1699 15.
542 1669 597 1699 fin.
623 1673 646 1688 “
658 1669 758 1699 donec
771 1668 923 1698 Haterius

190 1725 213 1741 “
231 1723 418 1762 Augustum
433 1726 545 1757 oraret,
570 1721 698 1762 ejusque
720 1722 924 1751 curatissimis

191 1776 212 1791 “
228 1773 372 1812 precibus
386 1771 631 1812 protegeretur.''

189 1824 275 1854 Vide
291 1834 430 1861 rursum,
447 1834 487 1853 an
503 1834 609 1853 veram
634 1823 773 1852 Lucretii
791 1833 924 1853 manum

190 1875 280 1905 nobis
291 1875 462 1913 prodiderit
478 1875 575 1904 codex
592 1880 697 1904 noster
715 1881 755 1904 Π.

206 1956 220 1964 κ

355 1951 382 1973 et
393 1949 480 1980 lepido
493 1956 554 1980 quae
568 1954 629 1974 sunt
639 1950 730 1975 fucata
742 1951 829 1976 colore.

193 2013 276 2043 Haec
292 2019 398 2043 autem
422 2014 541 2052 phrasis
566 2021 613 2044 est
635 2016 724 2045 omni
748 2016 850 2055 major
872 2027 924 2045 ex-

193 2065 349 2104 ceptione,
379 2071 409 2095 et
433 2073 561 2096 centum
587 2066 743 2097 similibus
767 2067 851 2106 apud
870 2067 923 2098 Ci-

193 2127 338 2147 ceronem
354 2116 503 2157 aliosque,
517 2118 564 2148 vel
577 2119 681 2158 tyroni
693 2119 727 2148 in
740 2120 926 2150 memoriam

196 2167 352 2203 redituris,
368 2178 401 2197 se
416 2168 566 2199 facillime
578 2170 659 2199 tueri
671 2171 796 2209 poterit:
824 2181 927 2212 neque

195 2220 346 2258 exemplis
368 2221 569 2252 conferendis
594 2232 673 2261 opus
699 2229 754 2253 est.
803 2223 864 2253 Sed
880 2235 926 2254 re-

195 2278 285 2311 putet
301 2282 409 2302 secum
425 2273 532 2311 lector,
548 2285 588 2304 an
604 2274 689 2305 idem
708 2276 927 2307 Romanorum

198 2322 421 2353 disertissimus
436 2325 475 2354 sit
490 2326 693 2366 corrigendus
709 2327 742 2357 in
758 2327 810 2357 lib.
820 2328 864 2359 iii.
876 2332 926 2359 25.

197 2373 235 2404 de
262 2382 396 2405 oratore:
425 2379 446 2394 “
465 2377 607 2407 Ornatur
630 2379 727 2418 igitur
751 2379 850 2410 oratio
872 2391 925 2421 ge-

201 2428 223 2442 “
241 2435 315 2455 nere
331 2426 481 2464 primum,
508 2434 539 2457 et
564 2430 652 2468 quasi
676 2432 772 2461 colore
791 2432 929 2471 quodam

199 2480 221 2495 ‘⁴
238 2478 353 2517 etfuco
369 2478 456 2507 suo.”
501 2479 623 2520 Vulgo,
639 2492 739 2518 succo,
756 2482 778 2511 i.
796 2493 821 2513 e.
836 2495 906 2514 suco
915 2499 925 2514 .-

198 2529 316 2559 locutio
332 2530 418 2559 enim
434 2535 542 2562 ornari
556 2544 644 2564 succo
661 2539 802 2564 monstro
817 2535 929 2566 similis

199 2581 331 2612 videtur.

197 2632 380 2669 Enimvero,
405 2640 440 2663 ut
467 2640 606 2664 mentem
634 2635 772 2676 eloquar,
795 2639 929 2678 exquisi-

197 2684 260 2715 tius
287 2685 335 2715 his
361 2685 482 2726 aliquid
505 2687 658 2717 sublatere
682 2688 827 2720 dixerim:
854 2701 929 2720 nam

197 2746 292 2766 nemo
304 2743 421 2767 temere
433 2738 511 2766 mihi
525 2737 735 2777 persuadebit,
752 2750 809 2770 nec
821 2741 928 2772 idone-

198 2797 236 2817 us
261 2789 376 2818 harum
405 2796 605 2820 venustatum
629 2790 743 2820 arbiter
770 2793 932 2823 conabitur

200 2839 396 2877 persuadere,
413 2841 537 2879 po’etam
550 2846 704 2879 nostrum,
721 2844 931 2874 subactissimi

196 2887 309 2927 judieii
324 2891 516 2930 scriptorem,
537 2892 579 2923 sic
596 2892 718 2923 sordide
735 2896 932 2934 metaphoras

203 2940 416 2979 permiscuisse
445 2949 553 2977 contra
582 2950 720 2985 receptas
738 2947 834 2978 -bene
857 2946 930 2978 scri-

961 913 1055 943 bendi
1072 913 1170 954 leges,
1194 924 1329 955 quarum
1352 920 1470 944 veteres
1485 920 1574 945 crant
1588 915 1690 945 obser-

962 966 1146 997 vantissimi.
1194 967 1245 997 Sic
1268 967 1365 1007 igitur
1381 967 1484 997 ausim
1499 967 1546 997 vel
1563 967 1694 1008 pignore

963 1018 1065 1056 posito
1080 1018 1269 1048 contendere
1282 1018 1467 1048 Lucretium
1483 1018 1653 1057 scripsisse:

1113 1090 1140 1112 et
1152 1087 1240 1118 lepido
1254 1092 1316 1117 quae
1328 1091 1391 1111 sunt
1403 1087 1506 1111 dulcata
1517 1094 1622 1112 sonore.

965 1144 1125 1183 Scriptum
1140 1150 1206 1174 erat
1222 1145 1332 1184 utique
1347 1145 1380 1174 in
1396 1145 1587 1175 membranis
1598 1147 1693 1176 ‹luca-

963 1203 1007 1234 ta,
1024 1196 1114 1226 litera
1128 1199 1150 1234 l,
1173 1196 1259 1236 quod
1275 1196 1403 1232 adsolet,
1426 1207 1520 1236 supra
1534 1197 1695 1227 obscurius

966 1254 1109 1284 exarat03
1132 1247 1218 1277 unde
1234 1247 1329 1277 libros
1345 1258 1454 1277 omnes
1468 1248 1619 1278 mendosa
1632 1248 1694 1278 lec-

967 1298 1024 1336 tio,
1040 1308 1111 1339 quae
1127 1298 1357 1335 circumfertur,
1380 1299 1469 1329 nullo
1484 1299 1612 1340 negotio
1627 1309 1697 1338 per-

969 1351 1090 1381 vaserit.
1149 1350 1296 1381 Sidonius
1326 1351 1532 1391 Apollinaris,
1562 1352 1594 1382 ii.
1627 1355 1696 1383 106.

967 1402 1106 1433 versibus
1119 1402 1338 1432 ornatissimis:

995 1491 1038 1515 Te
1051 1494 1189 1519 nascente,
1201 1489 1294 1514 ferunt
1306 1493 1405 1515 exorto
1417 1490 1529 1514 flumina
1539 1489 1620 1515 melle

996 1530 1115 1555 Dulratis
1127 1533 1256 1554 cunctata
1268 1530 1352 1560 vadis,
1365 1529 1470 1560 oleique
1480 1529 1595 1560 liquores

998 1573 1049 1597 Isse
1060 1579 1107 1604 per
1120 1571 1262 1601 attonitos,
1272 1570 1355 1595 bacca
1367 1571 1512 1602 pendente,
1523 1574 1649 1602 trapetas.

968 1655 1020 1685 De
1035 1664 1098 1694 quo
1116 1652 1267 1684 vocabulo
1290 1651 1434 1682 consulas
1459 1651 1576 1681 ibidem
1602 1650 1698 1679 inter-

970 1713 1085 1745 preteS,
1102 1712 1133 1736 et
1148 1705 1188 1735 ad
1204 1704 1346 1745 ejusdem
1361 1704 1448 1742 epist.
1463 1714 1489 1733 v,
1507 1706 1535 1732 4.
1551 1712 1624 1732 cum
1639 1701 1701 1732 cri-

970 1759 1040 1789 ticis
1062 1758 1102 1788 ad
1130 1758 1172 1788 A.
1204 1756 1285 1787 Gell.
1301 1766 1348 1786 xv.
1366 1759 1415 1786 25.
1444 1759 1464 1773 “
1480 1757 1595 1793 Dulco,
1623 1761 1700 1794 γλυ-

972 1815 994 1829 “
1011 1810 1138 1841 καινω.·”
1163 1809 1350 1850 glossarium
1372 1807 1549 1838 Philoxeni.
1594 1806 1700 1837 Adeas

973 1863 1069 1893 etiam
1084 1868 1227 1892 nostrum
1243 1871 1346 1900 supra,
1370 1870 1447 1891 verr.
1463 1864 1518 1898 40,
1535 1863 1608 1897 414,
1625 1863 1698 1891 946.

973 1915 1005 1946 ii.
1021 1918 1093 1946 473.
1110 1920 1151 1952 et,
1169 1924 1201 1944 re
1217 1913 1385 1954 diligenter
1399 1913 1433 1942 in
1448 1912 1555 1942 animo
1571 1911 1700 1949 versata,

972 1968 1022 1997 vix
1039 1966 1210 2006 ambigem,
1235 1965 1312 2005 quin
1334 1964 1367 1994 in
1394 1963 1581 1993 sententiam
1595 1973 1701 1993 meam

972 2018 1106 2058 pedibus
1121 2018 1163 2047 sis
1178 2017 1288 2046 itums.
1335 2015 1424 2045 Nihil
1445 2021 1552 2044 tamen
1577 2014 1610 2044 in
1633 2014 1699 2044 Lu-

971 2071 1058 2101 cretii
1085 2076 1267 2100 contextum
1297 2069 1355 2098 hac
1377 2067 1538 2098 occasione
1567 2066 1606 2097 de
1629 2077 1702 2097 meo

971 2122 1196 2161 interpolatum
1223 2120 1317 2150 volui.
1376 2118 1544 2160 VirgiliuS‚
1569 2119 1644 2150 AEn.
1670 2128 1700 2149 x.

971 2177 1042 2205 801.

1323 2250 1350 2272 et
1361 2246 1430 2270 mihi
1439 2252 1512 2270 curae

1033 2291 1109 2321 Saepe
1120 2293 1168 2313 tuo
1180 2287 1248 2312 dulci
1259 2287 1346 2311 tristes
1357 2294 1394 2311 ex
1405 2294 1446 2310 ore
1456 2288 1604 2310 recurrent.

973 2348 1118 2386 Ovidius,
1133 2353 1189 2377 art.
1205 2356 1266 2376 am.
1281 2345 1313 2375 ii.
1331 2348 1401 2374 284.

1354 2422 1473 2447 carmina
1482 2422 1567 2446 lector

1066 2464 1239 2489 Conmendet
1251 2462 1319 2487 dulci
1333 2462 1540 2494 qualiacumque
1550 2467 1617 2484 sono.

973 2534 1036 2564 His
1051 2539 1158 2563 autem
1171 2532 1305 2573 gemella
1321 2531 1436 2570 passim
1451 2530 1610 2570 leguntur.

1015 2586 1092 2615 Ver.
1109 2588 1182 2616 647.
1205 2595 1280 2614 uno:
1307 2583 1351 2612 sic
1368 2589 1401 2612 Δ.
1421 2588 1461 2611 Π.
1479 2587 1512 2612 Σ.
1536 2581 1590 2611 sed
1608 2582 1647 2612 G.
1661 2581 1700 2612 L.

975 2638 1022 2667 M.
1046 2649 1118 2672 τινος
1137 2635 1261 2675 reliqui,
1277 2646 1361 2669 vem,-
1389 2644 1452 2663 non
1468 2633 1698 2673 mala—puro.-

976 2689 1015 2718 G.
1042 2699 1123 2723 vere5
1150 2686 1234 2727 quod
1249 2685 1322 2715 ferri
1337 2691 1466 2724 poterat,
1493 2686 1520 2715 si
1545 2684 1701 2726 indigere-

974 2750 1053 2769 muS.

1017 2792 1091 2820 Ver.
1105 2793 1176 2821 648.
1199 2790 1370 2819 denserier:
1396 2788 1492 2818 Vind.
1508 2791 1676 2820 densarier.

1020 2841 1101 2872 Ibid.
1125 2843 1277 2872 calidum:
1296 2840 1386 2881 cujus
1400 2839 1526 2878 scilicet,
1542 2845 1703 2880 utcunque

975 2893 1158 2931 modificati,
1185 2892 1251 2922 sola
1276 2892 1448 2932 proprietas
1463 2894 1546 2923 calor
1560 2898 1614 2922 est.
1660 2892 1702 2921 In

975 2956 1066 2978 versu
1077 2949 1237 2986 sequente,
1256 2944 1296 2976 G.
1311 2946 1428 2984 eadem,
1444 2954 1501 2984 pro
1514 2945 1658 2975 eamdem.
