1894 3253
176 266 240 312 ¹70

680 257 740 304 T.
783 254 1163 304 LUCRETII

204 395 287 433 295
321 389 585 445 Conripiunt,
606 387 845 444 rapideique
864 387 1018 430 rotanti
1038 389 1204 430 turbine
1223 398 1403 445 portant.

319 464 414 514 Qus
435 478 480 504 re
499 463 622 503 etiam
643 470 765 519 atque
785 463 910 504 etiam
930 472 1025 505 sunt
1044 465 1154 506 venti
1175 480 1351 521 corpora
1370 479 1498 515 caeca3

318 537 669 594 Quandoquidem
688 537 820 589 factis,
843 546 883 580 et
901 540 1102 591 moribus,
1125 540 1275 582 aemula
1293 541 1454 598 magnis

318 612 524 654 Amnibus
544 613 826 664 inveniuntur,
850 621 995 668 aperto
1014 629 1189 670 corpore
1208 616 1301 672 quei
1323 623 1430 658 sunt.

215 770 289 800 Ver.
314 773 385 801 292.
408 781 497 809 quom
509 771 643 810 flumen.
688 771 763 801 Hoc
791 770 900 801 ordine

172 831 261 851 voces
276 821 462 851 exhibentur
482 821 516 851 in
541 822 581 852 G.
598 822 641 852 V.
668 822 718 852 ed.
744 823 782 853 Β.
797 823 834 853 L.
852 823 899 853 M.

173 880 212 906 Σ.
227 880 270 904 Ω..
294 884 352 903 1100
366 873 440 903 satis
457 883 564 903 caussa
578 873 740 904 videbatur
755 874 902 904 mutandi

173 935 247 955 cum
263 924 432 955 editoribus
446 925 686 964 transpositione
701 935 826 955 vocum.
860 926 901 955 In

172 981 210 1006 Δ.
224 976 267 1005 sic
282 982 441 1016 comparet
455 986 575 1006 versus:

203 1038 273 1068 Qua:
285 1036 370 1061 veluti
380 1035 501 1060 validam
513 1034 694 1065 cumflumina
705 1035 887 1066 procubuere:

171 1090 201 1114 et
217 1085 260 1114 sic
275 1084 308 1114 in
326 1091 366 1115 Π.

171 1146 242 1176 Quae
254 1144 339 1169 veluti
350 1143 469 1168 validum
481 1150 545 1168 cum
549 1142 659 1173 flumine
670 1150 714 1167 con
724 1144 901 1174 procubuere.

218 1194 302 1224 Ibid.
329 1195 423 1224 veluti
437 1195 562 1233 flumen
574 1193 780 1230 procubuere:
807 1198 843 1222 ut
864 1192 904 1222 de

159 1248 267 1288 fluctu
283 1244 451 1285 Virgilius,
467 1254 535 1284 geo.
552 1243 596 1273 iii.
613 1246 686 1272 240.

307 1312 426 1336 immane
437 1314 514 1335 sonat
525 1317 573 1342 per
583 1317 660 1340 saxa,
675 1317 763 1341 neque
774 1310 830 1342 ipso

200 1355 295 1377 Monte
306 1352 395 1376 minor
402 1350 550 1383 procumbit.

173 1410 270 1440 Hanc
293 1416 400 1440 autem
426 1408 667 1439 similitudinem
688 1408 907 1438 habuissemus

172 1462 269 1493 etiam
290 1462 324 1492 in
349 1461 537 1498 Claudiano,
568 1461 592 1490 si
619 1460 752 1490 editores
778 1460 846 1500 ejus
872 1471 905 1490 se

174 1515 250 1545 satis
278 1514 419 1544 oculatos
444 1513 671 1553 praestitissent,
698 1513 737 1543 de
758 1513 797 1543 vi.
821 1523 903 1543 00115.

173 1565 298 1596 Honor.
314 1569 387 1597 469.

478 1632 654 1663 mediumque
666 1639 714 1663 per
724 1631 842 1661 hostem,

221 1673 388 1697 Flammatus
399 1673 500 1696 virtute
512 1672 565 1703 piri,
577 1671 749 1703 propriaeque
759 1671 850 1695 salutis

221 1714 381 1741 Immemor,
392 1715 420 1736 et
431 1712 526 1736 stricto
538 1715 707 1742 prosternens
718 1711 797 1735 obvia
807 1710 889 1741 ferro,

218 1750 460 1780 Barbaraflumineo
469 1751 556 1775 secuit
567 1750 685 1775 tentoria
696 1757 784 1774 cursu.

174 1810 226 1841 Ita
246 1809 333 1848 prius
356 1818 395 1838 ex
419 1807 614 1838 divinatione
635 1806 808 1837 certissima
836 1817 906 1846 per-

175 1871 337 1901 spexeram
369 1859 541 1900 legendum
568 1869 645 1897 esse,
670 1869 766 1899 quam
792 1869 844 1889 me
868 1859 908 1889 ad

175 1913 317 1954 syllogen
332 1911 522 1940 variantium
538 1911 763 1949 scripturarum
785 1910 819 1939 in
846 1910 909 1941 fine

176 1963 324 1995 editionis
340 1962 587 1992 Burmannianae
602 1962 834 1997 convertissem,
853 1962 909 1992 ubi

176 2019 338 2053 comparet
360 2023 397 2042 ex
422 2012 581 2042 codicibus
607 2019 713 2042 nostra
727 2013 829 2048 lectio,
851 2023 909 2051 pro

167 2067 322 2108 fulmineo
329 2079 340 2099 ;
359 2069 396 2094 ut
406 2073 480 2093 sane
496 2063 662 2102 saepissime
674 2069 910 2093 commutantur

179 2128 285 2149 voces:
304 2116 375 2146 w'de
390 2125 447 2145 1105
462 2114 557 2152 infra,
573 2114 613 2143 ad
627 2124 688 2144 ver.
708 2118 798 2144 1002.
823 2117 909 2146 Secat

180 2177 287 2203 autem
301 2168 426 2209 proprie
441 2166 481 2197 de
489 2167 696 2208 fluminibus:
723 2165 775 2195 adi
791 2176 848 2196 nos
870 2166 910 2196 ad

178 2233 206 2254 v.
223 2225 294 2253 275.

222 2273 299 2303 Ver.
316 2273 389 2303 293.
414 2271 561 2300 trudunt:
589 2268 630 2298 V.
653 2268 700 2298 ed.
724 2274 755 2298 et
778 2269 818 2299 B.
843 2275 909 2299 ten-

180 2327 276 2355 dunt:
301 2322 387 2353 unde
408 2331 475 2352 11011
499 2319 632 2351 absurde
655 2320 698 2350 sic
712 2320 818 2351 locum
834 2330 909 2351 con-

181 2377 337 2413 stitueres,
352 2375 378 2404 si
394 2373 472 2414 quid
486 2372 669 2403 novandum
683 2372 777 2402 foret:

436 2442 549 2466 tundunt
560 2448 611 2471 res,
621 2443 686 2466 ante
696 2443 833 2471 ruuntque

210 2484 347 2516 Inpetibus
358 2482 466 2508 crebris.

223 2534 299 2564 Ver.
317 2537 388 2565 294.
411 2539 505 2563 torto:
535 2532 574 2562 G.
591 2532 628 2561 B.
652 2537 723 2568 toto,
747 2530 910 2561 usitatissi-

182 2584 234 2615 ma
249 2585 495 2624 permutatione:
515 2583 585 2613 vide
600 2592 705 2621 supra,
718 2581 829 2612 adver.
841 2585 910 2612 275.

185 2636 340 2672 sedulius,
356 2636 394 2667 iv.
411 2640 482 2667 224.

214 2702 351 2734 Discipuli,
361 2703 416 2727 solo
428 2705 503 2729 terris
515 2704 648 2729 residente
657 2701 796 2733 magistro,

213 2743 356 2768 Undosum
368 2744 467 2774 petiere
479 2745 580 2774 salum;
599 2744 740 2773 fluctuque
749 2746 876 2768 tumente

215 2784 290 2807 Torta
301 2782 468 2807 laborantem
478 2785 616 2814 jactabant
627 2789 740 2814 aequora
748 2782 872 2814 puppim.

186 2841 239 2871 Sic
253 2839 487 2879 castigandum:
513 2841 621 2881 vulgo,
645 2847 741 2871 torva.
790 2839 919 2879 80511111-ν

183 2900 230 2923 ter
254 2891 425 2927 Charisius,
449 2903 477 2931 p.
502 2896 552 2923 68.
575 2899 606 2922 et
629 2892 683 2922 alii
713 2893 913 2932 grammatici

185 2949 354 2985 nugantur,
371 2942 449 2974 dum
463 2942 672 2973 differentiam
683 2942 822 2982 aliquam
833 2942 916 2974 inter

944 773 1092 803 vocabula
1107 780 1206 804 vortex
1222 779 1253 803 et
1275 779 1373 804 verlei-
1393 772 1589 803 comminisci
1611 778 1676 802 stu.

945 824 1034 854 dent:
1061 826 1128 855 haec
1143 825 1297 855 recentior
1313 823 1533 854 tantummodo
1549 830 1605 862 est,
1622 824 1676 854 illa

946 884 1052 906 autem
1072 878 1230 913 vetustior,
1246 877 1475 917 orthographia.

990 929 1064 958 Ver.
1090 932 1161 960 295.
1184 930 1322 968 rapidei:
1357 928 1400 958 sic
1426 928 1622 966 concinnius,
1646 934 1677 958 et

946 978 1088 1009 suaviore
1110 979 1351 1014 constructione,
1375 979 1412 1009 P.
1437 979 1533 1010 Vind.
1557 980 1598 1009 V.
1626 979 1674 1010 ed.

944 1031 984 1061 Β.
1001 1030 1038 1062 L.
1057 1031 1104 1061 M.
1123 1031 1162 1061 Ο.
1181 1036 1215 1061 Δ.
1234 1037 1274 1061 Π.
1292 1035 1327 1062 Σ.
1347 1037 1392 1061 Ω.
1409 1036 1440 1061 01
1452 1041 1563 1061 01111105
1578 1031 1676 1061 iidem

944 1085 1062 1113 rotanti
1087 1093 1161 1112 cum
1175 1083 1216 1112 V.
1241 1082 1288 1112 ed.
1307 1081 1426 1122 Vulgo,
1449 1084 1559 1122 rapido
1583 1088 1614 1112 et
1627 1095 1677 1113 ro-

946 1137 1066 1169 tantia;
1094 1134 1148 1165 sed
1169 1135 1284 1175 quibus
1299 1134 1534 1165 auctoritatibus
1550 1136 1598 1164 hae
1613 1134 1678 1165 lec-

947 1186 1048 1216 tiones
1077 1186 1309 1223 suffulciantur,
1340 1197 1405 1216 non
1435 1192 1564 1217 constat.
1623 1186 1678 1217 Pii

949 1237 1111 1276 scriptura,
1126 1238 1161 1267 in
1175 1237 1334 1267 codicibus
1348 1237 1551 1276 fidelioribus,
1574 1244 1610 1268 ut
1636 1238 1682 1268 ait

946 1290 1022 1329 ipse,
1039 1295 1172 1329 reperta,
1188 1289 1278 1319 nobis
1293 1290 1433 1328 impense
1448 1289 1563 1328 placet3
1587 1296 1629 1328 et,
1653 1289 1680 1320 si

947 1341 1134 1381 suffragium
1149 1341 1229 1371 alius
1244 1340 1375 1381 quilibet
1386 1340 1483 1370 codex
1499 1340 1679 1379 addixisset,

948 1394 981 1424 in
995 1399 1145 1424 contextu
1160 1392 1348 1431 posuissem:

1129 1452 1271 1484 rapidoque
1281 1454 1390 1476 rotantes
1400 1451 1504 1477 vortice
1520 1455 1629 1484 portant
1639 1460 1645 1476 :

948 1507 1030 1536 renti
1045 1512 1170 1542 nempe,
1187 1501 1278 1532 facile
1293 1511 1331 1531 ex
1348 1501 1559 1540 superioribus
1578 1511 1680 1531 accer-

948 1555 1048 1587 sendi.

994 1606 1075 1637 Ibid.
1093 1611 1231 1646 portant.
1277 1604 1421 1634 Similem
1443 1603 1552 1633 sensus
1577 1603 1680 1634 effica—

949 1658 1029 1689 ciam
1045 1657 1119 1687 huic
1130 1658 1225 1686 verbo
1240 1655 1349 1686 tribuit
1361 1655 1402 1685 ad
1413 1655 1452 1685 iv.
1471 1658 1544 1686 445.
1560 1661 1591 1685 et
1605 1665 1682 1685 con-

949 1710 1030 1740 feras
1047 1709 1134 1748 Virg.
1152 1709 1227 1738 AEn.
1244 1707 1265 1737 i.
1280 1707 1333 1736 fin.
1349 1716 1417 1746 geo.
1433 1706 1472 1736 iv,
1488 1709 1561 1736 524.

993 1762 1068 1792 Ver.
1086 1763 1160 1792 297.
1184 1766 1229 1790 ee.-
1255 1759 1299 1789 sic
1323 1759 1360 1788 P.
1376 1758 1474 1788 Vind.
1502 1758 1543 1787 V.
1571 1757 1618 1788 ed.
1642 1758 1682 1788 B.

950 1813 988 1843 L.
1006 1813 1054 1843 M.
1072 1817 1106 1842 Σ.
1124 1817 1168 1842 Ω.
1193 1810 1258 1848 alii,
1281 1820 1334 1840 ac.-
1363 1816 1405 1839 Π.
1428 1814 1547 1847 autem,
1571 1811 1625 1840 de:
1651 1815 1683 1839 et

951 1875 1008 1905 pro
1023 1865 1167 1899 moribus,
1184 1863 1221 1893 P.
1238 1863 1276 1893 B.
1300 1863 1441 1899 uteribus,
1462 1861 1569 1891 minus
1590 1862 1687 1899 bene;

953 1922 984 1946 et
999 1916 1064 1946 vice
1079 1916 1212 1955 «magnis,
1230 1920 1271 1944 Π.
1288 1915 1395 1952 magis.

999 1967 1079 1997 Ibid.
1113 1967 1256 1997 moribus.
1312 1963 1417 1994 Simili
1446 1963 1611 1994 tralatione
1644 1964 1684 1993 ab

953 2019 1139 2048 hominibus
1175 2016 1270 2046 ducta
1308 2015 1486 2046 Columella
1524 2025 1600 2045 usus
1629 2022 1685 2052 est,

953 2070 987 2099 in
1010 2068 1130 2108 praefat.
1160 2071 1209 2097 25.
1234 2070 1256 2084 “
1275 2068 1350 2096 Coelz‘
1373 2071 1403 2095 et
1425 2068 1504 2095 ιιηηὶ
1519 2072 1685 2104 prcesentes

955 2124 978 2139 ‘⁸
994 2131 1089 2150 mores
1119 2117 1320 2148 intueaturz''
1358 2116 1444 2147 unde
1467 2123 1581 2146 nostrae
1608 2127 1684 2147 con-

950 2171 1082 2212 jecturae
1097 2170 1131 2199 in
1147 2169 1278 2209 Virgilii
1293 2178 1362 2209 geo.
1386 2168 1405 2198 i.
1422 2171 1494 2199 555.
1517 2169 1612 2198 robur
1633 2177 1684 2198 ac-

955 2223 1063 2254 cedere
1078 2221 1215 2252 videtur:

1016 2283 1073 2306 Hoc
1082 2284 1217 2310 metuens,
1228 2279 1281 2304 coeIi
1293 2286 1382 2309 morer,
1393 2282 1421 2304 et
1432 2279 1527 2309 sidera,
1538 2286 1629 2304 serva:

954 2329 991 2354 ut
1006 2322 1091 2353 idem
1106 2321 1237 2359 ibidem,
1252 2331 1313 2351 ver.
1330 2323 1383 2352 51.

1017 2384 1128 2411 Ventos,
1140 2384 1167 2406 et
1178 2380 1284 2405 varium
1296 2379 1350 2404 caeli
1358 2379 1518 2411 praediscere
1529 2386 1632 2410 morem,

1017 2423 1088 2446 Cura
1096 2421 1138 2445 sit.

955 2474 1070 2513 Neque
1093 2471 1183 2501 aliter
1210 2470 1346 2508 Plinius,
1369 2476 1432 2500 nat.
1448 2470 1520 2500 hist.
1538 2469 1600 2500 xiv.
1614 2472 1689 2500 5.—

958 2528 980 2542 “
997 2523 1037 2554 ad
1052 2525 1120 2554 coelc'
1134 2533 1241 2560 mores,
1258 2522 1377 2562 solique
1391 2520 1549 2562 ingenia.'’

998 2577 1076 2606 Ver.
1089 2578 1161 2606 298.
1183 2577 1239 2615 qui
1252 2580 1323 2605 sunt
1333 2588 1343 2604 :
1365 2580 1405 2604 Π.
1420 2575 1496 2614 quid
1509 2574 1583 2610 sint,
1596 2581 1684 2601 men-

957 2628 1032 2660 dose
1046 2633 1225 2667 utrumque.

1002 2679 1083 2711 Ibid.
1116 2685 1239 2718 aperto:
1275 2677 1295 2707 1.
1322 2687 1347 2707 0.
1378 2674 1476 2712 1111110,
1506 2672 1686 2711 manifesto,

957 2732 1043 2774 quod
1072 2731 1172 2762 oculis
1195 2728 1341 2768 usurpari
1366 2725 1472 2766 possit.
1518 2724 1686 2765 Virgilius,

959 2786 1035 2816 AEn.
1052 2783 1091 2813 vi.
1107 2786 1180 2813 406.

1111 2854 1144 2860 —
1153 2839 1235 2872 aperit
1244 2844 1362 2867 ramum,
1371 2836 1417 2868 qui
1428 2838 1502 2860 veste
1512 2835 1623 2860 latebat.

1000 2893 1076 2922 Ver.
1093 2895 1165 2922 299.
1195 2890 1292 2920 Tum:
1321 2887 1359 2918 P.
1383 2884 1480 2917 Vind.
1513 2884 1552 2914 V.
1576 2883 1622 2915 ed.
1648 2884 1687 2915 B.

959 2948 995 2975 Σ.
1014 2950 1058 2974 Ω.
1084 2944 1169 2974 Cum.
