1894 3253
192 282 279 322 xxii
675 282 767 325 AD
799 280 1195 324 LECTOREM.

251 406 477 455 Caeterum,
499 405 551 446 de
571 405 875 446 commentariis
895 406 1012 454 meis,
1035 419 1136 460 quos
1156 403 1293 445 multis
1312 403 1457 461 vigiliis
1476 412 1515 445 et
1536 403 1689 459 impross

191 480 246 520 bo
267 480 402 522 studio
423 480 632 529 contexui,
654 479 865 534 praecipua
884 477 987 518 mihi
1006 478 1174 519 felicitas
1194 478 1420 535 continget,
1455 486 1576 533 atque
1594 493 1691 533 pro-

189 554 328 609 positi,
352 554 463 610 quod
483 554 623 595 animo
644 568 804 607 semper
817 567 930 593 eram
946 552 1259 607 contemplatus,
1282 560 1382 594 tunc
1397 552 1565 594 demum
1581 567 1692 594 com-

189 643 265 683 pos
286 629 398 678 fiam,
422 628 453 669 si
475 627 652 668 rationes
673 627 729 668 sic
749 626 919 668 videbor
948 627 992 667 in
1012 626 1121 667 notis
1141 626 1441 668 concinnandis
1470 626 1698 682 prudenter

190 711 495 758 attemperasse,
527 709 572 743 ut
602 717 668 742 eas
699 716 775 741 nec
805 700 918 741 docti
946 700 1170 751 fastidiant,
1202 709 1242 742 et
1271 701 1500 758 intelligant
1529 708 1696 756 tyrones

188 777 414 826 fructuose3
447 784 569 831 atque
588 774 688 816 hinc
703 774 823 825 adeo,
846 774 963 816 sicuti
994 775 1051 816 ait
1070 774 1149 824 ifle,
1172 775 1336 831 utrique
1355 776 1415 816 rei
1435 775 1608 816 scienter
1629 788 1697 814 oc-

188 851 456 901 cucurrerim,
491 858 537 891 ut
557 849 712 890 mederi
742 850 895 904 possim
927 864 1053 905 quum
1086 850 1276 900 satietati,
1313 858 1402 891 tum
1432 847 1696 906 ignorantiae,

189 925 401 967 lectorum.
464 923 722 972 Quantfflum
753 923 930 978 denique
950 923 1001 964 sit
1020 923 1135 974 illud,
1158 923 1271 979 quod
1300 923 1499 965 indefessa
1527 923 1700 979 diligen-

188 999 244 1040 tia
267 998 460 1054 consequi
481 997 693 1046 valuerim,
715 996 846 1051 probe
867 996 966 1036 scio:
999 1011 1076 1037 nec
1096 1004 1235 1037 tamen
1255 998 1382 1038 animi
1395 997 1613 1052 judicium,
1637 1011 1700 1037 sa-

187 1081 402 1114 cramento
433 1072 644 1112 literarum
674 1070 902 1111 liberalium
932 1070 1111 1126 legitime
1142 1071 1326 1127 obligati,
1363 1079 1403 1112 et
1432 1071 1699 1112 humanitatis

189 1147 316 1202 pleni,
340 1144 623 1194 reformidem3
656 1159 790 1199 neque
809 1145 868 1185 ita
888 1159 979 1185 sum
999 1144 1185 1199 profecto
1216 1145 1268 1186 ab
1289 1145 1404 1186 omni
1423 1145 1556 1187 laudis
1576 1159 1702 1200 appe-

189 1221 335 1261 titione
363 1219 532 1268 alienus‚
564 1225 611 1259 ut
630 1232 716 1258 non
747 1217 864 1258 valde
893 1217 1057 1272 cupiam
1089 1218 1279 1259 secundae
1310 1219 1464 1274 aliquid
1495 1219 1702 1274 opinionis

190 1293 379 1336 mihimet
400 1293 621 1348 acquirere.
685 1291 900 1332 Lividulos
921 1299 1059 1332 autem
1090 1307 1277 1334 censores
1298 1301 1460 1334 nostros
1489 1292 1593 1333 nihil
1612 1307 1702 1334 mo—

190 1384 260 1409 ror
267 1387 279 1418 3
312 1367 516 1417 homines,
538 1366 643 1407 veris
663 1365 788 1406 literis
810 1374 880 1406 aut
899 1365 1041 1406 leviter
1060 1375 1290 1417 contactos,
1313 1376 1399 1417 aut,
1422 1382 1521 1423 quas
1542 1367 1703 1422 arripu-

191 1447 312 1497 erint,
336 1446 470 1501 pravis
491 1444 702 1486 affectibus
723 1443 1054 1485 dehonestantes:
1088 1442 1156 1497 qui
1179 1442 1398 1483 doctorum
1419 1450 1605 1492 conatus,
1627 1441 1703 1483 illis

191 1521 509 1576 displicentium,
534 1534 587 1560 ex
607 1517 790 1574 professo
811 1517 1005 1558 deamant
1026 1516 1272 1571 deprimere,
1306 1525 1346 1556 et
1366 1515 1549 1557 fovendis
1569 1516 1703 1557 hono-

192 1595 412 1650 randisque
435 1593 655 1634 Musarum
677 1592 835 1633 asseclis
855 1591 1010 1632 nullam
1026 1605 1196 1645 operam
1215 1590 1521 1645 impertiuntur.
1584 1589 1703 1638 Quo-

191 1670 266 1710 ties
295 1684 393 1709 vero
415 1668 670 1717 cessaverim,
703 1674 743 1708 et
763 1666 1034 1706 intentionem
1058 1665 1183 1706 animi
1206 1664 1377 1705 videbor
1397 1664 1611 1714 remisisse,
1625 1664 1703 1704 mi-

191 1743 235 1784 hi
267 1742 532 1783 vehementer
562 1740 816 1798 gratulabor,
851 1754 898 1780 ac
923 1754 1018 1779 cum
1050 1738 1151 1778 meis
1186 1737 1330 1780 studiis
1364 1737 1533 1779 feliciter
1564 1745 1702 1779 actum

192 1832 277 1858 esse
299 1816 558 1865 existimabo,
581 1815 629 1864 si,
644 1813 876 1855 liberalibus
892 1821 1015 1868 atque
1029 1827 1123 1853 vere
1144 1812 1313 1852 eruditis
1334 1826 1491 1852 errores
1505 1811 1703 1853 benevole

193 1889 535 1948 monstrantibus,
567 1888 792 1945 malignam
813 1887 1094 1929 cavillatorum
1115 1886 1400 1940 intemperiem
1420 1893 1566 1940 potero
1581 1885 1702 1927 lucri-

193 1964 337 2005 facere.

257 2115 308 2155 In
330 2115 564 2155 universum
585 2128 697 2163 sane,
719 2113 800 2154 hoc
820 2113 883 2154 vel
912 2114 955 2153 in
976 2112 1168 2154 maximis
1199 2111 1385 2152 omnium
1412 2126 1436 2152 a
1455 2109 1702 2164 memetipso

198 2188 470 2230 obtinendum
492 2204 576 2229 esse
593 2188 812 2229 arbitratus
833 2202 938 2237 sum,
957 2195 1003 2228 ut
1018 2201 1071 2227 ne
1087 2185 1186 2242 quid
1206 2201 1273 2226 me
1287 2193 1429 2240 putem
1451 2184 1568 2234 scire,
1591 2182 1705 2238 quod

197 2263 395 2312 nesciam;
439 2277 703 2318 quaeramque
735 2277 894 2317 semper
925 2261 1149 2310 addiscere,
1183 2260 1294 2315 quod
1324 2260 1530 2316 ignorem:
1575 2271 1703 2312 quum

198 2337 386 2387 sentiam,
401 2337 538 2377 minus
557 2337 750 2391 prodesse
765 2337 895 2392 perite
911 2335 1011 2391 quid
1026 2335 1174 2385 facere,
1197 2349 1320 2390 quam
1334 2334 1474 2374 obesse
1486 2345 1704 2387 perperam

197 2411 350 2452 fecisse.
402 2411 628 2461 Nimirum,
651 2412 693 2452 in
710 2412 774 2452 his
792 2420 1027 2466 temporum
1048 2410 1262 2466 angustiis,
1284 2423 1408 2449 nemo
1429 2406 1552 2448 debet
1572 2404 1703 2446 admi-

199 2486 360 2526 ratione
386 2486 650 2535 commoveri,
685 2485 840 2526 nedum
870 2484 1079 2541 indignari
1110 2484 1272 2533 debeat,
1308 2482 1355 2532 si,
1383 2480 1591 2522 laboribus
1623 2479 1704 2519 suis

200 2559 446 2610 victitantes,
470 2567 511 2600 et
530 2575 575 2600 re
595 2558 784 2600 familiari
815 2559 967 2599 artiore
996 2557 1143 2614 vigiliis
1164 2556 1334 2606 addicti,
1367 2570 1444 2597 nec
1464 2569 1550 2595 non
1573 2552 1701 2608 (quod

202 2632 260 2673 rei
283 2641 406 2687 caput
431 2635 505 2686 est)
528 2635 635 2674 inter
664 2633 864 2673 librorum
896 2631 1163 2673 vetustiorum
1184 2645 1321 2671 raram
1341 2629 1463 2670 nimis
1492 2627 1613 2668 nimis
1634 2642 1699 2667 su-

201 2706 438 2761 pellectilem
461 2708 713 2748 tenebricose
733 2706 939 2761 dispalati3
973 2706 1006 2745 si
1027 2705 1191 2755 scilicet,
1212 2705 1276 2746 his
1296 2699 1700 2744 incommoditatibus

202 2781 331 2835 pressi
352 2779 619 2836 districtique,
642 2780 833 2837 quaedam
853 2779 1042 2820 emittant
1061 2778 1237 2819 nimium
1258 2777 1543 2832 deproperata,
1566 2788 1699 2829 neque

204 2853 257 2894 ad
297 2868 479 2910 unguem
514 2864 774 2910 praesectum,
810 2852 1159 2910 quemadmodum
1189 2850 1395 2900 vellemus,
1427 2848 1697 2905 complanata·
