1894 3253
229 249 322 308 282

707 258 769 304 T.
813 254 1198 304 LUCRETII

372 393 469 434 Non
490 396 678 446 possunt:
711 387 799 431 face
820 388 931 430 enim
952 387 1147 428 minumis
1167 402 1190 428 e
1209 387 1393 442 partibus
1414 403 1500 430 esse

255 473 337 508 485
371 467 560 520 Corpora
579 465 732 520 prima3
764 463 912 514 tribus,
943 462 1007 503 vel
1026 462 1164 517 paullo
1184 462 1383 517 pluribus,
1415 477 1535 519 auge:

371 541 548 595 Nempe,
580 540 652 581 ubi
672 554 739 580 eas
758 538 909 594 parteis
928 537 1051 578 unius
1071 536 1258 591 corporis
1278 537 1451 586 omneis,

373 616 546 657 Summa
564 622 686 670 atque
706 614 804 663 ima,
836 612 991 662 locans,
1024 618 1302 652 transmutans
1321 610 1492 651 dextera
1511 610 1638 659 laevis,

372 688 636 731 Omnimodjs
657 695 848 743 expertus
870 686 963 735 eris,
996 700 1120 741 quam
1141 686 1312 741 quisque
1332 685 1402 726 det
1423 685 1529 726 ordo

373 764 620 805 Formarimi
642 762 818 817 speciem
839 760 964 801 totius
986 760 1170 814 corporis
1191 760 1295 814 ejus3

258 844 340 881 490
372 838 501 887 Quod
521 852 642 893 super
663 846 740 887 est,
772 836 804 877 si
824 835 930 876 forte
949 834 1058 875 voles
1080 835 1236 875 variare
1255 833 1424 890 figuras,

374 911 628 954 Addendum
649 910 800 966 parteis
822 909 919 950 alias
939 908 1031 948 erit:
1064 907 1161 948 inde
1182 916 1391 963 sequetur,

229 1077 344 1107 temur;
361 1071 554 1110 {saccinum
602 1069 647 1098 At
659 1067 826 1108 eninisace
840 1065 964 1095 videtur

229 1123 387 1163 antiquior
402 1121 635 1162 orthographia,
659 1127 690 1150 et
705 1120 834 1150 fortasse
856 1116 964 1147 multis

230 1174 422 1205 comicorum
446 1174 521 1204 locis
545 1172 735 1203 restituenda
750 1177 803 1201 est.
848 1170 963 1206 Varro,

231 1226 270 1256 dc
285 1237 317 1256 re
332 1232 407 1256 rust.
422 1226 443 1255 i.
460 1230 488 1257 9.
506 1228 534 1255 7.
569 1228 591 1242 “
610 1223 683 1260 Sed,
707 1222 791 1262 quod
814 1221 963 1261 sequitur,

231 1282 253 1296 “
270 1278 398 1307 tertium
415 1276 496 1306 illud
511 1276 551 1306 de
568 1275 669 1305 modis
685 1273 785 1304 dice.’'
831 1273 875 1302 Et
891 1271 964 1301 ibid.

228 1329 260 1358 ii.
290 1332 314 1358 1.
347 1332 394 1358 11.
441 1327 597 1366 Sosipater
630 1324 803 1359 Charisius,
827 1333 960 1363 gramm.

230 1380 301 1409 inst.
326 1379 378 1410 lib.
395 1379 437 1408 iii.
453 1389 481 1417 p.
498 1380 570 1408 227.
596 1380 616 1394 “
636 1376 756 1406 Omnia
779 1374 963 1413 imperativa

230 1436 253 1451 “
270 1431 369 1462 tertiae
399 1428 629 1470 conjugationis
659 1426 831 1457 secundam
856 1435 962 1464 perso-

232 1488 255 1503 “
271 1494 346 1513 nam
372 1481 516 1512 instantis
540 1480 688 1519 temporis
717 1489 772 1518 per
801 1490 816 1509 ε
839 1478 964 1508 literam

232 1543 254 1558 “
272 1538 492 1568 terminantur.
517 1536 773 1573 Corrumpuntur
782 1539 889 1563 autem
899 1534 965 1562 haec

231 1593 253 1620 ‘.‘
271 1590 346 1626 tria3
371 1594 407 1618 ut
432 1586 590 1628 faciosac,
614 1585 684 1616 dico
700 1587 762 1622 dic,
786 1584 868 1615 duco
883 1589 961 1616 duc.-

234 1646 256 1660 “
273 1641 371 1671 -sed
395 1642 480 1680 opud
511 1645 619 1669 veteres
652 1637 736 1667 salva
767 1643 813 1667 est
842 1638 966 1678 regula3

233 1697 254 1711 “
271 1703 347 1722 nam
371 1691 528 1726 dixerunt,
549 1690 637 1730 sace,
668 1691 757 1726 duce,
787 1688 882 1719 dice.”
929 1691 967 1726 Q.

234 1742 387 1774 Rhemnii
402 1740 595 1772 Palaemonis
607 1750 657 1770 ars
672 1749 807 1781 gramm.
824 1751 853 1778 p.
874 1744 964 1771 1589.

233 1800 255 1815 “
274 1795 337 1826 Sed
351 1794 484 1835 quaestio
494 1793 532 1824 de
545 1795 622 1831 Dic,
638 1794 722 1828 Duc,
739 1798 770 1822 et
783 1793 865 1828 Fac‚-
884 1803 966 1822 nun-

235 1851 257 1866 “
274 1857 370 1889 quam
386 1846 481 1881 enim,
508 1843 612 1875 addita
629 1856 672 1881 re,
691 1844 813 1884 integre
829 1845 968 1875 sonuerit

234 1906 255 1921 “
273 1901 460 1932 infinitivus:
486 1900 542 1930 sed
557 1900 616 1929 hoc
641 1910 700 1929 usu
716 1899 889 1938 plurimum
915 1911 967 1930 va.

235 1957 257 1972 “
274 1953 348 1989 luit;
374 1963 448 1982 nam
463 1951 621 1992 Virgilius
644 1950 719 1980 dicit
734 1953 826 1989 Dice,
852 1958 882 1981 et
902 1951 965 1982 Te-

235 2008 259 2022 “
275 2004 395 2034 rentius
426 2005 526 2033 Face:
568 2001 681 2041 quibus
710 2001 735 2031 si
765 2002 893 2042 adjicias
922 2014 966 2041 re,

235 2059 258 2074 “
275 2055 395 2084 faciunt
410 2054 532 2093 integre
551 2063 664 2082 sonare
683 2052 874 2082 infinitivum
899 2064 966 2083 mo-

235 2111 258 2126 “
275 2106 364 2141 dum,
387 2107 513 2139 Dicere,
537 2105 665 2138 Facere,
680 2103 838 2133 Ducere.”
879 2104 968 2134 Hinc

236 2158 322 2189 haud
345 2157 486 2188 dubitem
506 2155 609 2195 legere
633 2154 667 2183 in
697 2153 822 2194 Virgilii
849 2155 924 2185 A'En.
949 2156 968 2185 i.

238 2213 309 2241 753.
324 2209 364 2248 vi.
380 2211 452 2238 518.
468 2210 539 2237 545.
555 2206 606 2235 vii.
623 2209 695 2236 546.
719 2207 799 2242 (lice,
822 2216 878 2244 pro
900 2206 968 2236 vul-

237 2262 305 2303 gari
321 2264 390 2295 (Hc,-
409 2265 440 2289 et
457 2259 533 2288 AEn.
551 2257 592 2287 xi.
609 2260 680 2287 464.
697 2266 765 2296 geo.
782 2255 820 2286 iv.
836 2247 908 2287 ²558.
924 2257 971 2287 bis

238 2316 326 2350 duce,
353 2322 410 2351 pro
424 2313 493 2341 duc.
544 2309 637 2339 Idem
654 2308 764 2344 Varro,
789 2307 861 2338 ibid.
878 2308 920 2338 iii.
942 2312 970 2338 2.

240 2365 363 2395 fin.—-“
380 2366 491 2394 induce
513 2372 565 2391 me
595 2362 629 2391 in
659 2361 743 2391 viam
769 2359 970 2400 disciplinae.”

241 2416 304 2447 Sed
328 2416 459 2445 omnino
487 2412 607 2444 consuli
636 2412 729 2442 debet
756 2413 970 2450 Burmannus,

238 2469 279 2500 ad
296 2466 427 2499 Anthol.
443 2467 512 2496 Lat.
528 2465 571 2495 iii.
589 2467 659 2495 135.
676 2469 704 2496 6.

283 2529 359 2558 Ver.
379 2530 451 2558 485.
473 2528 570 2557 tribus
591 2527 655 2556 vel:
684 2531 725 2555 Π.
747 2525 900 2564 partubus
916 2525 971 2554 uti.

241 2591 380 2620 —auge:
405 2579 491 2609 idem
505 2589 596 2619 euge;
629 2583 660 2607 et
674 2577 715 2607 V.
733 2576 783 2606 ed.
808 2576 973 2615 interpolat

238 2645 305 2672 prce
321 2638 393 2663 ante
408 2633 514 2663 tribus.

286 2693 360 2722 Ver.
371 2695 443 2722 487.
454 2696 664 2721 transmutans
673 2703 681 2720 ,·
696 2688 738 2719 V.
752 2687 798 2718 ed.
812 2694 858 2719 Ω..
870 2694 973 2719 trans-

242 2751 342 2774 mutas
348 2760 357 2779 ;
384 2750 424 2774 Π.
440 2745 640 2775 transmittas.
687 2742 750 2771 Pro
765 2742 859 2776 Iaevis,
887 2741 968 2770 Gro-

242 2795 364 2831 novius,
381 2796 457 2825 obss.
469 2799 498 2825 5.
519 2798 544 2824 Ι.
556 2805 584 2833 p.
595 2797 665 2824 453.
681 2792 830 2823 laudante
846 2792 969 2822 Havet-

242 2856 365 2885 camp0,
390 2846 510 2876 videtur
530 2846 663 2876 voluisse
681 2847 801 2882 laevius,
823 2854 893 2884 quae
908 2844 971 2874 fuit

242 2898 326 2937 prior
341 2896 492 2934 scriptura
506 2897 621 2926 codicis
638 2897 686 2927 M.
702 2896 845 2937 quamvis
859 2895 970 2926 eadem

243 2958 341 2978 manu
355 2947 559 2986 superscripta
574 2947 611 2977 sit
623 2949 714 2978 laecis.
759 2946 847 2982 Quid
862 2952 970 2976 autem

1007 1063 1064 1093 sibi
1079 1064 1154 1094 velit
1168 1062 1253 1093 istud
1273 1064 1390 1098 laevius,
1413 1062 1525 1092 malim
1533 1062 1646 1093 «dicant
1660 1063 1731 1094 alii:

1008 1129 1059 1149 me
1084 1129 1208 1158 prorsus
1238 1118 1381 1158 ignorare
1405 1116 1512 1147 fateor.
1569 1117 1735 1154 Horatius,

1008 1179 1062 1202 sat.
1078 1172 1097 1201 i.
1110 1175 1139 1201 4.
1153 1174 1202 1202 58.
1218 1170 1323 1200 locum
1334 1171 1427 1200 habet
1442 1180 1506 1199 non
1522 1169 1720 1200 dissimilem:

1236 1248 1274 1274 et,
1291 1244 1363 1275 quod
1375 1243 1446 1275 prius
1457 1243 1550 1268 ordine
1562 1244 1675 1268 verbum
1687 1247 1741 1273 est,

1039 1285 1168 1309 Posterius
1179 1284 1271 1314 facias,
1288 1290 1450 1315 praeponens
1460 1283 1557 1307 ultima
1568 1283 1669 1315 primis.

1049 1348 1124 1377 Ver.
1137 1351 1209 1377 488.
1229 1349 1433 1378 Omnimodis:
1452 1347 1495 1376 sic
1505 1346 1658 1376 editiones
1669 1347 1737 1377 vul-

1007 1409 1096 1439 gares
1117 1405 1211 1436 recte,
1235 1409 1273 1429 ex
1296 1398 1446 1429 Lambini
1468 1398 1609 1438 ingenio,
1634 1404 1670 1428 ut
1685 1408 1738 1428 ex-

1007 1457 1115 1490 putem
1125 1462 1134 1487 ;
1159 1451 1195 1480 L.
1210 1450 1258 1480 M.
1275 1451 1463 1485 Omninzodi;
1487 1448 1599 1489 reliqui
1613 1459 1739 1487 omnes,

1013 1505 1210 1538 0mnimodo;
1239 1503 1351 1542 quibus
1374 1502 1463 1532 nullo
1488 1501 1584 1531 modo
1612 1512 1741 1540 possum

1008 1555 1209 1591 subscribere,
1225 1561 1261 1584 ut
1273 1554 1377 1584 hiatus
1387 1553 1502 1583 scilicet
1514 1554 1620 1583 minus
1635 1564 1741 1584 neces·

1011 1607 1092 1636 sario
1107 1605 1311 1646 relinquatur,
1333 1611 1365 1635 et
1376 1604 1524 1645 loquendi
1534 1615 1658 1643 norma,
1674 1605 1740 1635 Lu-

1012 1658 1108 1688 cretio
1122 1657 1258 1695 insolita,
1273 1657 1327 1696 qui
1343 1667 1424 1695 saepe
1440 1655 1543 1686 forma
1558 1657 1740 1688 omnimodis

1013 1720 1088 1740 usus
1103 1716 1159 1745 est,
1182 1709 1341 1738 inferatur.

1052 1762 1126 1791 Ver.
1138 1765 1176 1791 48
1182 1766 1209 1793 9.
1221 1763 1404 1792 Formarum
1414 1773 1424 1789 .-
1439 1759 1476 1789 L.
1487 1759 1535 1789 ΪΜ.
1546 1763 1581 1789 Δ.
1593 1760 1722 1790 For-mai
1728 1773 1739 1789 .-

1010 1825 1122 1854 parum
1144 1813 1280 1843 interest.
1325 1813 1368 1842 Et
1393 1811 1469 1841 ordo
1492 1817 1549 1841 est:
1578 1814 1599 1829 “
1617 1811 1743 1850 Nempe

1011 1870 1033 1885 “
1051 1866 1116 1901 ubi,
1140 1865 1247 1895 locans
1273 1875 1324 1894 eas
1346 1874 1456 1893 omnes
1471 1868 1584 1901 partes,
1609 1868 1639 1891 et
1654 1872 1742 1892 sum-

1012 1922 1034 1936 “
1049 1929 1102 1948 ma
1117 1923 1148 1948 et
1163 1917 1237 1953 ima,
1260 1916 1356 1946 unius
1372 1914 1518 1953 corporis,
1546 1914 1672 1944 dextera
1686 1914 1742 1944 lae-

1012 1973 1034 1987 “
1050 1969 1097 1999 vis
1127 1974 1353 2005 transmutans,
1383 1966 1444 1996 eris
1469 1971 1614 2004 expertus
1637 1965 1741 1995 omni-

1013 2025 1034 2040 “
1050 2020 1162 2057 modis,
1185 2030 1280 2060 quam
1307 2019 1442 2058 speciem
1465 2018 1641 2048 formarum
1657 2017 1742 2056 quis-

1013 2076 1035 2090 “
1053 2082 1114 2111 que
1141 2071 1217 2100 ordo
1242 2071 1338 2100 totius
1364 2070 1432 2109 ejus
1455 2068 1591 2107 corporis
1616 2068 1684 2103 det;
1717 2066 1744 2097 si

1014 2126 1036 2140 ‘⁶
1052 2122 1127 2152 velis
1156 2121 1288 2151 ulterius
1316 2121 1434 2149 formas
1463 2119 1593 2155 vafiare,
1623 2118 1656 2148 id
1677 2128 1743 2147 non

1014 2177 1037 2192 “
1054 2173 1143 2203 aliter
1166 2182 1261 2212 quam
1289 2181 1327 2201 ex
1342 2179 1498 2200 novarum
1518 2169 1743 2209 particularum

1015 2228 1036 2243 “
1053 2234 1179 2254 accessu
1193 2223 1278 2253 fiet.’'

1058 2275 1130 2305 Ver.
1147 2279 1220 2306 490.
1243 2275 1334 2305 voles.-
1369 2272 1466 2303 Viud.
1494 2273 1534 2302 V.
1560 2271 1607 2302 ed.
1634 2272 1673 2302 L.
1695 2272 1746 2302 M.

1015 2328 1102 2357 vales.
1150 2325 1194 2355 Et
1217 2331 1278 2354 tres
1292 2335 1407 2360 versus,
1433 2323 1487 2364 qui
1504 2323 1609 2353 statim
1636 2333 1745 2354 conse·

1015 2383 1166 2418 quuntur,
1177 2376 1291 2406 desunt
1306 2375 1403 2405 Vind.
1421 2375 1460 2404 V.
1475 2374 1521 2404 ed.
1535 2382 1572 2405 A.
1588 2381 1629 2404 Π.
1646 2379 1681 2405 Σ.
1691 2373 1746 2404 de-

1016 2429 1113 2468 ceptis
1135 2428 1220 2458 haud
1245 2427 1339 2457 dubie
1366 2426 1554 2466 apographis
1575 2426 1746 2455 homoeote-

1016 2481 1103 2512 leuto
1125 2479 1276 2511 vocabulo
1288 2481 1429 2522 figuras,
1452 2478 1499 2508 uti
1525 2478 1675 2518 sagaciter
1690 2476 1746 2506 ad·

1016 2533 1140 2564 monuit
1155 2542 1293 2572 nuperus
1315 2531 1414 2561 editor
1429 2530 1567 2560 Lucretii
1583 2529 1624 2559 ad
1640 2538 1745 2559 exem-

1016 2586 1084 2625 plar
1099 2584 1212 2615 codicis
1228 2581 1492 2613 vindobonensis.
1538 2581 1619 2610 Haec
1640 2585 1746 2609 autem

1018 2643 1063 2668 est
1078 2647 1115 2670 ex
1132 2636 1170 2666 iis
1184 2633 1466 2674 depravationibus,
1484 2642 1560 2672 quas
1575 2629 1670 2660 nullae
1685 2629 1744 2659 cri-

1018 2689 1152 2718 ticorum
1161 2697 1234 2726 opes
1244 2685 1411 2716 emendare
1422 2683 1558 2719 valeant3
1569 2686 1611 2717 et,
1622 2679 1746 2710 defectu

1013 2740 1203 2778 scriptorum
1218 2738 1381 2772 librorum,
1405 2734 1512 2774 nequit
1535 2730 1652 2770 ambigi
1669 2731 1747 2771 quin

1013 2791 1106 2821 multi
1122 2790 1185 2820 sint
1206 2795 1359 2824 auctores,
1380 2786 1434 2826 qui
1450 2784 1532 2814 vitiis
1557 2781 1742 2812 inemenda-

1013 2842 1126 2873 bilibus
1141 2842 1180 2870 ob
1202 2841 1282 2870 hanc
1298 2846 1440 2868 caussam
1459 2834 1492 2863 in
1508 2843 1601 2863 omne
1618 2839 1744 2871 tempus

1014 2893 1279 2934 inquinabuntur:
1305 2887 1390 2928 quod
1412 2886 1487 2916 satis
1503 2885 1543 2915 sit
1564 2885 1598 2914 in
1614 2884 1747 2914 transitu

1015 2942 1248 2983 praestrinxisse.
1293 2939 1382 2969 Hinc
1398 2944 1454 2974 est,
1482 2936 1565 2977 quod
1590 2936 1623 2966 in
1638 2935 1745 2967 codjce
