1894 3253
530 253 766 304 LIBER
809 252 1223 302 SECUNDUS.

1539 264 1624 302 5311

276 390 344 431 Ex
367 404 529 446 unoque
549 390 656 430 sitim
679 388 864 430 sedantes
885 387 1054 428 flumine
1074 388 1213 442 aqua's,

276 465 475 505 Dissimili
497 465 638 505 vivunt
659 464 806 518 specie,
840 462 1042 502 retinente
1061 469 1275 515 parentem

276 539 499 589 Naturam3
537 547 577 580 et
598 553 732 579 mores
751 536 979 594 generatim
999 549 1175 590 quaeque
1196 535 1426 577 imitantur:

158 617 240 654 665
273 613 411 655 Tanta
432 623 505 663 est,
542 614 586 653 in
608 628 690 668 quo
711 612 769 652 vis
788 624 940 668 genere
959 608 1116 659 herbae‚
1145 610 1335 650 materiai

276 687 494 729 Dissimilis
516 687 638 736 ratio3
671 693 788 726 tanta
807 692 867 725 est

887 683 930 724 in
950 683 1120 724 flumine
1140 698 1316 739 quoque.

272 761 389 803 Hinc
410 776 551 817 porro,
581 775 704 817 quem
726 760 786 801 vis
807 760 1065 800 animantem
1086 773 1140 800 ex
1160 758 1352 800 omnibus
1373 774 1456 800 una

122 917 201 948 siodi
223 928 295 958 opp.
319 923 351 948 et
374 917 425 949 dd.
449 922 521 951 505.
568 919 661 950 Adde
676 920 853 958 Justinum,

123 969 208 999 xviii.
225 973 253 1000 5.
276 973 324 1000 16.
370 973 392 988 “
412 970 461 1001 Ibi
477 981 602 1011 quoque
613 974 684 1012 equi
699 977 792 1010 caput
806 982 853 1001 re-

123 1023 146 1038 “
162 1027 296 1059 pertum,
319 1023 489 1053 bellicosum
512 1028 733 1063 potentemque
753 1032 852 1062 popu-

121 1074 144 1089 “
161 1071 228 1101 lum
243 1072 386 1103 futurum
409 1073 661 1114 significans.—''
707 1075 750 1104 Et
764 1073 851 1104 simi·

120 1122 191 1153 liter
221 1124 335 1155 alicubi
364 1125 480 1155 Livius.
531 1125 689 1166 Denique,
724 1136 851 1157 rursum

121 1175 288 1216 Virgilius,
312 1187 380 1217 geo.
397 1177 428 1207 ii.
447 1180 520 1208 145.

152 1243 220 1268 Hinc
230 1242 334 1269 bellator
344 1251 421 1276 equus
433 1251 530 1275 campo
541 1251 597 1269 sese
608 1245 706 1269 arduus
718 1245 809 1270 infert.

119 1302 222 1335 Ἵππος
239 1301 457 1343 σιδαροχαρμος,
475 1302 567 1332 Pind.
578 1302 670 1342 Pyth.
686 1303 718 1333 ii.
734 1306 762 1332 4.
781 1302 849 1342 Op-

120 1352 242 1391 pianus,
266 1364 333 1393 cyn.
350 1354 369 1383 i.
391 1356 459 1385 195.

401 1415 531 1455 Affl'foz
547 1427 646 1464 οῖριμος
656 1430 788 1457 ἰΠΠοΣ

162 1493 243 1524 Ibid.
253 1497 384 1525 duellica
393 1509 403 1525 :
419 1502 552 1534 vetuste,
563 1507 620 1535 pro
628 1499 745 1528 bellica.
764 1498 848 1528 Pris-

116 1544 237 1583 cianus,
260 1555 289 1574 x.
314 1549 403 1576 1265.
428 1550 450 1565 ‘⁴
468 1549 615 1577 Duellum
632 1547 777 1578 dicebant
791 1560 849 1579 an-

119 1599 142 1614 “
158 1596 245 1636 tiqui,
269 1607 326 1636 pro
340 1598 482 1628 bellum.'’
530 1599 728 1629 Glossarium
743 1607 844 1631 vetus:

117 1651 140 1665 “
156 1649 321 1678 Dueltum:
348 1656 485 1688 τολεμσς,
509 1652 666 1692 αρχαιως.”
704 1651 847 1691 Plautus,

117 1699 211 1739 Epid.
227 1699 271 1730 iii.
288 1703 315 1730 4.
337 1704 384 1731 14.

345 1776 457 1807 Nempe,
475 1782 557 1807 quem
569 1776 595 1800 in
607 1777 786 1802 adolescentia

176 1815 330 1839 Memorant
342 1815 413 1846 apud
425 1822 510 1846 reges,
528 1816 618 1846 annis,
634 1820 692 1842 arte
702 1817 822 1848 duellii-i,

176 1856 288 1881 Divitias
298 1865 409 1889 magnas
419 1858 572 1890 indeptum.

157 1920 232 1950 Ver.
263 1924 334 1951 661.
357 1924 458 1953 eodem
483 1923 536 1953 suh
547 1936 556 1953 :
590 1922 634 1952 sic
660 1924 843 1955 vetustiores

114 1972 152 2002 L.
170 1973 217 2003 M.
234 1983 308 2004 cum
322 1974 363 2004 V.
390 1974 436 2005 ed.
462 1981 502 2005 Π.
531 1980 566 2007 Σ.
592 1982 638 2006 Ω.
663 1976 787 2017 reliqui,
811 1984 847 2008 ut

114 2023 265 2054 editiones
280 2025 451 2064 hodiernae,
467 2028 520 2057 sub
532 2029 633 2057 eodem
644 2041 653 2057 :
680 2034 711 2057 et
727 2029 778 2059 hic
794 2039 844 2059 or-

115 2073 157 2104 do
171 2075 298 2115 quidem
314 2077 428 2107 nostris
443 2077 571 2108 auribus
585 2078 710 2108 mollior
725 2086 755 2110 et
770 2090 844 2110 con-

113 2125 235 2156 cinnior
253 2127 391 2165 videtur;
418 2128 473 2158 sed
488 2130 600 2159 harum
618 2141 723 2160 rerum
739 2132 846 2162 miuus

114 2175 218 2207 idonei
233 2189 344 2209 sumus
357 2180 491 2220 judices,
514 2187 607 2221 atque
629 2183 846 2214 auctoritatem

115 2229 259 2260 codicum
288 2231 436 2262 debemus
466 2234 613 2264 venerari.
659 2234 734 2265 Non
757 2236 847 2267 aliter

116 2278 282 2320 Virgilius,
307 2283 381 2313 AEn.
397 2284 449 2314 xii.
467 2287 537 2315 847.

132 2348 214 2378 Quas,
231 2351 258 2372 et
268 2349 427 2375 Tartaream
440 2352 502 2376 Nox
512 2353 674 2386 intempesta
684 2356 832 2386 Megaeram

132 2388 194 2411 Uno
206 2387 342 2419 eodemque
354 2390 416 2414 tulit
427 2394 516 2422 partu.

115 2445 253 2483 Ennius,
276 2446 359 2484 apud
377 2447 517 2478 Ciceron.
533 2449 584 2479 off.
600 2449 618 2479 i.
638 2453 686 2480 12.

147 2511 297 2536 Eorumdem
308 2520 354 2538 me
364 2513 480 2539 libertati
492 2522 601 2547 parcere
612 2520 718 2542 certum
730 2522 780 2543 est.

114 2568 198 2598 Vide
214 2579 299 2607 mox,
323 2570 363 2600 ad
378 2580 439 2602 ver.
449 2576 521 2603 692.

157 2621 239 2651 Ibid.
264 2625 417 2654 Bucerioe.
464 2625 582 2656 Graecis
597 2640 692 2669 κεραος
715 2635 762 2660 est
775 2642 842 2661 cor-

115 2677 223 2708 nucus‚·
240 2678 271 2702 et
281 2677 416 2716 βεκεραος
432 2675 513 2706 foret
535 2681 557 2695 “
574 2680 710 2720 magnis,
726 2681 774 2711 vel
789 2684 844 2713 bo-

117 2725 140 2740 “
154 2722 245 2761 vinis,
269 2725 415 2756 cornibus
437 2727 625 2766 praeditus:”
648 2741 686 2762 ex
703 2732 765 2772 qua
779 2732 843 2763 for-

115 2772 168 2802 ma
185 2783 292 2805 vocem
315 2776 537 2809 Lucretianam
566 2781 751 2812 crediderim
773 2793 844 2821 pro-

116 2821 251 2863 fluxisse,
274 2837 330 2866 pro
356 2828 580 2870 vulgatioribus
606 2836 719 2874 βεκερος
736 2839 767 2863 et
789 2835 842 2864 bu-

116 2885 212 2907 cerus.

162 2927 243 2959 Ibid.
274 2935 374 2965 eodem
403 2939 456 2968 sub
485 2941 614 2978 tegmine
644 2942 727 2973 coeli:
769 2942 790 2972 i.
817 2952 843 2973 e.

161 2987 213 3017 Vo
221 2998 249 3018 1..
275 2990 300 3020 Ι.
742 2992 744 2994 ’
838 3004 867 3032 X

901 920 922 936 “
936 919 1037 948 eodem
1053 919 1135 955 dere,
1159 916 1272 947 iisdem
1295 916 1502 957 graminibuS,
1526 921 1557 947 et
1579 926 1631 947 co-

899 973 922 988 “
937 969 1010 999 dem
1026 969 1140 1009 pariter
1154 968 1296 1005 flumine,
1319 968 1506 999 vescentes.’‘

940 1022 1017 1051 Ver.
1036 1025 1107 1052 662.
1123 1021 1206 1052 sitim
1222 1023 1368 1052 sedantes.
1394 1021 1538 1059 Ovidius,
1554 1026 1627 1051 met.

896 1073 938 1103 iii.
956 1076 1029 1105 415.

926 1143 1053 1173 Dumque
1064 1141 1130 1166 sitim
1141 1142 1229 1166 sedare
1239 1142 1325 1174 cupit,
1342 1142 1397 1166 sitis
1407 1143 1490 1167 altera
1499 1143 1598 1167 crevit!

1306 1203 1324 1211 1-

898 1205 933 1228 ut
946 1199 1099 1229 Phaedrus
1114 1199 1222 1237 etiam,
1245 1199 1283 1229 iv.
1303 1211 1333 1229 o.
1353 1203 1379 1229 1.

958 1267 1047 1296 Equus
1059 1266 1146 1290 sedare
1156 1266 1249 1290 solitus
1260 1273 1314 1296 quo
1326 1265 1415 1290 fuerat
1425 1266 1509 1295 sitim,

957 1306 1029 1328 Dum
1040 1312 1096 1330 sese
1107 1312 1171 1336 aper
1182 1304 1298 1334 volutat,
1316 1305 1436 1329 turbavit
1447 1306 1558 1329 vadum.

940 1371 1164 1413 Ibid.flun1ine
1174 1374 1279 1412 aqua'z'.
1326 1373 1533 1409 Mantuanus,
1552 1373 1627 1405 AEn.

894 1422 935 1452 xi.
952 1426 1025 1454 495.

1028 1481 1154 1506 adsuetus
1164 1489 1240 1514 aquae
1253 1482 1379 1514 perfundi
1382 1482 1492 1513 flumine
1504 1486 1580 1508 noto.

896 1540 960 1570 Ubi
975 1541 1204 1571 animadvertas
1227 1542 1322 1571 velim
1337 1542 1451 1572 mediae
1466 1543 1550 1572 vocis
1570 1553 1626 1581 po-

894 1598 1034 1622 testatem
1046 1605 1055 1631 ;
1084 1594 1248 1635 perfundi,
1282 1604 1339 1633 pro
1373 1605 1403 1625 se
1427 1593 1626 1635 perfimdere.

894 1643 992 1674 Servii
1018 1654 1094 1674 vero
1116 1645 1359 1675 commentarios
1388 1645 1432 1674 ita
1461 1645 1623 1684 suppleas:

895 1698 917 1713 “
935 1696 1093 1736 Figurate,
1105 1707 1194 1738 aquae
1204 1697 1367 1734 adsuetus3
1377 1703 1445 1734 aut,
1456 1707 1547 1737 aquae
1555 1708 1625 1736 per—

894 1750 916 1764 “
932 1746 1024 1777 fundi
1034 1747 1165 1778 flumine
1174 1748 1571 1787 adsuetus.”—Caeterum,
1580 1749 1625 1779 lo-

892 1799 1081 1838 coflumz'ne,
1106 1804 1141 1829 Δ.
1146 1801 1307 1840 flzcmz'na5
1336 1800 1451 1831 vitiose.

937 1849 1010 1880 Ver.
1028 1854 1101 1881 665.
1125 1853 1292 1882 retinente:
1317 1851 1362 1881 sic
1387 1852 1425 1882 V.
1449 1851 1499 1882 ed.
1524 1852 1564 1883 Β.
1585 1852 1625 1883 0.

886 1901 924 1931 L.
944 1902 991 1932 M.
1009 1908 1043 1933 Δ.
1070 1909 1109 1933 Π.
1127 1907 1162 1934 Σ.
1187 1910 1231 1934 Ω.
1255 1903 1350 1944 longe
1377 1900 1620 1947 ποιῆτικωτερῶςε

891 1953 928 1984 P.
945 1956 1149 1995 retinentque,
1173 1961 1210 1985 ut
1227 1955 1379 1986 editiones
1394 1956 1553 1997 vulgares;
1576 1968 1625 1987 re-

889 2007 1074 2046 tinenteqne‚
1098 2007 1195 2037 Vind.
1214 2007 1252 2042 Q.
1269 2007 1391 2037 sociatis
1406 2008 1545 2048 utrisque
1562 2007 1624 2037 lec-

889 2057 1035 2088 tionibus.
1082 2058 1170 2088 Ordo
1186 2065 1246 2088 est:
1275 2063 1296 2077 “
1309 2059 1432 2088 Vivunt
1445 2059 1558 2098 specie,
1575 2069 1624 2089 re-

891 2113 913 2128 “
929 2110 1049 2140 tinente
1072 2111 1230 2141 Naturam
1260 2121 1343 2149 eam,
1374 2122 1444 2152 quae
1473 2112 1623 2151 peperit.’‘

891 2162 964 2197 Quo
993 2162 1054 2192 loci
1084 2173 1187 2199 sensu,
1221 2174 1259 2193 ex
1290 2163 1486 2194 restitutione
1516 2164 1622 2193 nostra

890 2213 984 2255 longe
1012 2215 1170 2253 facillima,
1194 2225 1230 2245 ac
1256 2216 1319 2245 veri
1346 2215 1518 2253 simillima,
1543 2215 1623 2244 nihil

890 2266 1076 2308 elegantius,
1093 2274 1148 2298 aut
1160 2267 1371 2305 commodius,
1388 2267 1556 2297 desiderari
1567 2277 1622 2306 po-

888 2325 956 2351 test.
1000 2321 1125 2359 Nempe
1148 2320 1247 2350 Vind.
1273 2320 1318 2349 V.
1342 2319 1390 2350 ed.
1407 2320 1444 2349 Β.
1463 2319 1502 2349 Ο.
1518 2319 1555 2349 L.
1573 2320 1620 2349 M.

889 2372 928 2408 Q.
947 2379 992 2403 Ω.
1015 2372 1215 2412 suppeditant
1231 2378 1371 2412 parente,
1395 2371 1415 2401 i.
1432 2382 1457 2401 e.
1475 2374 1621 2411 parente,

887 2424 935 2454 vel
953 2431 1130 2464 parentem:
1168 2424 1205 2454 P.
1229 2429 1348 2461 autem,
1377 2433 1451 2453 cum
1474 2429 1509 2453 Δ.
1527 2428 1568 2453 Π.
1585 2428 1619 2453 Σ.

883 2482 1060 2515 parentum,
1083 2483 1119 2506 ut
1134 2475 1230 2516 vulgo
1246 2475 1359 2510 editur,
1383 2474 1438 2506 sed
1453 2485 1491 2505 ex
1506 2474 1621 2514 glossa,

887 2531 995 2561 nullus
1017 2531 1146 2568 dubito;
1176 2530 1225 2561 vel
1251 2530 1421 2560 insciorum
1448 2529 1619 2559 scribarum

887 2583 1073 2621 mutatione,
1105 2582 1184 2612 nihil
1215 2582 1398 2623 exquisitius
1428 2580 1619 2612 callentium.

890 2636 1042 2666 Conferas
1054 2646 1115 2665 ver.
1134 2639 1206 2665 707.
1477 2665 1481 2668 ,

932 2687 1007 2716 Ver.
1017 2690 1089 2717 664.
1104 2687 1286 2716 imitantur:
1313 2685 1355 2715 V.
1375 2684 1422 2714 ed.
1444 2689 1617 2721 mutantur,

887 2737 1050 2767 literarum
1065 2736 1210 2767 ductibus
1231 2746 1272 2765 ne
1287 2735 1388 2765 latum
1404 2735 1533 2776 quidem
1556 2746 1617 2765 uu-

888 2798 985 2828 guem
1000 2787 1258 2826 discrepantibus.

932 2840 1007 2869 Ver.
1032 2842 1104 2869 667.
1130 2841 1235 2869 Hinc:
1264 2844 1298 2869 Δ.
1323 2841 1378 2874 In,-
1407 2845 1447 2870 11.
1474 2842 1510 2870 Σ.
1534 2839 1623 2873 Ηίες·

888 2901 951 2921 non
961 2890 1239 2930 male.--quemvis;
1251 2889 1348 2920 Vind.
1358 2890 1395 2920 L.
1404 2890 1443 2920 O.
1456 2890 1496 2925 Q.
1508 2900 1616 2929 quam-

890 2946 946 2979 vis;
971 2942 1062 2981 cujus
1078 2943 1120 2972 rei
1137 2941 1215 2971 fides
1230 2952 1325 2980 penes
1340 2948 1480 2972 auctores
1495 2947 1617 2970 esto.—
