1894 3253
612 262 849 311 LIBER
892 261 1197 313 PRIMUS.

1607 267 1667 313 97

305 395 488 444 Quando
509 411 557 436 ea
577 397 680 437 secla
701 396 934 447 hominum,
957 411 1136 453 quorum
1155 396 1247 437 haec
1268 402 1413 437 eventa
1431 394 1613 445 fuerunt,

306 469 598 518 Inrevocabilis
619 471 830 513 abstulerit
842 473 930 527 jam
951 474 1161 527 praeterita
1180 480 1292 513 aetas.

192 546 274 586 470
307 544 498 602 Namque
519 547 629 588 aliud
650 548 783 598 terris,
806 546 917 587 aliud
937 546 1167 603 legionibus
1188 547 1299 601 ipsis,

308 620 514 661 Eventum
535 620 617 661 dici
637 621 803 675 poterit,
826 619 1149 676 quodquomque
1170 620 1247 660 erit
1267 628 1417 663 actum.

364 693 575 749 Denique,
598 694 786 735 materies
807 694 839 734 si
860 708 1000 734 rerum
1020 693 1132 734 nulla
1150 692 1304 745 fuisset,

309 768 399 809 Nec
418 768 547 819 locus,
570 783 617 810 ac
638 769 832 823 spatium,
854 783 917 809 res
938 768 982 808 in
1003 783 1086 823 quo
1107 783 1283 824 quaeque
1302 778 1522 826 geruntur,

306 842 565 898 Numquam,
599 842 853 899 Tyndaridis
874 842 1019 884 formae
1040 842 1241 884 conflatus
1262 858 1418 895 amore,

193 918 275 958 475
308 916 438 974 Ignis,
463 917 694 958 Alexandri
718 917 906 974 Phrygio
928 917 1003 958 sub
1023 924 1191 972 pectore
1210 917 1399 974 gliscens,

310 991 434 1034 Clara
453 992 709 1034 adcendisset
730 993 827 1033 saevi
848 993 1074 1034 certamina
1093 991 1185 1033 belli
1192 1010 1205 1042 3

164 1150 343 1182 faciendam
379 1161 445 1181 esse
482 1150 670 1189 existimavi,
716 1151 896 1190 reponendo

165 1206 282 1236 scilicet
296 1207 463 1246 legionibus
480 1206 513 1235 in
528 1205 636 1235 locum
649 1218 686 1236 «τε
701 1207 891 1245 regionibus,-

163 1264 201 1288 ut
230 1257 316 1287 idem
345 1257 444 1287 valeat
474 1257 533 1287 ista
560 1257 656 1287 dictio
681 1267 755 1286 cum
780 1269 897 1299 cerpezwy

169 1309 367 1346 Graecorum,
386 1310 498 1347 populo
523 1308 723 1348 generaliter:
750 1307 822 1338 vide
840 1318 898 1338 nos
930 1326 937 1332 =

164 1360 206 1390 ad
230 1360 323 1399 Soph.
350 1359 482 1390 Philoct.
502 1363 576 1391 587.
615 1360 704 1391 Hinc
730 1360 896 1401 Virgilius,

167 1412 243 1443 AEn.
258 1422 286 1442 v.
303 1415 374 1442 824.

211 1497 394 1529 Tritonesque
405 1497 462 1528 citi,
472 1498 621 1529 Phorcique
632 1498 757 1523 exercitus
768 1498 864 1523 omnis.

166 1574 272 1604 Voces
287 1579 393 1603 autem
407 1576 490 1613 regio
513 1580 545 1603 et
566 1575 642 1613 legio
667 1573 800 1604 subinde
824 1584 898 1604 con-

169 1625 272 1662 fundi,
295 1635 353 1655 nos
376 1624 543 1655 docuimus
564 1625 605 1655 ad
629 1625 742 1655 Horat.
758 1629 814 1655 sat.
833 1625 853 1654 i.
870 1630 898 1655 6.

169 1680 198 1706 4.
222 1687 261 1707 ex
283 1676 456 1707 certissima
479 1676 710 1706 emendatione:
739 1682 769 1706 et
785 1677 817 1706 in
832 1676 899 1706 Lu-

170 1728 258 1758 cretii
273 1727 342 1758 loco
357 1727 406 1758 vel
422 1728 582 1767 aptissima
596 1728 703 1758 haberi
719 1734 820 1767 potest
835 1728 900 1758 dic-

171 1779 231 1816 tio;
256 1790 356 1820 quum
372 1779 411 1809 de
426 1781 519 1809 rebus
541 1779 661 1809 bellicis
677 1785 707 1808 et
722 1781 902 1809 exercitibus

172 1831 345 1860 Graiorum
368 1836 461 1870 atque
487 1830 699 1870 Trojanorum
721 1830 902 1860 instituatur

170 1891 282 1911 sermo.
328 1880 413 1910 Vide
429 1880 470 1910 ad
488 1880 533 1910 iii.
552 1884 644 1911 1541.

172 1931 285 1970 Porro,
301 1937 526 1972 argumentum
541 1932 680 1962 Lucretii
694 1933 737 1963 sic
753 1944 785 1963 se
796 1934 898 1963 habet:

172 1987 194 2002 ‘⁸
211 1983 372 2023 Quicquid
387 1989 581 2013 transactum
598 1984 650 2022 sit,
674 1984 706 2014 id
721 1991 804 2015 recte
819 1985 903 2015 dicas

172 2037 196 2053 ‘⁶
211 2034 261 2064 vel
290 2036 462 2065 hominibus
488 2035 704 2075 quisbusdam,
736 2035 783 2065 vel
813 2038 903 2067 terris

173 2088 196 2103 “
212 2085 402 2125 quibusdam
440 2087 487 2127 (et
525 2092 620 2116 restat
649 2086 730 2116 nihil
759 2088 902 2127 tertium)

174 2140 197 2156 “
212 2139 341 2168 evenisse
347 2153 358 2174 ;
393 2147 431 2167 ea
460 2143 568 2168 autem
597 2150 657 2169 esse
688 2138 778 2169 nulio
807 2139 903 2169 modo

172 2194 195 2210 “
212 2198 294 2222 recte
316 2191 445 2222 dixeris:
471 2202 546 2232 ergo
575 2198 694 2232 tempus
723 2193 829 2231 etiam,
856 2193 905 2222 his

175 2247 197 2261 ‘⁶
213 2243 431 2283 conjunctum,
461 2245 581 2274 nullum
603 2251 666 2283 est‚·
691 2255 792 2285 neque
819 2245 906 2275 aliud

176 2298 198 2311 “
213 2293 247 2323 in
261 2294 375 2324 natura
393 2304 512 2333 rerum,
535 2301 646 2334 praeter
672 2307 780 2336 corpus
802 2302 833 2326 et
855 2299 904 2327 in-

176 2348 198 2362 “
214 2345 303 2375 une.'’

221 2396 296 2426 Ver.
312 2399 384 2427 474.
408 2399 559 2437 conflatus
583 2400 681 2437 Ignis.
727 2398 905 2439 Elegantis-

179 2447 257 2476 sime
286 2446 407 2476 dictum
437 2454 494 2485 est,
523 2459 623 2488 quum
650 2452 794 2481 incendia
822 2452 907 2482 solus

175 2499 303 2529 suscitet
318 2505 485 2528 ventorum
489 2501 601 2540 flatus.
638 2502 739 2539 Hinc,
756 2504 796 2532 ob
813 2514 908 2533 usum

166 2551 295 2592 fillium
323 2549 483 2579 fabrilium
504 2550 538 2580 iu
561 2552 620 2581 hoc
642 2553 782 2592 negotio,
812 2566 907 2586 auras

177 2602 400 2642 accipientium
409 2609 503 2643 atque
514 2603 726 2643 reddentium,
740 2606 907 2646 Virgilius,

177 2664 246 2695 geo.
262 2654 282 2684 i.
299 2658 370 2684 508.

209 2731 242 2754 Et
254 2737 347 2754 curvae
361 2731 476 2762 rigidum
488 2731 569 2756 falces
579 2732 721 2762 conflantur
732 2733 758 2756 in
771 2740 873 2759 ensem.

178 2795 268 2826 Hinc
284 2796 391 2835 etiam,
418 2797 443 2827 si
466 2808 539 2827 cum
561 2799 610 2828 his
625 2809 804 2838 comparare
819 2801 906 2839 velis,

181 2856 251 2886 quae
265 2848 371 2877 statim
387 2856 561 2888 sequuntur
576 2850 614 2880 de
637 2861 710 2881 voce
722 2853 830 2891 glisco,
846 2852 907 2882 ele-

179 2898 321 2937 gantiam
346 2900 467 2931 Valerii
491 2902 608 2941 Flacci,
635 2903 666 2934 ii.
688 2907 760 2935 278.
784 2904 908 2943 plenius

182 2948 373 2990 degustabis:

1320 1149 1386 1173 facit
1397 1150 1452 1181 ipse
1462 1152 1608 1177 verendam

971 1191 1040 1214 Nam
1053 1189 1128 1219 deus,
1139 1193 1166 1213 et
1169 1188 1240 1219 flatu
1251 1195 1306 1212 non
1318 1189 1399 1213 inscia
1407 1190 1490 1220 gliscit
1498 1191 1595 1216 anhelo.

941 1240 1006 1271 Pro
1019 1240 1149 1281 formoe,
1174 1239 1375 1269 vetustissimi
1402 1240 1473 1269 libri
1499 1241 1537 1271 G.
1561 1242 1598 1272 L.
1623 1243 1670 1273 M.

940 1293 1058 1328 forma:
1084 1290 1159 1331 quid
1176 1291 1234 1320 sibi
1258 1290 1332 1320 velit
1355 1290 1449 1330 plane
1472 1291 1588 1330 nescio,
1613 1293 1675 1323 nisi

943 1343 982 1372 sit
997 1352 1083 1373 error
1099 1342 1194 1372 etiam
1210 1342 1243 1372 in
1255 1353 1368 1380 amore,
1385 1342 1428 1372 sic
1444 1343 1648 1374 auferendus:

975 1404 1144 1434 Numquam,
1156 1402 1320 1434 Tyndaridis
1322 1402 1415 1433 formai
1427 1403 1569 1435 conflatus,
1580 1405 1673 1430 amoris

971 1444 1056 1476 Ignis:

943 1493 999 1523 sed
1014 1504 1080 1523 non
1103 1494 1178 1524 satis
1204 1504 1321 1524 caussae
1345 1504 1411 1524 esse
1437 1494 1571 1534 videtur,
1598 1502 1634 1527 ut
1657 1507 1677 1528 a

943 1546 1078 1586 vulgatis
1094 1546 1305 1577 abscedamus.
1667 1539 1683 1548 Ἰ

988 1598 1062 1627 Ver.
1078 1589 1151 1628 475'.
1184 1599 1357 1628 Alemandri
1387 1601 1524 1639 Phrygio
1542 1607 1674 1639 pectore.

947 1649 1076 1679 Po‘etice
1092 1649 1214 1679 dictum
1241 1655 1297 1686 est,
1325 1655 1356 1678 et
1382 1649 1422 1679 ad
1446 1660 1567 1679 morem
1583 1651 1678 1681 unice

944 1701 1183 1738 Lucretianum,
1200 1711 1256 1739 pro
1273 1703 1409 1741 Phrygii
1425 1703 1678 1742 Alemndrz'pec-

943 1758 1015 1783 tore.
1061 1752 1146 1782 Vide
1174 1762 1278 1791 supra,
1302 1752 1343 1781 ad
1368 1762 1445 1782 verr.
1463 1756 1511 1782 10.
1537 1756 1608 1784 120.
1633 1754 1678 1784 ἰίἰ.

944 1806 1018 1834 579.
1044 1810 1075 1833 et
1096 1814 1154 1833 nos
1175 1803 1215 1833 ad
1240 1804 1362 1833 Mosch.
1378 1802 1464 1843 idyll.
1480 1803 1513 1833 ii.
1532 1807 1602 1834 121.
1627 1804 1680 1836 lta

946 1854 1113 1894 Virgilius,
1131 1854 1206 1884 [En.
1224 1854 1285 1884 viii.
1303 1857 1374 1885 5‘26.

978 1914 1176 1946 Tyrrhenusque
1187 1913 1255 1937 tubae
1266 1914 1372 1946 mugire
1383 1921 1430 1945 per
1441 1914 1545 1939 aethera
1556 1915 1659 1948 clangor
1667 1926 1677 1942 .-

947 1973 1013 2001 pro,
1030 1965 1157 2002 clangor
1178 1964 1349 2003 Tyrrhena?
1363 1966 1453 1994 tuboe.

993 2014 1074 2045 Ibid.
1097 2017 1186 2054 Ignis
1198 2016 1338 2053 gliscens.
1371 2014 1572 2046 Vocabulum
1584 2019 1680 2057 glisco

947 2066 1019 2096 satis
1033 2071 1237 2106 pervagatum
1253 2072 1299 2095 est
1305 2078 1314 2103 3
1340 2066 1394 2096 sed
1409 2069 1478 2106 zlgni
1492 2073 1524 2097 et
1538 2069 1682 2108 gemellis

947 2117 1074 2147 vocibus
1089 2117 1288 2156 potissimum
1304 2117 1456 2158 conjungi
1468 2118 1557 2158 solet,
1573 2126 1609 2150 ut
1620 2131 1681 2151 usu

948 2179 1073 2198 summe
1088 2169 1222 2208 proprio.
1268 2168 1406 2199 Pulchre
1418 2169 1457 2200 de
1475 2170 1547 2200 Sirii
1562 2171 1680 2202 ardori-

949 2222 1007 2251 bus
1023 2220 1170 2250 Valerius
1185 2221 1325 2257 Flaccus,
1336 2231 1363 2251 v,
1375 2224 1416 2252 57
1421 2225 1448 2251 2.

1176 2279 1253 2304 illum
1264 2283 1342 2304 tanto
1354 2287 1407 2304 non
1416 2280 1519 2312 gliscere
1528 2281 1600 2305 coelo

984 2320 1072 2345 Vellet
1084 2327 1157 2351 ager,
1170 2320 1271 2345 velient
1282 2320 1435 2351 calidisjam
1447 2320 1566 2344 fontibus
1577 2328 1679 2346 amnes.

952 2369 1018 2398 Ubi
1044 2369 1118 2398 satis
1138 2369 1245 2398 mirari
1267 2380 1402 2410 nequeo,
1427 2369 1611 2407 Heinsium,
1641 2381 1681 2401 ex

951 2419 1100 2449 varietate
1110 2420 1225 2450 codicis
1224 2420 1362 2460 foribus,
1373 2421 1539 2461 conjecisse
1550 2423 1681 2460 roribus,

950 2471 1040 2510 quasi
1062 2472 1269 2501 commutatio
1292 2486 1348 2502 erm
1373 2484 1390 2501 r
1415 2478 1445 2501 et
1468 2479 1478 2502 t
1502 2473 1682 2502 minutioris

952 2523 1113 2562 scripturae
1142 2534 1207 2554 non
1238 2524 1340 2553 multo
1369 2524 1471 2563 magis
1495 2524 1528 2553 in
1552 2525 1681 2563 proclivi

952 2580 1057 2612 staret,
1082 2585 1178 2615 quam
1201 2589 1257 2605 «rm
1273 2587 1289 2604 ν
1304 2581 1335 2604 et
1346 2574 1388 2615 f‚·
1412 2585 1485 2604 cum
1508 2576 1680 2614 praesertim

952 2633 1075 2664 recepta
1090 2636 1148 2655 vox
1165 2626 1259 2665 longe
1275 2626 1313 2656 sit
1330 2626 1485 2666 longeque
1501 2627 1680 2668 elegantior.

954 2676 1016 2706 Sed
1031 2676 1109 2706 nihil
1132 2677 1287 2706 intactum
1311 2677 1516 2717 relinquebat,
1540 2680 1588 2709 vir
1610 2691 1679 2710 om-

950 2727 1041 2756 nium
1056 2727 1328 2767 ingeniosissimus
1343 2728 1376 2758 in
1392 2730 1450 2759 hac
1465 2731 1589 2761 solertia
1604 2742 1678 2762 con-

945 2779 1094 2819 jectandi.
1139 2780 1270 2811 Anthol.
1287 2781 1355 2811 Lat.
1372 2782 1482 2812 Burm.
1497 2783 1542 2814 iii.
1561 2788 1635 2815 265.

968 2848 1071 2872 Crescit
1083 2849 1170 2878 arbor,
1179 2848 1262 2880 gliscit
1273 2849 1359 2880 ardor,
1370 2856 1459 2874 ramus
1469 2850 1554 2882 inplet
1564 2850 1663 2876 literas.

954 2906 1043 2935 Hinc
1058 2913 1165 2937 autern
1181 2907 1303 2938 videtur
1331 2908 1497 2939 Sallustius
1521 2910 1680 2949 corrigen-

953 2957 1024 2996 dus,
1047 2959 1198 2999 Jugurth.
1215 2964 1243 2990 4.
1260 2964 1288 2991 6.
1314 2964 1336 2979 ‘⁶
1355 2960 1480 2992 Scilicet
1497 2971 1562 2991 uon
1577 2970 1681 2991 ceram
