1894 3253
538 241 771 290 LIBER
822 238 1235 289 SECUNDUS.

292 376 392 416 Esse
411 374 608 425 infinitas;
642 384 713 416 aut
734 389 935 416 summam
956 373 1143 414 materiai

294 450 474 490 Finitam
495 458 696 491 constare:
730 448 788 498 id,
810 447 921 502 quod
942 461 1028 487 non
1049 461 1134 486 esse
1153 445 1338 500 probavi.

353 524 482 572 Quod
502 524 698 579 quoniam
719 522 856 571 docui,
880 535 990 561 nunc
1011 520 1257 574 suaviloquis
1278 535 1355 576 ego
1374 520 1514 575 paucis

292 597 489 638 Versibus
510 596 750 646 obtendam,
774 594 1014 650 corpuscula
1034 594 1225 634 materiai

180 677 262 713 530
294 671 360 712 Ex
381 671 545 712 infinito
566 685 769 712 summam
789 684 929 711 rerum
949 683 1078 724 usque
1099 676 1252 717 tenere,

296 747 494 802 Undique
513 746 673 801 protelo
693 745 909 802 plagarum
930 744 1185 785 continuato.

354 821 480 871 Nam,
503 821 615 877 quod
636 837 729 863 rara
748 821 861 862 vides
882 821 1012 877 magis
1034 835 1118 860 esse
1139 818 1331 860 animalia
1350 818 1556 874 quaedam,

295 895 613 951 Fecundamque
633 896 763 952 magis
783 904 975 937 naturam
995 895 1127 936 cernis
1148 894 1191 933 in
1212 893 1306 942 ilh's;

150 1056 261 1092 Porro,
277 1055 374 1085 Vind.
390 1062 481 1096 atque
496 1056 639 1086 similiter
655 1056 719 1086 fere
736 1062 767 1088 Δ.
788 1062 827 1086 Π.
842 1060 875 1087 Σ.

150 1108 286 1146 priorem
308 1107 413 1137 versus
436 1113 555 1146 partem
579 1109 637 1138 hoc
661 1114 751 1147 pacto
773 1107 876 1146 prodi-

151 1159 237 1198 giose
251 1160 467 1188 conturbatam
483 1161 635 1198 praebent:

244 1232 295 1256 Hin
308 1232 370 1256 flam
382 1232 485 1264 inpsilin
497 1232 655 1264 crigridis—.

196 1307 276 1338 Ibid.
301 1310 423 1337 insessa.
448 1306 639 1345 Exemplum
657 1306 801 1336 dictionis
816 1316 876 1335 un—

150 1358 311 1398 dequaque
337 1357 589 1398 geminissimum
612 1358 701 1387 nobis
725 1358 876 1387 Mantua-

149 1419 208 1439 nus
224 1409 410 1448 suppeditat‚
428 1419 466 1438 ex
483 1410 557 1440 AEn.
573 1409 592 1438 i.
609 1413 681 1440 719.

314 1495 450 1518 interdum
462 1493 564 1524 gremio
575 1492 662 1522 fovet,
674 1492 754 1517 inscia
767 1492 834 1517 Dido

184 1533 283 1558 Insidat
294 1533 398 1557 miserae
413 1536 528 1563 quantus
541 1533 620 1556 dens:

151 1606 174 1635 i.
200 1615 226 1635 e.
250 1606 426 1635 Incumbat:
453 1610 483 1633 et
507 1603 581 1633 alibi
605 1603 754 1634 similiter.
799 1603 877 1634 Pul-

154 1657 227 1686 chre
250 1656 417 1696 Preigerus
445 1655 591 1693 Statium,
616 1655 714 1685 Theb.
737 1655 790 1685 xii.
808 1659 878 1686 256.

153 1708 303 1739 admovit:

318 1784 457 1810 horrendis
469 1784 562 1808 insessa
574 1783 669 1808 cubilia
680 1783 818 1808 monstris:

157 1868 228 1898 quae
245 1862 290 1887 est
304 1856 510 1886 sincerissima
520 1855 613 1885 lectio
627 1855 808 1885 scholiastis.
834 1854 883 1884 Ita

158 1909 281 1940 locutus
303 1915 349 1938 est
373 1908 468 1938 etiam
487 1907 614 1938 Tacitus
628 1907 699 1946 plus
722 1906 829 1944 semel,
854 1912 884 1936 et

158 1960 214 1990 alii
228 1960 340 1999 plures

202 2011 277 2042 Ver.
295 2015 365 2042 522.
387 2013 498 2041 ducac.-
525 2010 568 2040 sic
591 2010 629 2040 P.
645 2009 743 2039 Vind.
768 2009 815 2039 M.
838 2018 884 2038 re-

160 2063 250 2104 liqui,
266 2065 368 2092 ducit:
393 2062 462 2092 vide
478 2072 582 2101 supra,
599 2061 639 2091 ad
653 2071 713 2091 ver.
729 2064 800 2091 478.

203 2118 278 2147 Ver.
295 2120 365 2147 524.
389 2119 504 2147 cluere:
531 2115 628 2145 vind.
649 2121 688 2144 Π.
707 2119 741 2145 Σ.
764 2115 887 2150 clueret,

161 2167 295 2199 adducta
316 2174 462 2208 sequente
485 2166 632 2204 dictione,
655 2176 724 2206 quae
747 2165 832 2195 deest
847 2165 887 2195 V.

161 2220 208 2251 ed.

205 2272 280 2301 Ver.
298 2275 369 2301 52²6.
391 2283 557 2301 summam.-
586 2278 629 2301 Ω.
645 2282 779 2301 summa.-
806 2276 840 2307 ut
855 2269 888 2299 in

165 2333 255 2352 versu
270 2323 420 2361 proximO,
436 2322 534 2352 Vind.
559 2329 598 2352 Π.
617 2327 650 2352 Σ.
662 2323 776 2363 finita,
802 2327 834 2350 et
849 2320 889 2350 V.

165 2374 215 2404 ed.
235 2375 358 2413 probam
365 2389 375 2409 ,·
399 2374 438 2403 ob
453 2383 592 2402 caussam
608 2372 647 2402 ad
663 2383 723 2402 ver.
743 2376 811 2403 196.
835 2372 888 2401 de-

166 2425 321 2455 clar-atam.

210 2477 284 2506 Ver.
309 2479 381 2506 528.
413 2487 482 2515 ego:
516 2475 613 2504 vind.
643 2486 708 2514 age,
738 2480 776 2504 ut
802 2486 890 2505 com-

169 2538 281 2557 munes
309 2526 475 2563 editiones;
513 2537 587 2555 nam
613 2526 645 2555 in
671 2526 757 2555 libris
785 2526 891 2565 nullis,

167 2590 247 2620 quos
269 2579 302 2608 in
325 2584 472 2608 contextu
495 2578 713 2608 constituendo
727 2578 821 2608 duces
837 2579 891 2608 ha-

168 2632 289 2666 bemus,
314 2630 364 2660 hic
379 2640 485 2659 versus
507 2628 632 2668 legitur,
659 2629 795 2668 exceptis
810 2629 846 2659 P.
862 2635 893 2658 et

169 2681 266 2712 vind.
283 2688 317 2711 ut
331 2681 371 2711 ad
382 2680 557 2710 molliorem
569 2681 719 2710 sermonis
728 2680 890 2710 continua-

167 2733 287 2763 tionem
302 2731 505 2771 interpolatus
520 2731 617 2761 videri
633 2731 735 2770 possit.

210 2785 285 2815 Ver.
313 2788 384 2815 529.
408 2786 566 2814 materiai:

168 2845 237 2865 rore
252 2835 389 2866 multu-m
403 2835 536 2865 solenni.

213 2886 288 2916 Ver.
306 2890 377 2918 531.
396 2889 530 2927 protelo:
558 2887 599 2917 V.
624 2887 672 2916 ed.
697 2887 831 2925 praedm
859 2889 892 2915 Δ.

167 2947 225 2976 pro
241 2940 294 2969 telo
302 2954 311 2974 ,·
338 2945 380 2970 Π.
392 2951 450 2978 pro
465 2940 540 2970 tello.

606 2789 641 2813 Δ.
664 2786 810 2819 vatter-itm
845 2793 892 2813 er-

964 1054 1045 1084 Ibid.
1064 1055 1197 1094 protelo:
1235 1051 1254 1081 i.
1275 1060 1301 1080 e.
1324 1049 1649 1088 productione—serie

920 1104 1073 1145 longiore;
1098 1115 1116 1133 a
1127 1115 1196 1143 pro,
1213 1101 1297 1142 quod
1313 1100 1391 1130 valet
1402 1112 1507 1140 porro,
1529 1107 1559 1131 et
1575 1109 1652 1134 τῆλε

924 1157 1046 1194 Graeco,
1076 1159 1180 1195 longe:
1221 1153 1306 1184 unde
1336 1155 1463 1192 protelo,
1493 1153 1648 1192 propello;

921 1209 1010 1248 cujus
1036 1207 1180 1238 dictionis
1206 1205 1325 1235 affatim
1351 1204 1567 1243 exemplorum
1593 1205 1650 1235 tibi

921 1259 1008 1289 dabit
1031 1259 1170 1295 Nonius,
1193 1257 1246 1297 qui
1262 1262 1368 1285 tamen
1384 1255 1472 1285 nullo
1488 1256 1583 1286 modo
1597 1267 1648 1286 ac-

921 1317 1026 1341 curate
1050 1311 1270 1349 interpretatus
1296 1313 1352 1337 est.
1398 1307 1474 1337 Alia
1497 1308 1554 1337 tibi
1577 1319 1649 1347 sup-

921 1362 1105 1402 peditabunt
1125 1359 1351 1400 lexicographi;
1374 1358 1438 1394 sed,
1463 1365 1498 1388 ut
1512 1358 1591 1388 mihi
1607 1360 1651 1389 vi-

922 1415 1024 1453 detur,
1048 1424 1146 1444 unam
1175 1418 1269 1452 atque
1295 1410 1469 1449 simplicem
1495 1410 1651 1450 significa-

922 1468 1052 1502 tionem,
1077 1476 1113 1496 ex
1130 1471 1234 1504 etymo
1257 1473 1314 1493 suo
1328 1462 1479 1493 facillime
1494 1462 1650 1501 profluen-

923 1526 1000 1558 tem,
1016 1519 1130 1559 passim
1145 1517 1266 1547 retinet.
1305 1516 1476 1552 Avienum,
1493 1516 1556 1546 orb.
1573 1516 1653 1547 desc.

923 1575 995 1603 487.
1019 1568 1264 1601 emendatiorem
1283 1566 1377 1596 dabo:

1258 1664 1376 1688 mediam
1388 1665 1460 1686 secat
1471 1662 1626 1693 Apenninus

940 1706 1099 1731 Ausoniam:
1119 1712 1193 1734 nam,
1206 1703 1259 1735 qui
1267 1702 1371 1727 Boreali
1379 1702 1481 1727 vertice
1490 1702 1525 1725 ad
1535 1702 1651 1728 aethram

941 1747 1125 1770 Concrescunt
1137 1744 1225 1775 Alpes,
1236 1742 1320 1774 surgit
1332 1745 1413 1773 caput
1424 1741 1580 1772 Apennino3

942 1787 985 1815 Et,
997 1785 1049 1815 qua
1062 1785 1157 1809 Sicanii
1167 1784 1247 1808 tellus
1256 1782 1347 1807 madet
1360 1781 1476 1812 aequoris
1487 1785 1567 1811 aestu‚

942 1827 997 1849 Huc
1005 1824 1134 1856 protelatas·
1145 1823 1224 1847 molis
1236 1822 1301 1854 juga
1313 1821 1419 1853 gurgite
1429 1821 1531 1845 condit.

929 1906 1005 1936 Huc
1027 1906 1203 1944 protelatae:
1231 1902 1251 1931 i.
1268 1912 1293 1932 e.
1324 1902 1476 1931 hactenus
1500 1900 1656 1939 perductae

928 1962 959 1986 et
979 1961 1120 1985 extentae.
1165 1953 1274 1993 Vulgo
1296 1952 1420 1992 legitur,
1446 1955 1468 1969 “
1492 1954 1531 1982 Ue
1554 1959 1657 1990 prote—

930 2011 952 2026 “
969 2006 1070 2036 latae.‘’
1116 2004 1342 2040 Tertullianus,
1366 2003 1482 2032 advers.
1501 2003 1600 2033 Marc.
1620 2004 1659 2034 iv.

932 2062 981 2088 21.
1004 2057 1043 2087 de
1071 2057 1141 2086 Deo
1164 2056 1387 2085 creatore:—“
1403 2052 1521 2083 manna
1545 2053 1659 2084 coelesti

935 2113 956 2127 “
972 2113 1158 2138 —sexcenta
1170 2105 1270 2136 millia
1281 2104 1447 2135 hominum
1457 2105 1660 2144 protelavit:’'

932 2161 950 2191 i.
967 2171 992 2191 e.
1023 2160 1070 2190 uti
1094 2161 1172 2189 bene
1201 2157 1359 2198 Rigaltius
1382 2156 1521 2195 exponit,
1549 2160 1571 2174 “
1588 2158 1659 2187 vitae

933 2217 955 2231 “
969 2219 999 2243 et
1011 2212 1124 2242 virium
1134 2218 1277 2241 tenorem
1288 2208 1491 2244 continuavit,
1504 2208 1659 2246 produxit,

933 2268 955 2282 ‘⁴
972 2262 1155 2303 protraxit.’‘
1183 2261 1299 2292 Confer
1318 2259 1502 2298 Apuleium,
1519 2265 1592 2289 met.
1608 2259 1660 2289 lib.

933 2316 995 2346 viii.
1012 2326 1039 2354 p.
1058 2317 1128 2346 577.
1153 2313 1226 2343 edit.
1254 2311 1457 2349 Oudendorp.
1484 2310 1538 2340 sed
1553 2311 1661 2349 impri-

933 2367 994 2397 mis
1017 2366 1123 2396 doctas
1139 2364 1311 2395 BIunckeri
1337 2368 1427 2392 notas
1449 2361 1489 2391 ad
1516 2361 1661 2402 Fulgent.

933 2429 984 2457 pp.
1002 2422 1074 2448 609.
1092 2420 1163 2447 653.
1180 2419 1252 2446 768.
1268 2414 1341 2444 edit.
1360 2414 1514 2443 staveren.

979 2469 1051 2498 Ver.
1069 2471 1139 2499 553.
1173 2467 1239 2497 Pro
1263 2468 1360 2505 magis
1386 2464 1532 2494 omnium
1557 2473 1662 2493 exem-

934 2520 1082 2560 plarium,
1106 2525 1171 2548 tam
1186 2518 1385 2556 scriptorum,
1409 2525 1504 2555 quam
1520 2514 1664 2552 primitus

937 2573 1171 2611 impressorum,
1195 2580 1288 2599 suum
1308 2570 1408 2598 minus
1423 2577 1478 2605 per
1501 2566 1663 2596 audaciam

935 2624 1029 2664 plane
1049 2621 1343 2653 facinorosissimam
1367 2618 1501 2648 editores
1516 2618 1663 2648 Lucretio

937 2684 1042 2708 nostro
1072 2678 1244 2711 obtrusere3
1274 2674 1381 2704 locum
1410 2671 1567 2701 fedissime
1597 2682 1663 2701 cor-

935 2737 1125 2769 rumpentes,
1147 2739 1184 2758 eo
1199 2727 1283 2768 quod
1299 2726 1339 2757 ad
1353 2725 1509 2766 liquidum
1523 2725 1663 2755 intellec-

937 2787 1006 2811 tum
1022 2781 1089 2820 ejus
1104 2779 1300 2820 nequiverint
1322 2777 1488 2816 pervenire.

939 2831 1055 2861 scilicet
1069 2836 1163 2871 atque
1179 2833 1422 2869 ενθυμημαιτικως,
1442 2839 1498 2867 pro
1513 2838 1600 2857 more
1615 2837 1664 2856 ar-

937 2884 1205 2925 gumentantium,
1221 2888 1313 2923 atque
1329 2882 1361 2911 in
1371 2881 1482 2921 primis
1490 2880 1663 2919 poetarum,

939 2936 1059 2977 legibus
1074 2936 1276 2967 severioribus
1286 2934 1516 2971 obstrictorum,
1533 2938 1563 2962 et
1574 2942 1591 2961 a
1602 2931 1662 2960 lec-

1534 2777 1664 2806 Brevius
