1894 3253
581 230 820 320 LIBER
870 264 1178 316 PRIMUs.

1587 269 1651 310 53

165 411 250 448 230
281 404 410 449 Unde
430 403 516 455 alit,
538 411 661 461 atque
682 411 820 461 auget,
843 400 1071 460 generatim
1090 396 1243 455 pabula
1261 394 1475 452 praebens?

284 480 412 523 Unde
432 494 562 530 mare,
584 478 779 536 ingenuei
799 476 949 525 funtes,
973 482 1210 529 aeternaque
1229 471 1353 529 longe

284 555 493 605 Flumina,
515 550 804 608 subpeditant?
837 549 949 591 unde
969 548 1101 589 aether
1121 546 1256 588 sidera
1272 543 1425 601 pascit?

142 714 194 745 Sic
210 712 248 743 de
262 712 339 742 liliis
354 710 467 741 iisdem
484 708 676 748 Propertius,
694 707 716 739 i.
735 711 785 738 20.
801 710 854 738 59.

275 772 420 804 decerpens
432 774 525 795 tenero
536 769 673 801 pueriliter
684 767 764 800 ungui
775 775 784 794 .·

142 830 179 854 ut
202 823 287 863 prior
304 821 449 852 Catullus
475 820 514 851 de
525 822 621 862 flore,
650 819 692 850 lx.
707 823 757 850 43.
783 829 878 861 quem

145 873 330 914 Propertius
345 878 499 903 sectatur:

339 932 409 957 tenui
420 935 522 965 carptus
533 932 660 957 defloruit
673 931 753 964 ungui
763 940 771 957 .·

144 982 221 1014 Jam
244 992 317 1012 vero
340 981 457 1020 passim
483 981 569 1011 idem
584 980 689 1011 valent
703 992 827 1021 carpere
852 987 883 1012 et

146 1035 242 1064 libare
253 1048 264 1069 ;
291 1032 376 1063 unde
391 1032 564 1072 explicatur
578 1031 678 1062 Ennii
692 1042 800 1062 versus
814 1032 880 1062 lau-

148 1085 339 1123 datissimus,
356 1085 447 1125 cujus
462 1091 568 1115 tamen
579 1084 717 1115 rationes
728 1084 884 1124 perspexit

150 1147 261 1168 nemo:

210 1195 262 1218 Flos
274 1193 397 1218 delibatus
407 1194 508 1226 popoli,
524 1195 674 1226 Suadaeque
685 1196 819 1220 medulla:

143 1243 164 1273 i.
191 1254 217 1273 e.
245 1247 267 1261 “
292 1253 389 1283 quem
415 1243 441 1272 si
465 1242 577 1283 seligas
603 1253 620 1272 e
643 1243 770 1282 populo,
798 1243 884 1273 idem

147 1298 170 1312 “
188 1294 307 1330 feceris,
331 1304 366 1324 ac
382 1294 407 1324 si
423 1304 531 1333 carpas
547 1293 630 1324 floris
652 1294 881 1334 gemmulam.”

150 1345 320 1383 Pindarus,
346 1345 397 1376 Ol.
414 1345 436 1376 i.
454 1349 504 1375 20.

512 1418 599 1454 δςεπ-ων
612 1428 657 1452 μεν

267 1469 379 1501 Κοξυφαις
394 1476 487 1502 agerem
498 1477 549 1493 onero
563 1478 660 1494 τασαν.

150 1528 264 1565 Porro,
290 1528 433 1558 Lucretii
458 1528 560 1559 fontes
586 1531 733 1569 ingenuos
751 1530 831 1561 Cato
854 1530 888 1562 in

151 1579 250 1616 Diris,
268 1579 443 1611 cultissimo
455 1582 611 1621 po'efflate,
627 1589 723 1614 castos
733 1584 888 1623 nominat,

149 1642 211 1663 ver.
234 1637 284 1664 90.

154 1702 250 1727 Dulcia
261 1710 333 1734 rura,
344 1704 433 1730 valete
444 1706 449 1730 !
469 1708 508 1736 et,
520 1707 616 1738 Lydia,
627 1707 731 1732 dulcior
741 1708 805 1733 inis!

150 1743 184 1767 Et
195 1743 258 1767 casti
273 1744 371 1774 fontes,
384 1749 422 1774 et,
433 1745 501 1770 felix
513 1753 624 1777 nomen,
636 1748 729 1780 agelli!

153 1782 269 1807 Tardius
280 1784 329 1808 ah!
349 1785 466 1814 miserae‚
478 1786 633 1812 descendite
645 1792 750 1818 monte,
761 1788 887 1820 capellae!

150 1823 222 1848 Collis
234 1831 289 1848 non
302 1825 403 1850 iterum
416 1828 529 1858 carpetis
540 1829 638 1859 pabula
649 1830 710 1854 noti.

153 1880 205 1910 Sic
220 1881 306 1911 haud
322 1882 417 1912 dubie
438 1883 626 1923 legendum:
658 1887 800 1917 conferas
815 1897 891 1918 verr.

154 1934 206 1967 87,
224 1935 273 1962 88.
319 1932 440 1974 Vulgo,
458 1937 561 1966 mollia
578 1943 660 1968 nota.
708 1938 805 1978 Apud
823 1938 892 1968 sta-

155 1982 251 2019 tium,
267 1983 335 2014 silv.
354 1984 389 2015 ii.
408 1989 437 2016 l.
455 1990 505 2016 44.

217 2051 379 2082 Ingenuique
390 2059 470 2084 super
480 2053 570 2078 crines.

158 2113 232 2138 sunt
248 2107 349 2139 crines
372 2120 437 2140 uon
456 2110 638 2150 adulterini,
666 2117 697 2142 et
711 2112 812 2144 nitore
838 2125 893 2144 na-

155 2160 261 2199 turali,
287 2171 351 2191 non
368 2162 484 2199 fucato,
509 2164 731 2196 commendati.
776 2166 898 2197 Tacent

155 2210 348 2251 interpretes.
406 2213 472 2244 Adi
509 2225 604 2254 porro
642 2223 783 2247 nostram
822 2218 895 2249 Silv.

161 2262 238 2293 Crit.
257 2273 284 2294 v.
301 2274 332 2303 p.
350 2267 421 2296 158.

158 2313 318 2354 Denique,
342 2322 379 2346 ut
396 2323 440 2347 Ω..
473 2318 588 2349 codicis
606 2320 746 2360 scriptor,
770 2321 899 2352 distinxi

161 2364 202 2394 ad
218 2376 304 2396 mare
314 2381 324 2401 ;
353 2377 391 2397 ex
406 2378 469 2408 quo
495 2370 611 2408 pendet
625 2372 734 2412 utique
749 2382 821 2403 vera
839 2373 900 2403 loci

162 2416 388 2456 interpretatio.
434 2421 492 2451 Ait
507 2429 625 2454 noster:
654 2430 674 2442 “
690 2425 787 2455 Unde
801 2436 900 2465 mare,

164 2471 186 2485 “
203 2469 288 2499 unde
311 2470 426 2509 fontes,
453 2473 538 2503 unde
561 2474 695 2505 flumina
718 2483 900 2517 suppetunt,

168 2523 190 2538 ‘⁶
206 2527 237 2550 et
269 2521 469 2553 sufficiuntur
481 2523 648 2557 ?‘’—Nam
678 2527 711 2557 id
739 2528 902 2568 doctrinae,

162 2575 185 2590 ‘⁶
202 2572 305 2604 fontes
333 2581 364 2604 et
387 2574 520 2606 flumina
543 2578 582 2607 ab
598 2588 716 2609 oceano
736 2580 901 2618 derivari?

163 2634 290 2663 prorsus
316 2626 557 2658 incommodum
588 2636 635 2659 est
658 2631 734 2662 huic
763 2632 841 2669 loco,
872 2640 904 2664 et

167 2678 370 2710 contrarium.
410 2679 493 2710 Vide
509 2691 595 2719 mox,
612 2692 673 2713 ver.
690 2686 762 2714 540.
779 2684 818 2714 de
829 2696 904 2716 voce

163 2732 337 2769 suppeditet
349 2745 360 2766 ;
388 2732 435 2761 uti
462 2742 543 2771 saepe
559 2733 699 2769 Tacitus,
727 2741 758 2765 et
778 2735 832 2765 alii
857 2736 904 2767 lo-

167 2788 318 2821 quuntur.
342 2784 387 2814 Et
397 2785 466 2825 jam
477 2786 569 2817 video
576 2787 771 2819 Lambinum
780 2790 906 2824 inivisse

166 2840 285 2864 rectam
300 2835 393 2873 viam,
411 2838 471 2868 sed
483 2839 645 2870 neminem
661 2841 749 2881 sequi
761 2842 904 2880 voluisse,

164 2884 250 2923 quod
271 2887 406 2924 pertinet
421 2889 462 2920 ad
477 2891 620 2923 vocabuli
636 2895 831 2933 suppeditant
855 2895 903 2925 in-

166 2938 430 2975 terpretationem.

966 703 1049 734 lbid.
1078 709 1205 734 aeterna.
1251 701 1333 732 Haec
1362 700 1467 740 lectio,
1500 700 1656 742 quantivis

921 767 996 787 sane
1021 756 1124 796 pretii,
1156 755 1258 786 codici
1285 760 1320 786 Σ.
1354 754 1502 785 debetur:
1540 764 1656 794 nempe

922 821 1014 839 αενοιοι
1040 820 1181 847 τοταμοι,
1208 813 1244 837 ut
1267 805 1443 844 HesiodUS,
1467 815 1537 845 opp.
1559 804 1657 836 etdd.

924 864 996 893 735.

962 938 1118 947 ——
1131 935 1224 952 αεναων
1236 935 1359 960 vrorum-m
1372 925 1517 960 καλΜρροον
1530 924 1608 960 ὕδωρ·

926 984 961 1009 ut
976 978 1104 1014 ibidem,
1120 988 1181 1009 ver.
1198 981 1270 1009 548.

1252 1051 1373 1074 πθῗῶμων
1385 1051 1436 1066 oeffo
1448 1049 1590 1066 αξναθντῖὀν.

926 1095 1063 1133 Ennius,
1079 1095 1164 1134 apud
1182 1095 1322 1125 Macrob.
1338 1094 1378 1124 vi.
1395 1098 1424 1124 2.

1020 1155 1173 1179 constitere
1183 1161 1269 1178 amnes
1279 1157 1409 1186 perennes.

928 1204 972 1234 Et
986 1203 1087 1233 verbis
1102 1201 1263 1241 impendio
1285 1201 1417 1241 signatis
1436 1211 1513 1230 usus
1534 1206 1581 1231 est
1595 1201 1662 1232 Lu-

927 1255 1058 1287 cretius:
1097 1261 1215 1285 aeterna
1246 1255 1334 1293 longe
1346 1266 1357 1284 .-
1391 1252 1411 1283 i.
1427 1263 1452 1283 e.
1482 1255 1502 1270 “
1519 1252 1664 1293 flumina,

929 1312 952 1327 ‘⁶
966 1318 1037 1348 quae
1053 1317 1107 1347 per
1128 1311 1254 1337 tantum
1277 1304 1414 1345 spatium
1428 1304 1610 1343 decurrunt,
1633 1311 1665 1336 et

930 1363 953 1378 ‘⁴
969 1359 1125 1390 indefesso
1154 1357 1234 1398 pede
1246 1357 1276 1389 !”
1335 1357 1388 1387 De
1417 1356 1556 1387 confusis
1592 1366 1667 1387 vero

930 1412 1059 1442 vocibus
1078 1417 1212 1442 aeternus
1235 1415 1266 1440 et
1287 1415 1440 1447 externus,
1466 1408 1537 1439 vide
1554 1409 1665 1440 Burm-

931 1465 1016 1494 anth.
1042 1463 1112 1494 Lat.
1139 1462 1159 1492 i.
1186 1472 1237 1501 pp.
1263 1464 1339 1499 252,
1363 1463 1437 1491 448.
1463 1466 1495 1490 et
1518 1459 1667 1490 Draken-

930 1502 1038 1546 borch.
1069 1514 1109 1545 ad
1135 1513 1204 1545 Liv.
1229 1513 1249 1543 i.
1274 1523 1305 1552 p.
1322 1515 1394 1544 670.
1421 1511 1460 1542 iis
1482 1511 1604 1548 collata,
1627 1511 1669 1542 ad

933 1580 994 1600 ver.
1027 1572 1098 1599 286,
1159 1567 1223 1597 His
1252 1572 1360 1597 autem
1393 1565 1669 1596 commodissimus

934 1620 1132 1660 superveniet
1150 1619 1256 1658 Silius,
1279 1619 1319 1649 iv.
1337 1622 1409 1650 692.

995 1692 1109 1716 Miratur
1120 1695 1196 1723 pater
1207 1694 1312 1715 aeternos
1322 1697 1423 1715 cessare
1433 1692 1546 1722 repente

998 1731 1127 1757 Eridanus
1139 1739 1227 1755 cursus
1236 1740 1244 1756 :

938 1791 1072 1822 Ovidius
1087 1791 1192 1827 etiam,
1209 1801 1305 1821 amor.
1322 1791 1364 1821 iii.
1384 1795 1414 1822 6.
1429 1795 1478 1822 20.

999 1850 1027 1874 T
1029 1856 1046 1873 u
1058 1850 1157 1881 potius,
1170 1850 1231 1881 ripis
1242 1849 1325 1875 effuse
1335 1850 1486 1882 capacibus,
1496 1850 1591 1881 amnis,

1031 1890 1071 1914 Sic
1083 1893 1192 1914 aeternus
1204 1897 1247 1915 eas
1259 1890 1265 1914 !
1285 1890 1373 1915 labere
1389 1890 1442 1915 fine
1456 1894 1515 1916 tuo.

937 1949 982 1980 Et
999 1948 1152 1987 Avienus,
1171 1949 1259 1979 Arat.
1275 1950 1378 1988 phaen.
1394 1952 1445 1980 49.

968 2022 1374 2030 ———-
1384 2010 1459 2035 velut
1470 2010 1568 2041 amnis,

969 2050 1058 2080 Quem
1070 2048 1167 2074 festina
1178 2049 1236 2074 citis
1247 2053 1326 2081 urget
1338 2051 1439 2074 Natura
1450 2049 1569 2080 fluentss,

969 2092 1054 2121 Lapsa
1064 2089 1181 2114 continuo
1189 2098 1198 2114 .-

940 2157 1014 2177 cum
1031 2146 1167 2185 Rutilio,
1185 2147 1286 2177 itiner.
1304 2150 1375 2179 109.

972 2208 1075 2239 Nempe
1086 2207 1135 2231 tibi
1146 2208 1248 2232 subitus
1259 2207 1405 2232 calidarum
1413 2214 1505 2239 gurges
1515 2212 1643 2238 aquarum

1004 2247 1086 2278 Rupit
1097 2247 1236 2279 Tarpeias,
1247 2247 1324 2272 hoste
1335 2250 1486 2278 premente,
1497 2246 1562 2269 vias.

973 2286 999 2310 Si
1009 2285 1080 2311 foret
1092 2290 1212 2316 aeternus,
1224 2293 1316 2311 casum
1327 2286 1439 2311 fortasse
1449 2290 1588 2318 putarem:

943 2335 998 2365 ubi
1028 2335 1119 2375 plura
1147 2337 1451 2367 Burmannus—Et
1475 2334 1675 2365 consideran-

945 2388 1023 2418 dum
1047 2395 1102 2425 est,
1129 2399 1169 2422 an
1193 2389 1280 2420 aliud
1302 2395 1393 2420 sonet
1413 2389 1546 2429 ingeniti
1570 2396 1676 2426 supra,

945 2445 1057 2478 praeter
1078 2452 1138 2471 non
1162 2442 1289 2472 aliunde
1312 2443 1446 2476 deducti,
1473 2450 1528 2478 per
1553 2438 1678 2469 canales

945 2491 1062 2521 scilicet
1071 2503 1081 2529 ;
1097 2491 1238 2533 adeoque
1246 2493 1346 2531 po'e'tae
1363 2491 1462 2521 menti
1474 2500 1587 2529 parum
1601 2499 1676 2520 con-

945 2542 1061 2572 veniat.
1108 2542 1201 2573 Idem
1218 2543 1370 2580 Rutilius,
1385 2552 1447 2572 ver.
1465 2544 1536 2572 104.

1008 2603 1135 2633 Totaque
1145 2603 1240 2627 nativo
1250 2603 1352 2627 moenia
1360 2602 1436 2633 fonte
1445 2602 1555 2625 sonant:

946 2648 966 2679 i.
983 2659 1008 2679 e.
1028 2649 1072 2679 ibi
1088 2656 1173 2688 nato,
1196 2651 1358 2690 ingenit03
1381 2656 1417 2680 ut
1432 2650 1527 2680 etiam
1542 2650 1676 2689 Proper-

948 2700 1022 2739 tius,
1046 2701 1084 2732 iv.
1102 2705 1131 2731 4.
1147 2703 1274 2732 4.—De
1296 2702 1448 2741 scriptura
1470 2712 1542 2732 vero
1552 2701 1679 2743 fumes,

948 2751 1019 2781 vide
1034 2752 1074 2782 ad
1089 2762 1149 2782 ver.
1169 2756 1238 2784 119.

992 2803 1067 2833 Ver.
1085 2806 1155 2833 252.
1177 2805 1292 2835 aetlzer:
1317 2805 1337 2836 i.
1353 2815 1379 2836 e.
1402 2805 1526 2846 ignium
1552 2806 1680 2836 thesau-

949 2864 1004 2884 rus
1019 2859 1050 2883 et
1064 2854 1288 2886 habitaculum.
1335 2856 1478 2894 Ovidius,
1496 2862 1570 2888 met.
1586 2857 1605 2888 i.
1627 2860 1678 2887 26.

980 2924 1056 2953 Ignea
1067 2922 1185 2947 convexi
1196 2923 1254 2954 vis,
1266 2927 1293 2949 et
1304 2924 1359 2949 sine
1370 2925 1499 2956 pondere,
1510 2924 1575 2949 coeli

980 2961 1105 2992 Emicuit,
1117 2963 1265 2996 summique
1276 2963 1366 2991 locum
1377 2965 1425 2990 sibi
1435 2965 1500 2997 legit
1510 2964 1537 2989 in
1548 2970 1615 2988 arce.
