1894 3253
166 271 227 314 68

695 263 754 311 Τ.
804 260 1187 311 LUCRETII

312 397 410 438 Vim
430 396 606 437 subitam
625 395 817 444 tolerare3
855 393 927 444 ita,
954 408 1107 452 magno
1129 394 1317 436 turbidus
1337 394 1477 447 imbri,

310 471 493 514 Molibus
512 469 702 519 incurrit,
722 468 864 510 validis
886 484 981 509 cum
1001 470 1170 520 viribus,
1194 470 1344 520 amnis;

308 546 395 587 Dat
416 543 551 584 sonitu
571 558 725 600 magno
745 551 944 600 stragem3
976 544 1182 600 volvitque
1201 545 1277 586 sub
1299 544 1422 586 undis

193 624 275 661 290
308 618 497 660 Grandia
516 632 631 668 saxa3
665 618 748 658 ruit
768 616 847 673 qua
874 617 1101 674 quidquam
1121 618 1312 660 fluctibus
1332 619 1479 660 obstat.

208 774 280 805 Ver.
304 778 376 805 287.
398 775 550 805 turbidus.
595 774 646 804 Sic
673 784 782 804 omnes
804 772 889 810 libri;

162 827 216 858 sed
247 836 283 857 ex
306 826 485 867 conjectura
514 825 650 856 videram
673 826 891 865 reponendum

162 890 228 911 esse
257 881 411 919 turgidus,
441 886 473 909 et
496 879 736 918 Havercampus
757 877 891 908 eandem

160 933 345 972 scripturam
368 942 405 962 ex
423 932 587 962 Vossianis
612 931 796 961 lectionibus
819 940 889 969 pro-

161 985 245 1015 tulit.
292 984 419 1023 Repetit
430 995 543 1023 nempe
558 983 735 1021 Lucretius,
747 989 778 1013 et
793 982 891 1012 varia-

161 1043 194 1068 to
208 1038 386 1077 paullulum
402 1048 545 1068 sermone
561 1048 628 1068 rem
654 1038 694 1068 de
717 1049 796 1069 novo
818 1052 890 1081 smp-

162 1105 243 1131 νγειας
259 1089 359 1131 gratia
373 1090 521 1121 declarat:
549 1090 618 1120 heic
638 1091 736 1130 igitur
748 1092 892 1130 turgidus

161 1144 254 1173 imbri
269 1156 302 1173 ero
318 1149 409 1182 auget
426 1143 582 1179 imbribus,
607 1151 668 1171 ver.
686 1143 755 1172 285.
772 1141 892 1182 liquido

161 1199 372 1234 repraesentat,
399 1200 435 1223 ut
458 1199 628 1233 utrumque
651 1194 796 1233 congruit
819 1194 890 1224 Ho-

159 1257 266 1277 mereo
282 1259 410 1286 παταμῳ
425 1249 572 1280 πλὴροντι.
597 1247 648 1277 Μ.
664 1246 755 1276 habet
769 1249 887 1281 ἰαὶ-δῖος

162 1307 204 1331 Π.
220 1306 326 1330 autem
342 1301 465 1330 turbida
481 1301 586 1329 nimbi.
634 1297 782 1329 Similiter
792 1299 831 1330 de
843 1299 892 1329 his

161 1352 351 1383 torrentibus
368 1351 510 1388 Ovidius,
527 1360 623 1381 amor.
638 1351 657 1381 i.
676 1356 703 1383 9.
724 1355 772 1382 11.

208 1409 260 1434 Ibit
271 1409 297 1433 in
310 1409 433 1434 adversos
444 1412 561 1438 montes,
572 1408 755 1441 duplicataque
766 1409 848 1433 nimbo

240 1450 366 1474 Flumina.

163 1499 330 1537 Horatius,
347 1497 395 1532 od,
413 1497 450 1529 iv.
471 1503 517 1529 12.
535 1502 565 1530 4.

223 1562 282 1592 Jam
296 1567 344 1585 nec
356 1564 432 1592 prata
443 1561 541 1592 rigent,
552 1567 602 1585 nec
614 1560 688 1585 fluvii
695 1563 829 1592 strepunt,

286 1600 401 1626 Hiberna
413 1599 475 1625 nive
485 1598 582 1632 turgidi
591 1609 600 1625 .-

160 1649 213 1680 cui
227 1649 368 1680 conferas
383 1648 456 1679 ibid.
474 1653 501 1679 2.
516 1653 545 1679 5.

254 1711 348 1734 Monte
358 1709 500 1733 decurrens
513 1708 586 1733 velut
597 1708 690 1738 amnis,
701 1706 799 1733 imbres

255 1753 345 1783 Quem
356 1757 434 1782 super
446 1754 523 1774 notas
534 1750 620 1774 aluere
633 1750 717 1781 ripasz

160 1807 191 1831 et
205 1801 312 1832 locum
329 1800 495 1831 Claudiani
518 1800 551 1829 in
567 1800 668 1839 priore
684 1798 767 1829 nota.
815 1798 890 1828 Non

160 1854 247 1884 aliud
263 1854 362 1884 sentio
378 1853 416 1883 de
435 1852 502 1882 Silii
525 1852 606 1890 loco,
632 1852 714 1882 Pun.
729 1851 799 1882 xvii.
819 1853 890 1882 122.
916 1875 926 1882 .

161 1905 216 1935 ubi
231 1905 345 1945 legitur
361 1904 393 1933 in
409 1903 500 1933 editis
514 1905 654 1934 turbidus
665 1917 672 1923 ·

511 1977 561 1994 ceu
573 1969 688 2001 turgidus
700 1969 795 1999 amnis,

191 2010 255 2042 Qui,
266 2010 352 2042 sylvas
363 2016 394 2033 ac
405 2016 471 2032 saxa
482 2009 600 2038 trahens,
612 2016 658 2039 per
670 2010 746 2034 devia
758 2015 879 2040 praeceps

191 2051 325 2080 Volvitur,
337 2053 364 2074 et
375 2049 443 2080 ripas
454 2049 591 2080 spumanti
601 2049 708 2080 gurgite
717 2049 802 2073 laxat.

162 2109 257 2140 Idem
271 2107 391 2138 dictum
406 2106 499 2136 velim
516 2105 554 2136 de
579 2106 685 2137 Senec.
703 2106 798 2136 Herc.
823 2106 888 2137 OEt.

161 2164 234 2193 502.
250 2166 282 2190 et
300 2158 392 2190 Ovid.
408 2158 477 2188 fast.
496 2157 529 2188 ii.
559 2161 632 2188 2206.
657 2157 697 2188 ad
710 2168 808 2198 quem
823 2168 889 2187 ver-

161 2222 233 2243 sum
242 2210 369 2241 videndi
381 2215 455 2239 sunt
468 2209 622 2239 Heinsius
631 2214 662 2239 et
674 2209 888 2245 Burmannus,

160 2266 277 2294 horum
291 2260 515 2292 vocabulorum
530 2260 807 2291 commutationem
822 2271 889 2291 me-

161 2320 320 2346 morantes
341 2319 434 2353 atque
453 2312 655 2342 illustrantes:
681 2312 821 2353 quamvis
836 2322 889 2342 ex·

163 2367 278 2407 empla,
295 2377 366 2408 quae
380 2366 464 2406 prior
478 2366 628 2405 attulerit,
644 2376 708 2396 non
732 2366 794 2396 sint
818 2365 891 2395 satis

162 2427 351 2460 opportuna,
381 2430 453 2450 meo
481 2419 590 2449 saltem
616 2419 746 2460 judicio.
790 2419 891 2449 Haud

162 2473 257 2503 aliam
277 2474 406 2504 fortasse
432 2472 621 2502 medicinam
644 2472 772 2511 pulchre
797 2472 891 2502 facias

162 2526 311 2567 Virgilio,
327 2526 367 2556 ad
383 2536 453 2567 geo.
470 2526 501 2556 ii.
520 2528 590 2557 1537.

164 2595 217 2617 Nec
229 2594 342 2625 pulcher
351 2596 469 2626 Ganges,
477 2598 559 2625 atque
568 2600 633 2618 auro
641 2593 756 2625 turgidus
765 2593 889 2622 Hermus,

161 2633 296 2657 Laudibus
308 2634 392 2658 ltaliae
405 2637 524 2659 certent:

163 2681 206 2713 sic
221 2683 307 2712 enirn
324 2683 526 2720 Claudianus,
543 2684 595 2714 xii.
610 2687 661 2714 32.

319 2742 411 2771 Tagus
421 2741 571 2766 intumescat
581 2749 655 2766 auro.

165 2788 256 2819 Huic
286 2794 393 2819 autem
419 2791 524 2821 minus
547 2791 669 2822 fiderim
691 2792 891 2834 conjecturae,

166 2851 266 2881 quum
281 2840 343 2870 alia
357 2842 480 2871 obstent
494 2842 562 2872 loca
573 2849 725 2882 veterum,
740 2855 811 2885 quae
827 2855 891 2874 non

163 2899 238 2923 sunt
268 2892 398 2933 hujusce
428 2894 584 2932 temporis.
629 2895 736 2926 Adeas
765 2896 892 2936 insuper

166 2944 340 2976 Heinsium
355 2943 394 2975 ad
412 2944 524 2976 Claud.
549 2945 630 2986 epig.
654 2956 704 2977 xx.
721 2951 749 2978 6.
775 2948 892 2978 Amnis

934 779 1041 804 autem
1066 776 1206 806 turbidus
1229 775 1256 805 is
1279 780 1324 805 est
1346 775 1480 814 proprie,
1506 775 1561 815 qui
1585 774 1666 810 luto,

934 836 1055 864 cruore,
1079 827 1125 856 vel
1141 827 1285 857 sordibus
1300 827 1369 857 aliis
1385 827 1585 867 quibuslibet,
1608 826 1664 856 de·

935 877 1090 907 coloratus
1106 877 1183 908 fluit.
1227 879 1388 916 Lucanus,
1405 876 1454 908 vii.
1476 881 1543 908 116.

935 936 1062 967 Sanguine
1075 930 1196 961 Romano
1207 945 1289 968 quam
1302 936 1417 961 turbidus
1429 937 1476 961 ibit
1490 937 1602 967 Enipeus
1613 937 1619 961 !

938 982 1024 1020 Quid
1040 985 1164 1016 autem?
1191 985 1345 1015 Varietati
1367 985 1461 1015 modo
1484 991 1666 1015 memoratae

936 1036 1050 1066 codicis
1072 1037 1168 1067 nostri
1188 1042 1227 1067 Π.
1250 1038 1372 1067 turbida
1398 1038 1497 1067 nimbi
1520 1048 1584 1067 non
1610 1037 1665 1067 de-

936 1091 1047 1119 bemus
1061 1089 1292 1121 obsurdescere:
1320 1090 1395 1120 latet
1406 1089 1501 1126 enim,
1515 1090 1549 1120 ni
1564 1090 1670 1127 fallor,

936 1138 1129 1179 proprietatis
1158 1142 1334 1171 vetustioris
1361 1142 1539 1182 vestigium,
1571 1152 1667 1182 quam

936 1191 1022 1221 locus
1039 1192 1145 1222 Ovidii
1169 1192 1267 1222 modo
1293 1193 1438 1223 laudatus
1453 1193 1668 1224 strenuissime

936 1246 1104 1286 adjuvabit.

936 1297 1010 1337 quid
1032 1298 1186 1327 acuminis
1214 1298 1293 1327 mihi
1316 1299 1493 1339 contigerit,
1520 1299 1559 1329 ad
1581 1300 1667 1330 hunc

934 1348 1082 1378 modum:

1154 1247 1282 1286 Scripsit
1305 1259 1418 1287 nempe
1445 1248 1622 1284 Lucretius,
1640 1247 1665 1277 si

1161 1410 1209 1439 ita,
1219 1417 1318 1442 magno
1327 1410 1429 1442 turgida
1440 1410 1533 1441 nimbo,

965 1450 1079 1473 Molibus
1091 1450 1201 1474 incurrit
1212 1451 1315 1482 magnis
1327 1458 1390 1475 cum
1402 1451 1500 1475 viribus
1511 1451 1607 1476 amnis.

938 1508 986 1538 Sic
1002 1507 1085 1547 apud
1102 1508 1258 1545 Nonium,
1274 1507 1308 1537 in
1320 1518 1394 1538 voce
1409 1520 1540 1546 amnem,
1558 1509 1665 1540 Plauti

935 1560 1088 1589 habemus
1103 1561 1166 1589 ulla
1183 1562 1300 1595 anmis;
1330 1560 1431 1598 Accii,
1448 1560 1512 1591 altri
1528 1563 1625 1597 amni,
1635 1567 1667 1592 et

934 1613 1096 1650 mztiquam
1112 1623 1249 1645 amnem;
1278 1611 1392 1648 Naevii,
1412 1614 1515 1642 amnis
1530 1614 1663 1653 inflexa,-

937 1662 1087 1692 Varronis
1117 1662 1263 1702 denique,
1296 1666 1318 1680 “
1334 1665 1446 1699 amnis,
1472 1675 1563 1702 qnam
1588 1663 1666 1693 olim

937 1718 959 1733 “
977 1715 1130 1745 Albulam
1146 1715 1256 1745 dicunt
1270 1715 1463 1745 vocz'catam.’'

977 1766 1052 1796 Ver.
1078 1770 1152 1796 288.
1184 1768 1334 1797 Dialibus:
1374 1773 1414 1796 Π.
1446 1767 1609 1797 Mollibus:
1635 1773 1667 1797 et

935 1818 1079 1859 quaedam
1095 1818 1284 1856 exemplaria
1300 1818 1381 1857 typis
1396 1828 1509 1848 excusa
1525 1818 1601 1849 dant
1616 1821 1666 1850 irc-

934 1882 1073 1909 cnrrens,
1099 1881 1139 1900 ne
1155 1881 1220 1900 uno
1236 1870 1375 1911 quidem,
1403 1876 1439 1900 ut
1458 1870 1592 1909 videtur,
1615 1881 1666 1902 co-

934 1922 1003 1952 dice
1029 1922 1252 1952 consentiente.
1299 1922 1380 1952 Haec
1404 1928 1511 1952 autem
1542 1922 1668 1953 licentia

933 1973 1090 2004 editorum
1106 1974 1138 2003 in
1155 1974 1316 2004 neminem
1342 1974 1398 2003 sibi
1415 1973 1508 2004 latius
1523 1975 1667 2014 indulsit,

932 2035 1029 2064 quam
1044 2025 1078 2054 in
1091 2025 1285 2054 Lucretium.
1314 2025 1426 2054 Voluit
1442 2025 1549 2064 utique
1564 2026 1669 2064 poeta,

934 2087 951 2106 a
967 2086 1030 2116 quo
1045 2076 1159 2106 frustra
1174 2076 1207 2105 in
1224 2076 1371 2106 omnibus
1382 2076 1575 2106 elaboratum
1593 2077 1665 2106 Vir-

933 2127 1001 2168 gilii
1018 2129 1152 2157 nitorem
1169 2134 1199 2157 et
1214 2127 1398 2166 perpolitam
1424 2128 1667 2167 aequabilitatem

934 2188 1058 2218 speres,·
1074 2178 1210 2219 vestigiis
1237 2178 1370 2218 squalidi
1397 2178 1478 2208 ruris
1500 2179 1602 2210 adhuc
1632 2180 1666 2210 in

935 2230 1029 2260 Latio
1057 2230 1275 2267 manentibus3
1301 2229 1400 2259 voluit
1422 2229 1532 2270 utique
1561 2241 1668 2261 versus

934 2292 1008 2312 suos
1018 2281 1172 2315 ασυνδετως
1186 2281 1361 2318 decurrere,
1374 2287 1410 2310 ut
1421 2280 1517 2320 ipsius
1527 2281 1668 2312 fluminis

934 2334 1082 2364 violentia
1098 2333 1237 2363 numeris
1249 2333 1459 2370 vividioribus,
1476 2339 1505 2363 et
1519 2334 1668 2364 orationis

934 2393 1041 2417 tenore
1057 2386 1159 2427 magis
1168 2385 1403 2416 accommodato
1414 2385 1470 2423 rei,
1482 2385 1667 2426 depingere-

934 2445 995 2470 tur.

980 2490 1060 2520 Ibid.
1085 2491 1219 2520 lllolz'bzts
1241 2490 1410 2520 incurrens.

936 2544 1011 2574 AEn.
1027 2543 1059 2573 ii.
1075 2547 1147 2574 496.

1067 2608 1206 2641 aggeribus
1218 2607 1302 2639 ruptis
1314 2614 1399 2638 quum
1410 2614 1535 2638 spumeus
1546 2607 1631 2631 amnis

964 2649 1049 2679 Exiit,
1060 2648 1246 2680 obpositasque
1257 2647 1338 2672 evicit
1349 2647 1455 2678 gurgite
1465 2647 1548 2676 mules,

937 2705 1032 2736 Silius
1048 2704 1189 2742 Italicus,
1205 2704 1257 2733 xii.
1274 2707 1341 2733 186.

967 2773 1107 2805 improbus
1117 2775 1148 2797 ut
1159 2771 1250 2796 fractis
1260 2769 1382 2795 exundat
1390 2767 1493 2792 molibus
1503 2767 1597 2792 amnis.

1457 2489 1665 2527 Mantuanus,

980 2831 1061 2861 Ibid.
1077 2832 1188 2862 validis
1203 2839 1271 2860 cum
1283 2828 1407 2858 viribus.
1443 2825 1568 2856 Ennius
1580 2826 1665 2866 apud

938 2882 1092 2920 Nonium,
1108 2891 1181 2911 ann.
1196 2880 1236 2909 ix,
1253 2888 1326 2908 voce
1343 2879 1491 2908 Luctant.

1131 2946 1196 2972 vitei
1207 2944 1319 2971 valideis
1329 2951 1385 2970 cum
1397 2943 1501 2970 viribus
1511 2944 1630 2971 luctam:
