1894 3253
627 264 862 314 LIBER
905 262 1212 315 PRIMUS.

1611 270 1677 310 33

322 397 403 439 Sed
424 397 615 454 quaedam
637 398 866 448 simulacra,
889 397 1022 439 modis
1041 397 1234 453 pallentia
1254 395 1381 437 miris:

212 476 288 512 125
324 471 463 522 Unde,
486 472 561 513 sibi
582 480 786 522 exortam,
810 486 969 526 semper
988 471 1171 512 florentis
1194 470 1374 512 Homeri

324 546 619 587 Conmemorat
640 545 815 600 speciem
835 545 1035 585 lacrumas
1056 545 1275 586 ecfundere
1297 545 1416 586 salsas

180 684 264 724 Imo,
279 685 381 722 rebus,
403 690 439 714 ut
454 684 500 722 fit,
524 683 604 714 inter
619 684 829 721 scribendum,
845 683 907 714 ali-:2

176 737 241 773 alii,
258 736 360 767 lucem
376 734 627 774 accendentibus,
644 736 685 765 ita
701 734 822 775 scripsit
837 735 905 766 En-

177 799 264 819 ulus:

312 853 388 872 cassae
397 846 535 879 sanguine,
546 850 715 871 mortuorum
727 846 864 879 imagines.

177 897 300 933 Cicero,
317 896 356 927 de
371 896 466 927 divin.
483 896 514 925 ii.
537 898 587 926 64.
615 894 776 925 cochleam
791 895 905 926 descri-

180 950 272 980 bens:

209 1016 399 1048 Terrigenam,
421 1014 620 1046 herbigradam,
640 1013 833 1045 domiportam,
851 1021 909 1038 san-

301 1065 378 1089 gulsse
389 1063 486 1081 cassam
499 1065 507 1081 .·

184 1120 216 1146 et
242 1114 394 1150 Avienus,
422 1115 486 1144 orb.
512 1113 592 1144 desc.
618 1117 689 1145 602.
712 1112 800 1143 haud
825 1113 910 1143 inve-

184 1173 290 1197 nuste:

198 1233 246 1258 Hic
258 1232 394 1264 quondam
403 1231 518 1263 Python,
527 1233 675 1255 transactus
684 1230 813 1255 arundine
821 1237 908 1255 mem-

304 1272 360 1300 bra,

195 1310 331 1343 Sanguinis
341 1314 369 1335 et
380 1317 474 1339 cassus,
487 1309 592 1341 prolixa
604 1308 741 1333 volumina
755 1309 844 1334 solvit.

184 1368 290 1409 Atque
305 1369 373 1398 haec
388 1367 569 1398 emendatio
584 1376 689 1396 versus
704 1365 858 1404 Lucretii,
870 1365 910 1396 ad

180 1419 368 1451 Ennianum
382 1418 552 1449 distichum
567 1417 766 1457 compositos,
782 1417 910 1457 propius

182 1472 318 1512 attingit.

226 1523 302 1555 Ver.
323 1527 391 1554 123.
402 1529 602 1564 permanent:
631 1523 671 1553 G.
683 1529 723 1553 Π.
737 1526 773 1554 Σ.
788 1529 832 1553 Ω.
839 1533 911 1562 per-

184 1583 346 1612 maneant5
368 1576 405 1607 P.
415 1577 607 1616 perveniant.
653 1574 715 1605 Sed
725 1581 913 1615 permanant

185 1629 280 1660 unice
295 1634 464 1659 venustum
479 1634 533 1663 est,
551 1633 581 1657 et
592 1627 783 1657 tenuissimis
794 1626 913 1657 fluidis-

183 1692 244 1723 que
259 1681 451 1722 imaginibus
465 1680 625 1720 impendio
641 1679 836 1710 conveniens.
862 1679 913 1709 Ita

183 1740 300 1772 noster,
316 1733 362 1763 iii.
381 1737 454 1765 699.

215 1795 367 1817 Pennanare
377 1792 490 1816 animam
501 1793 576 1816 nobis
588 1798 635 1823 per
645 1791 767 1816 membra
784 1790 866 1815 solere

186 1842 332 1879 Ovidius,
349 1851 387 1871 ex
404 1841 500 1870 Pont.
517 1840 562 1870 iii.
579 1843 608 1869 5.
626 1843 677 1870 95.

351 1898 394 1923 ille
406 1901 444 1922 est
456 1901 550 1923 tenues
561 1897 673 1928 dilapsus
683 1897 710 1921 in
721 1903 810 1921 auras:

184 1954 215 1978 et
230 1948 387 1983 Lucanus,
404 1947 448 1977 iii.
466 1950 519 1978 55.

659 2004 695 2029 sic
706 2004 773 2034 fata,
784 2004 883 2036 refugit

215 2045 320 2074 Umbra,
330 2052 378 2076 per
388 2044 529 2075 amplexus
543 2044 640 2074 trepidi
651 2043 749 2075 dilapsa
761 2043 860 2067 mariti.

226 2093 303 2124 Ver.
337 2096 408 2122 124.
446 2093 611 2122 simulacra
641 2093 738 2122 modis
761 2092 913 2131 pallentia

186 2148 282 2177 miris.
322 2145 404 2174 Haec
419 2143 552 2173 totidem
561 2143 663 2173 verbis
677 2143 799 2183 integra
813 2149 914 2173 trans-

185 2198 258 2229 tulit
271 2197 305 2227 in
320 2207 396 2228 usus
409 2195 549 2236 proprios
572 2196 782 2234 Mantuanus,
805 2206 875 2236 geo.
893 2196 913 2226 i.

185 2254 259 2282 477.

354 2314 380 2335 et
390 2309 538 2339 simulacra,
549 2309 627 2333 modis
637 2308 758 2341 pallentia
769 2308 851 2338 mitis,

219 2350 280 2375 Visa
289 2351 336 2374 sub
348 2351 491 2375 obscurum
500 2350 597 2375 noctis.

192 2398 388 2431 Claudianus
402 2399 435 2429 in
454 2399 561 2430 Rufin.
574 2399 594 2428 i.
617 2402 686 2429 128.

219 2479 652 2486 ————-—————-
661 2465 796 2490 simulacra
805 2466 894 2491 coloni

222 2505 336 2534 Pallida,
347 2505 541 2536 defunctasque
551 2506 645 2530 vident
659 2505 767 2537 migrare
780 2505 887 2536 figuras.

192 2564 258 2595 Pro
288 2566 434 2604 migrare,
467 2562 597 2603 quidam
626 2563 758 2600 codices,
788 2566 915 2603 mugire.

191 2616 295 2656 Lego:

356 2672 550 2703 defunctasque
561 2672 653 2696 vident
664 2672 755 2696 mutire
764 2672 870 2704 figuras.

197 2723 315 2754 Confer
333 2723 423 2763 Virg.
452 2723 526 2752 AEn.
553 2722 591 2751 vi.
608 2725 679 2752 49⁶2.
726 2722 805 2752 Hor.
822 2722 870 2753 od.
886 2722 917 2753 ii.

198 2777 224 2804 1.
241 2777 291 2804 21.
318 2774 369 2804 cui
384 2773 488 2804 Flacci
515 2772 659 2803 formulae
681 2772 782 2803 multa
803 2773 919 2803 similia

194 2825 403 2855 obversantur.

239 2876 314 2906 Ver.
343 2879 411 2907 125.
444 2888 558 2917 semper
577 2878 738 2918 florentis:
775 2879 918 2914 αειέαλες,

197 2931 233 2957 ut
247 2932 375 2965 sertum,
392 2938 454 2968 quo
466 2934 646 2965 coronatur,
661 2927 744 2959 foliis
755 2938 820 2959 non
835 2928 918 2960 deci-

949 684 1035 721 duis3
1058 684 1129 715 vide
1151 694 1245 723 supra
1270 694 1331 715 ver.
1362 688 1431 716 119.
1455 683 1477 714 i.
1504 693 1530 714 e.
1554 687 1673 716 oeterm‘.

952 735 1097 774 Ovidius,
1114 746 1152 765 ex
1169 736 1262 766 Pont.
1277 736 1309 766 ii.
1330 739 1376 766 10.
1394 739 1441 766 15.

997 796 1041 818 'sn
1053 794 1124 819 canis
1135 798 1226 819 aeter-no
1238 794 1364 826 quicquid
1376 795 1490 820 restabat
1501 796 1613 820 Homero.

949 843 993 873 Et
1007 854 1041 873 cnr
1057 849 1133 880 ονιο,
1148 845 1192 874 vel
1206 854 1241 874 ea:
1256 850 1364 881 ortam,
1380 842 1478 873 edidit
1493 843 1579 874 Pius.

995 893 1067 924 Ver.
1094 898 1162 925 1‘26.
1188 896 1313 934 speciem
1323 909 1332 925 .·
1370 893 1677 925 samm—membra-

952 946 1416 987 nam—corticem—effigiem:
1444 946 1513 977 vide
1536 947 1575 977 iv.
1589 950 1677 977 54-

954 1002 1005 1028 46.
1032 997 1238 1033 Claudianus,
1254 998 1324 1028 laus
1342 999 1445 1029 Seren.
1466 1002 1533 1030 110.

954 1057 1067 1089 Quique
1078 1058 1167 1088 datur,
1169 1057 1267 1089 fratris
1278 1057 1380 1089 speciem
1392 1056 1439 1081 tibi
1451 1057 1538 1082 reddit
1548 1057 1668 1090 adempti.

998 1105 1080 1135 Ibid.
1102 1105 1272 1146 effimdere:
1300 1105 1342 1135 sic
1357 1105 1393 1135 L.
1412 1106 1458 1135 M.
1477 1110 1512 1136 Δ.
1530 1113 1569 1136 Π.
1584 1111 1617 1138 Σ.
1633 1112 1678 1137 Ω.

954 1156 1100 1185 nonnulli
1110 1163 1137 1186 et
1145 1156 1280 1197 fundere
1290 1155 1417 1186 dedere:
1432 1156 1469 1186 P.
1481 1156 1682 1197 cuifzmdere.

954 1209 1058 1246 Maro,
1080 1209 1154 1237 AEn.
1174 1218 1202 1237 x.
1219 1209 1293 1238 465.

1271 1266 1451 1298 lacrumas-que
1461 1266 1549 1299 effudit
1559 1267 1653 1292 inanis.

954 1317 1065 1354 Porro,
1081 1316 1278 1356 probabiliter
1289 1316 1412 1357 judicat
1428 1317 1680 1357 Havercampius

952 1368 1032 1399 illud
1047 1368 1218 1409 etfzmclere
1232 1379 1356 1399 merum
1372 1379 1438 1399 esse
1453 1371 1620 1412 αξχιιῗσμον
1632 1381 1681 1400 or-

953 1419 1159 1460 thographiae,
1170 1419 1279 1450 leviter
1289 1420 1433 1450 vitiatum
1443 1430 1499 1460 pro
1507 1421 1681 1462 effundere:

954 1471 1038 1512 quod
1053 1471 1205 1510 scriptum
1227 1471 1321 1502 volui.
1368 1472 1408 1502 In
1435 1472 1610 1503 minoribus
1631 1483 1683 1504 co-

956 1522 1064 1552 dicum
1085 1522 1184 1553 literis
1206 1523 1258 1552 vix
1279 1523 1425 1563 possibile
1447 1530 1493 1554 est
1517 1530 1575 1555 tet
1590 1537 1606 1556 c
1622 1525 1684 1556 dis-

956 1573 1107 1615 tinguere.
1139 1574 1220 1604 Vide
1239 1574 1384 1605 Cortium
1399 1575 1439 1606 ad
1457 1576 1580 1606 Sallust.
1602 1577 1626 1608 J
1628 1587 1680 1617 ug.

957 1626 1017 1656 xiv.
1042 1629 1088 1655 11.
1143 1626 1206 1656 Sed
1235 1627 1291 1656 has
1321 1627 1480 1666 scripturae
1508 1627 1685 1658 vetustioris

956 1677 1072 1707 formas
1087 1677 1221 1717 caligine
1237 1678 1425 1707 crassissima
1440 1679 1546 1708 mersit
1567 1678 1684 1718 impor-

955 1727 1073 1757 tunitas
1088 1734 1118 1757 et
1134 1727 1332 1768 indiligentia
1347 1728 1527 1759 scribarum.

1001 1778 1082 1807 Ibid.
1091 1780 1246 1809 lacrumas
1261 1781 1374 1809 salsas:
1393 1780 1411 1809 i.
1428 1790 1454 1810 e.
1471 1794 1512 1810 τοι
1528 1792 1619 1823 muge.
1634 1781 1685 1812 Bm-

959 1843 1033 1872 κξυα
1048 1830 1196 1868 Homeri,
1215 1830 1278 1861 Od.
1297 1836 1331 1861 Δ.
1352 1835 1419 1862 155.
1435 1831 1505 1862 vide
1519 1832 1591 1863 Silv.
1605 1833 1682 1864 Crit.

958 1880 1002 1910 iii.
1019 1891 1047 1919 p.
1067 1883 1135 1911 151.
1180 1881 1224 1911 Et
1239 1881 1340 1911 simile
1356 1882 1446 1912 finxit
1458 1883 1497 1913 de
1510 1883 1684 1924 Agamem-

959 1932 1052 1962 nonis
1064 1931 1167 1972 ειδωλῳ
1181 1932 1286 1972 po'e'ta,
1303 1932 1378 1963 ibid.
1395 1937 1470 1965 590.

998 1997 1077 2020 Rima
1088 1994 1109 2021 δ’
1120 1995 1131 2021 o‘
1142 2005 1171 2026 γε
1181 2000 1276 2027 λιγέως,
1290 1996 1399 2031 &canegou
1410 2008 1486 2023 κατα
1498 1997 1601 2033 δακξυον
1613 1997 1684 2026 εἴων.

1002 2046 1079 2076 Ver.
1099 2050 1168 2079 127.
1194 2050 1321 2088 Coepisse
1336 2055 1382 2079 et:
1412 2049 1451 2080 G.
1466 2049 1503 2080 V.
1517 2050 1564 2080 ed.
1581 2052 1620 2082 B.
1636 2052 1685 2084 Μ’.

960 2105 1002 2129 Π.
1021 2104 1055 2130 Σ.
1079 2101 1213 2139 caepisset
1220 2115 1230 2135 ;
1258 2100 1296 2130 P.
1312 2103 1446 2140 cupisset
1461 2108 1499 2132 ct.

1003 2150 1085 2180 Ibid.
1121 2162 1224 2181 rerum
1247 2158 1403 2182 naturam.
1450 2152 1566 2183 Paullo
1595 2154 1684 2186 aliter

958 2201 1124 2242 Virgilius,
1140 2212 1210 2243 geo.
1228 2202 1259 2232 ii.
1277 2206 1348 2233 483.

1244 2265 1345 2286 nature
1356 2263 1485 2288 adcedere
1491 2264 1573 2296 partis
1580 2273 1590 2290 :

958 2316 990 2340 et
1004 2310 1135 2340 inferius
1150 2310 1222 2340 ibid.
1238 2320 1298 2341 ver.
1314 2315 1387 2342 490.

1247 2376 1331 2393 ΤΒΙἩΠΖ
1342 2376 1502 2401 cognoscere
1512 2377 1622 2395 Causs'ds-

1004 2417 1085 2448 Ibid.
1108 2429 1210 2448 rernm
1222 2425 1367 2449 naturam
1377 2421 1556 2458 expandere.
1580 2420 1683 2458 Maro,

964 2469 1039 2498 AEn.
1054 2469 1093 2499 vi.
1110 2473 1180 2500 267.

1027 2527 1141 2552 Pandere
1151 2536 1189 2552 res
1199 2528 1253 2552 altit
1264 2528 1346 2556 terri,
1358 2531 1384 2552 et
1396 2528 1517 2559 caligine,
1529 2536 1636 2555 mersas.

963 2568 1156 2607 Exemplum
1171 2570 1333 2609 compositi
1352 2572 1522 2608 expandere
1536 2571 1570 2600 in
1587 2577 1684 2603 trans-

959 2620 1023 2650 lato
1048 2631 1141 2651 sensu
1165 2631 1230 2651 non
1255 2621 1395 2651 invenio:
1422 2621 1507 2652 unde
1533 2623 1617 2654 haud
1631 2626 1685 2655 ab-

961 2672 1054 2702 surde
1068 2672 1218 2712 suspicari
1232 2672 1334 2710 liceat,
1357 2672 1484 2703 solenne
1498 2676 1685 2706 vocabulum

960 2723 1071 2762 po‘e'tae,
1086 2734 1229 2763 erponere
1244 2722 1326 2762 dico,
1352 2723 1404 2753 hic
1428 2734 1494 2755 esse
1513 2727 1684 2756 rescriben-

961 2774 1046 2804 dum.

963 2826 1072 2861 Quum
1087 2836 1159 2856 vero
1180 2826 1357 2867 loqueretur
1378 2828 1565 2867 Maeonides,
1587 2834 1618 2859 et
1639 2829 1684 2859 la-

963 2877 1075 2907 crimas
1089 2877 1273 2918 effunderet,
1295 2877 1517 2920 intelligendus
1541 2885 1588 2910 est
1611 2879 1685 2910 inde

962 2929 1123 2961 ostendere
1138 2930 1273 2962 voluisse
1288 2930 1425 2970 Ennius,
1451 2942 1514 2962 non
1529 2931 1682 2972 imagina-
