<?xml version="1.0" encoding="UTF-8"?>
<!DOCTYPE html PUBLIC "-//W3C//DTD XHTML 1.0 Transitional//EN"
    "http://www.w3.org/TR/xhtml1/DTD/xhtml1-transitional.dtd">
<html xmlns="http://www.w3.org/1999/xhtml" xml:lang="en" lang="en">
 <head>
  <title>
</title>
<meta http-equiv="Content-Type" content="text/html;charset=utf-8" />
  <meta name='ocr-system' content='tesseract 3.04.00' />
  <meta name='ocr-capabilities' content='ocr_page ocr_carea ocr_par ocr_line ocrx_word'/>
</head>
<body>
  <div class='ocr_page' id='page_1' title='image "./tlucretiicarider01lucruoft_0415.png"; bbox 0 0 1894 3253; ppageno 0'>
   <div class='ocr_carea' id='block_1_1' title="bbox 518 256 1211 306">
    <p class='ocr_par' dir='ltr' id='par_1_1' title="bbox 518 256 1211 306">
     <span class='ocr_line' id='line_1_1' title="bbox 518 256 1211 306; baseline -0.001 -1"><span class='ocrx_word' id='word_1_1' title='bbox 518 257 751 305; x_wconf 86' lang='lat' dir='ltr'>LIBER</span> <span class='ocrx_word' id='word_1_2' title='bbox 799 256 1211 306; x_wconf 88' lang='lat' dir='ltr'><strong>SECUNDUS.</strong></span> 
     </span>
    </p>
   </div>
   <div class='ocr_carea' id='block_1_2' title="bbox 150 389 1232 447">
    <p class='ocr_par' dir='ltr' id='par_1_2' title="bbox 150 389 1232 447">
     <span class='ocr_line' id='line_1_2' title="bbox 150 389 1232 447; baseline -0.004 -14"><span class='ocrx_word' id='word_1_3' title='bbox 150 396 231 434; x_wconf 82' lang='grc'>915</span> <span class='ocrx_word' id='word_1_4' title='bbox 264 390 350 441; x_wconf 79' lang='lat' dir='ltr'>Qui</span> <span class='ocrx_word' id='word_1_5' title='bbox 370 399 566 445; x_wconf 83' lang='lat' dir='ltr'>poterunt</span> <span class='ocrx_word' id='word_1_6' title='bbox 585 391 711 447; x_wconf 84' lang='lat' dir='ltr'>igitur</span> <span class='ocrx_word' id='word_1_7' title='bbox 731 404 869 432; x_wconf 88' lang='lat' dir='ltr'>rerum</span> <span class='ocrx_word' id='word_1_8' title='bbox 889 389 1115 445; x_wconf 88' lang='lat' dir='ltr'>primordia</span> <span class='ocrx_word' id='word_1_9' title='bbox 1135 389 1232 438; x_wconf 86' lang='lat' dir='ltr'>dici,</span> 
     </span>
    </p>
   </div>
   <div class='ocr_carea' id='block_1_3' title="bbox 268 463 1154 519">
    <p class='ocr_par' dir='ltr' id='par_1_3' title="bbox 268 463 1154 519">
     <span class='ocr_line' id='line_1_3' title="bbox 268 463 1154 519; baseline -0.005 -12"><span class='ocrx_word' id='word_1_10' title='bbox 268 466 323 507; x_wconf 90' lang='lat' dir='ltr'>Et</span> <span class='ocrx_word' id='word_1_11' title='bbox 344 466 410 506; x_wconf 84' lang='lat' dir='ltr'>leti</span> <span class='ocrx_word' id='word_1_12' title='bbox 432 466 560 506; x_wconf 83' lang='lat' dir='ltr'>vitare</span> <span class='ocrx_word' id='word_1_13' title='bbox 580 465 679 514; x_wconf 83' lang='lat' dir='ltr'>vias,</span> <span class='ocrx_word' id='word_1_14' title='bbox 702 464 893 505; x_wconf 86' lang='lat' dir='ltr'>animalia</span> <span class='ocrx_word' id='word_1_15' title='bbox 913 477 1038 519; x_wconf 90' lang='lat' dir='ltr'>quom</span> <span class='ocrx_word' id='word_1_16' title='bbox 1059 463 1154 513; x_wconf 91' lang='lat' dir='ltr'>sint,</span> 
     </span>
    </p>
   </div>
   <div class='ocr_carea' id='block_1_4' title="bbox 269 536 1395 596">
    <p class='ocr_par' dir='ltr' id='par_1_4' title="bbox 269 536 1395 596">
     <span class='ocr_line' id='line_1_4' title="bbox 269 536 1395 596; baseline -0.005 -13"><span class='ocrx_word' id='word_1_17' title='bbox 269 542 422 596; x_wconf 86' lang='lat' dir='ltr'><strong>Atque,</strong></span> <span class='ocrx_word' id='word_1_18' title='bbox 445 539 685 580; x_wconf 85' lang='lat' dir='ltr'>animalibus</span> <span class='ocrx_word' id='word_1_19' title='bbox 705 540 748 579; x_wconf 93' lang='lat' dir='ltr'>in</span> <span class='ocrx_word' id='word_1_20' title='bbox 769 538 1022 587; x_wconf 83' lang='lat' dir='ltr'>mortalibus,</span> <span class='ocrx_word' id='word_1_21' title='bbox 1044 551 1129 579; x_wconf 86' lang='lat' dir='ltr'>una</span> <span class='ocrx_word' id='word_1_22' title='bbox 1147 536 1395 592; x_wconf 85' lang='lat' dir='ltr'>eademque?</span> 
     </span>
    </p>
   </div>
   <div class='ocr_carea' id='block_1_5' title="bbox 328 610 1352 668">
    <p class='ocr_par' dir='ltr' id='par_1_5' title="bbox 328 610 1352 668">
     <span class='ocr_line' id='line_1_5' title="bbox 328 610 1352 668; baseline -0.003 -13"><span class='ocrx_word' id='word_1_23' title='bbox 328 614 454 663; x_wconf 82' lang='lat' dir='ltr'>Quod</span> <span class='ocrx_word' id='word_1_24' title='bbox 476 623 612 654; x_wconf 86' lang='lat' dir='ltr'>tamen</span> <span class='ocrx_word' id='word_1_25' title='bbox 634 622 679 654; x_wconf 90' lang='lat' dir='ltr'>ut</span> <span class='ocrx_word' id='word_1_26' title='bbox 699 613 870 668; x_wconf 85' lang='lat' dir='ltr'>possint,</span> <span class='ocrx_word' id='word_1_27' title='bbox 894 612 946 653; x_wconf 84' lang='lat' dir='ltr'>ab</span> <span class='ocrx_word' id='word_1_28' title='bbox 967 619 1077 653; x_wconf 87' lang='lat' dir='ltr'>coetu</span> <span class='ocrx_word' id='word_1_29' title='bbox 1098 610 1352 667; x_wconf 76' lang='lat' dir='ltr'>concifioque</span> 
     </span>
    </p>
   </div>
   <div class='ocr_carea' id='block_1_6' title="bbox 269 687 1471 744">
    <p class='ocr_par' dir='ltr' id='par_1_6' title="bbox 269 687 1471 744">
     <span class='ocr_line' id='line_1_6' title="bbox 269 687 1471 744; baseline -0.003 -14"><span class='ocrx_word' id='word_1_30' title='bbox 269 688 384 730; x_wconf 91' lang='lat' dir='ltr'>Nihil</span> <span class='ocrx_word' id='word_1_31' title='bbox 404 688 552 729; x_wconf 84' lang='lat' dir='ltr'>facient</span> <span class='ocrx_word' id='word_1_32' title='bbox 571 696 722 743; x_wconf 78' lang='lat' dir='ltr'>praeter</span> <span class='ocrx_word' id='word_1_33' title='bbox 743 687 909 744; x_wconf 84' lang='lat' dir='ltr'>volgum</span> <span class='ocrx_word' id='word_1_34' title='bbox 930 687 1175 742; x_wconf 82' lang='lat' dir='ltr'><strong>turbamque</strong></span> <span class='ocrx_word' id='word_1_35' title='bbox 1195 687 1471 736; x_wconf 84' lang='lat' dir='ltr'>animantu1n;</span> 
     </span>
    </p>
   </div>
   <div class='ocr_carea' id='block_1_7' title="bbox 156 759 1399 817">
    <p class='ocr_par' dir='ltr' id='par_1_7' title="bbox 156 759 1399 817">
     <span class='ocr_line' id='line_1_7' title="bbox 156 759 1399 817; baseline -0.002 -13"><span class='ocrx_word' id='word_1_36' title='bbox 156 767 238 804; x_wconf 77' lang='lat'>920</span> <span class='ocrx_word' id='word_1_37' title='bbox 272 762 447 811; x_wconf 78' lang='lat' dir='ltr'>Scilicet,</span> <span class='ocrx_word' id='word_1_38' title='bbox 469 770 513 803; x_wconf 87' lang='lat' dir='ltr'>ut</span> <span class='ocrx_word' id='word_1_39' title='bbox 536 770 741 817; x_wconf 84' lang='lat' dir='ltr'>nequeant</span> <span class='ocrx_word' id='word_1_40' title='bbox 760 761 962 812; x_wconf 88' lang='lat' dir='ltr'>homines,</span> <span class='ocrx_word' id='word_1_41' title='bbox 984 768 1186 810; x_wconf 84' lang='lat' dir='ltr'>armenta,</span> <span class='ocrx_word' id='word_1_42' title='bbox 1207 759 1399 816; x_wconf 87' lang='lat' dir='ltr'>feraeque,</span> 
     </span>
    </p>
   </div>
   <div class='ocr_carea' id='block_1_8' title="bbox 268 835 1247 895">
    <p class='ocr_par' dir='ltr' id='par_1_8' title="bbox 268 835 1247 895">
     <span class='ocr_line' id='line_1_8' title="bbox 268 835 1247 895; baseline 0 -18"><span class='ocrx_word' id='word_1_43' title='bbox 268 837 381 878; x_wconf 71' lang='lat' dir='ltr'><strong>Inter</strong></span> <span class='ocrx_word' id='word_1_44' title='bbox 401 851 484 878; x_wconf 67' lang='lat' dir='ltr'>SGSC</span> <span class='ocrx_word' id='word_1_45' title='bbox 504 836 626 879; x_wconf 78' lang='lat' dir='ltr'>ullam</span> <span class='ocrx_word' id='word_1_46' title='bbox 648 852 736 880; x_wconf 83' lang='lat' dir='ltr'>rem</span> <span class='ocrx_word' id='word_1_47' title='bbox 755 838 926 895; x_wconf 74' lang='lat' dir='ltr'>gignere</span> <span class='ocrx_word' id='word_1_48' title='bbox 947 835 1247 880; x_wconf 83' lang='lat' dir='ltr'>conveniundo.</span> 
     </span>
    </p>
   </div>
   <div class='ocr_carea' id='block_1_9' title="bbox 116 1014 850 1512">
    <p class='ocr_par' dir='ltr' id='par_1_9' title="bbox 116 1014 850 1100">
     <span class='ocr_line' id='line_1_9' title="bbox 116 1014 850 1054; baseline 0.001 -11"><span class='ocrx_word' id='word_1_49' title='bbox 116 1019 210 1047; x_wconf 59' lang='lat' dir='ltr'>‘ratim</span> <span class='ocrx_word' id='word_1_50' title='bbox 239 1020 284 1044; x_wconf 90' lang='grc' dir='ltr'>Ω.</span> <span class='ocrx_word' id='word_1_51' title='bbox 311 1015 349 1044; x_wconf 80' lang='lat' dir='ltr'>ab</span> <span class='ocrx_word' id='word_1_52' title='bbox 365 1020 464 1050; x_wconf 55' lang='lat' dir='ltr'>cortus·</span> <span class='ocrx_word' id='word_1_53' title='bbox 489 1019 581 1054; x_wconf 83' lang='lat' dir='ltr'>atque</span> <span class='ocrx_word' id='word_1_54' title='bbox 601 1015 641 1044; x_wconf 87' lang='lat' dir='ltr'>V.</span> <span class='ocrx_word' id='word_1_55' title='bbox 657 1014 703 1045; x_wconf 87' lang='lat' dir='ltr'>ed.</span> <span class='ocrx_word' id='word_1_56' title='bbox 720 1014 850 1054; x_wconf 86' lang='lat' dir='ltr'>apponit</span> 
     </span>
     <span class='ocr_line' id='line_1_10' title="bbox 121 1065 337 1100; baseline 0.005 -6"><span class='ocrx_word' id='word_1_57' title='bbox 121 1065 226 1100; x_wconf 78' lang='lat' dir='ltr'>etiam,</span> <span class='ocrx_word' id='word_1_58' title='bbox 247 1067 337 1095; x_wconf 70' lang='lat' dir='ltr'>coitu.</span> 
     </span>
    </p>

    <p class='ocr_par' dir='ltr' id='par_1_10' title="bbox 121 1118 849 1316">
     <span class='ocr_line' id='line_1_11' title="bbox 123 1118 849 1158; baseline 0.001 -10"><span class='ocrx_word' id='word_1_59' title='bbox 123 1118 292 1156; x_wconf 88' lang='lat' dir='ltr'>Caeterum,</span> <span class='ocrx_word' id='word_1_60' title='bbox 309 1120 367 1149; x_wconf 89' lang='lat' dir='ltr'>hoc</span> <span class='ocrx_word' id='word_1_61' title='bbox 383 1119 457 1149; x_wconf 82' lang='lat' dir='ltr'>dicit</span> <span class='ocrx_word' id='word_1_62' title='bbox 471 1120 575 1158; x_wconf 71' lang='lat' dir='ltr'>poeta:</span> <span class='ocrx_word' id='word_1_63' title='bbox 596 1123 617 1137; x_wconf 86' lang='lat'>“</span> <span class='ocrx_word' id='word_1_64' title='bbox 632 1120 663 1149; x_wconf 82' lang='lat' dir='ltr'>Si</span> <span class='ocrx_word' id='word_1_65' title='bbox 680 1119 849 1158; x_wconf 88' lang='lat' dir='ltr'>primordia</span> 
     </span>
     <span class='ocr_line' id='line_1_12' title="bbox 121 1172 847 1212; baseline 0.001 -11"><span class='ocrx_word' id='word_1_66' title='bbox 121 1175 144 1190; x_wconf 85' lang='lat'>“</span> <span class='ocrx_word' id='word_1_67' title='bbox 161 1182 266 1202; x_wconf 86' lang='lat' dir='ltr'>rerum</span> <span class='ocrx_word' id='word_1_68' title='bbox 282 1173 430 1202; x_wconf 86' lang='lat' dir='ltr'>animalia</span> <span class='ocrx_word' id='word_1_69' title='bbox 445 1179 529 1209; x_wconf 83' lang='lat' dir='ltr'>sunt,</span> <span class='ocrx_word' id='word_1_70' title='bbox 557 1172 636 1202; x_wconf 89' lang='lat' dir='ltr'>nihil</span> <span class='ocrx_word' id='word_1_71' title='bbox 656 1180 766 1212; x_wconf 86' lang='lat' dir='ltr'>praeter</span> <span class='ocrx_word' id='word_1_72' title='bbox 781 1174 847 1203; x_wconf 89' lang='lat' dir='ltr'>ani-</span> 
     </span>
     <span class='ocr_line' id='line_1_13' title="bbox 124 1224 844 1264; baseline 0.001 -11"><span class='ocrx_word' id='word_1_73' title='bbox 124 1226 145 1241; x_wconf 91' lang='lat'><strong>“</strong></span> <span class='ocrx_word' id='word_1_74' title='bbox 161 1224 256 1254; x_wconf 77' lang='lat' dir='ltr'>maiia</span> <span class='ocrx_word' id='word_1_75' title='bbox 270 1225 484 1255; x_wconf 75' lang='lat' dir='ltr'>conveniendo</span> <span class='ocrx_word' id='word_1_76' title='bbox 506 1235 665 1264; x_wconf 85' lang='lat' dir='ltr'>procreare</span> <span class='ocrx_word' id='word_1_77' title='bbox 687 1230 844 1264; x_wconf 83' lang='lat' dir='ltr'>poterunt:</span> 
     </span>
     <span class='ocr_line' id='line_1_14' title="bbox 124 1276 734 1316; baseline 0.002 -11"><span class='ocrx_word' id='word_1_78' title='bbox 124 1279 146 1294; x_wconf 89' lang='lat'>“</span> <span class='ocrx_word' id='word_1_79' title='bbox 162 1277 323 1306; x_wconf 83' lang='lat' dir='ltr'>undenam</span> <span class='ocrx_word' id='word_1_80' title='bbox 338 1277 434 1316; x_wconf 82' lang='lat' dir='ltr'>igitur</span> <span class='ocrx_word' id='word_1_81' title='bbox 447 1277 630 1307; x_wconf 86' lang='lat' dir='ltr'>inanimatae</span> <span class='ocrx_word' id='word_1_82' title='bbox 645 1276 734 1307; x_wconf 81' lang='lat' dir='ltr'>res?&#39;‘</span> 
     </span>
    </p>

    <p class='ocr_par' dir='ltr' id='par_1_11' title="bbox 120 1327 850 1512">
     <span class='ocr_line' id='line_1_15' title="bbox 166 1327 850 1367; baseline -0.001 -10"><span class='ocrx_word' id='word_1_83' title='bbox 166 1327 248 1358; x_wconf 88' lang='lat' dir='ltr'>Ibid.</span> <span class='ocrx_word' id='word_1_84' title='bbox 264 1335 341 1358; x_wconf 76' lang='lat' dir='ltr'>coeluv</span> <span class='ocrx_word' id='word_1_85' title='bbox 357 1331 551 1367; x_wconf 77' lang='lat' dir='ltr'>concilioque.</span> <span class='ocrx_word' id='word_1_86' title='bbox 598 1328 648 1357; x_wconf 86' lang='lat' dir='ltr'>Ita</span> <span class='ocrx_word' id='word_1_87' title='bbox 666 1328 787 1365; x_wconf 88' lang='lat' dir='ltr'>Cicero,</span> <span class='ocrx_word' id='word_1_88' title='bbox 811 1327 850 1357; x_wconf 88' lang='lat' dir='ltr'>de</span> 
     </span>
     <span class='ocr_line' id='line_1_16' title="bbox 120 1378 848 1409; baseline -0.001 -1"><span class='ocrx_word' id='word_1_89' title='bbox 120 1385 233 1409; x_wconf 82' lang='lat' dir='ltr'>senect.</span> <span class='ocrx_word' id='word_1_90' title='bbox 251 1383 370 1409; x_wconf 73' lang='lat'><strong>25.—“</strong></span> <span class='ocrx_word' id='word_1_91' title='bbox 386 1389 459 1408; x_wconf 89' lang='lat' dir='ltr'>cum</span> <span class='ocrx_word' id='word_1_92' title='bbox 474 1379 513 1409; x_wconf 83' lang='lat' dir='ltr'>ad</span> <span class='ocrx_word' id='word_1_93' title='bbox 528 1378 609 1408; x_wconf 89' lang='lat' dir='ltr'>illud</span> <span class='ocrx_word' id='word_1_94' title='bbox 623 1378 766 1408; x_wconf 84' lang='lat' dir='ltr'>divinum</span> <span class='ocrx_word' id='word_1_95' title='bbox 781 1379 848 1408; x_wconf 91' lang='lat' dir='ltr'>ani-</span> 
     </span>
     <span class='ocr_line' id='line_1_17' title="bbox 122 1429 848 1469; baseline -0.001 -10"><span class='ocrx_word' id='word_1_96' title='bbox 122 1433 145 1448; x_wconf 89' lang='lat'><strong>“</strong></span> <span class='ocrx_word' id='word_1_97' title='bbox 160 1440 287 1459; x_wconf 90' lang='lat' dir='ltr'>morum</span> <span class='ocrx_word' id='word_1_98' title='bbox 315 1432 477 1460; x_wconf 73' lang='lat' dir='ltr'>concilium</span> <span class='ocrx_word' id='word_1_99' title='bbox 514 1436 680 1469; x_wconf 69' lang='lat' dir='ltr'>certumque</span> <span class='ocrx_word' id='word_1_100' title='bbox 710 1429 848 1468; x_wconf 89' lang='lat' dir='ltr'>proficis-</span> 
     </span>
     <span class='ocr_line' id='line_1_18' title="bbox 123 1482 246 1512; baseline 0.008 -1"><span class='ocrx_word' id='word_1_101' title='bbox 123 1485 145 1500; x_wconf 86' lang='lat'><strong>“</strong></span> <span class='ocrx_word' id='word_1_102' title='bbox 163 1482 246 1512; x_wconf 87' lang='lat' dir='ltr'>car.”</span> 
     </span>
    </p>
   </div>
   <div class='ocr_carea' id='block_1_10' title="bbox 122 1541 854 2166">
    <p class='ocr_par' dir='ltr' id='par_1_12' title="bbox 122 1541 850 1630">
     <span class='ocr_line' id='line_1_19' title="bbox 161 1541 850 1573; baseline 0 -2"><span class='ocrx_word' id='word_1_103' title='bbox 161 1543 237 1572; x_wconf 84' lang='lat' dir='ltr'>Ver.</span> <span class='ocrx_word' id='word_1_104' title='bbox 260 1546 334 1573; x_wconf 84' lang='lat'><strong>919.</strong></span> <span class='ocrx_word' id='word_1_105' title='bbox 362 1544 574 1572; x_wconf 71' lang='lat' dir='ltr'>animantum.-</span> <span class='ocrx_word' id='word_1_106' title='bbox 609 1541 649 1571; x_wconf 95' lang='lat' dir='ltr'><strong>V.</strong></span> <span class='ocrx_word' id='word_1_107' title='bbox 680 1541 726 1571; x_wconf 91' lang='lat' dir='ltr'>ed.</span> <span class='ocrx_word' id='word_1_108' title='bbox 757 1542 850 1571; x_wconf 78' lang='lat' dir='ltr'>habet</span> 
     </span>
     <span class='ocr_line' id='line_1_20' title="bbox 122 1595 549 1630; baseline -0.005 -4"><span class='ocrx_word' id='word_1_109' title='bbox 122 1598 294 1626; x_wconf 70' lang='lat' dir='ltr'>animatum</span> <span class='ocrx_word' id='word_1_110' title='bbox 303 1610 312 1630; x_wconf 89' lang='lat'><em>;</em></span> <span class='ocrx_word' id='word_1_111' title='bbox 339 1595 424 1625; x_wconf 85' lang='lat' dir='ltr'>facili</span> <span class='ocrx_word' id='word_1_112' title='bbox 439 1605 549 1625; x_wconf 86' lang='lat' dir='ltr'>errore.</span> 
     </span>
    </p>

    <p class='ocr_par' dir='ltr' id='par_1_13' title="bbox 122 1655 854 2166">
     <span class='ocr_line' id='line_1_21' title="bbox 167 1655 846 1695; baseline -0.001 -10"><span class='ocrx_word' id='word_1_113' title='bbox 167 1655 247 1686; x_wconf 88' lang='lat' dir='ltr'>Ibid.</span> <span class='ocrx_word' id='word_1_114' title='bbox 271 1657 400 1695; x_wconf 80' lang='lat' dir='ltr'>volgum,</span> <span class='ocrx_word' id='word_1_115' title='bbox 425 1655 463 1685; x_wconf 92' lang='lat' dir='ltr'>de</span> <span class='ocrx_word' id='word_1_116' title='bbox 476 1655 559 1695; x_wconf 72' lang='lat' dir='ltr'>firz&#39;s</span> <span class='ocrx_word' id='word_1_117' title='bbox 584 1655 694 1692; x_wconf 82' lang='lat' dir='ltr'>etia1n3</span> <span class='ocrx_word' id='word_1_118' title='bbox 717 1661 753 1685; x_wconf 83' lang='lat' dir='ltr'>ut</span> <span class='ocrx_word' id='word_1_119' title='bbox 775 1655 846 1685; x_wconf 90' lang='lat' dir='ltr'>Vir-</span> 
     </span>
     <span class='ocr_line' id='line_1_22' title="bbox 122 1707 848 1748; baseline 0.001 -11"><span class='ocrx_word' id='word_1_120' title='bbox 122 1707 227 1748; x_wconf 86' lang='lat' dir='ltr'>gilius,</span> <span class='ocrx_word' id='word_1_121' title='bbox 250 1717 317 1748; x_wconf 86' lang='lat' dir='ltr'>geo.</span> <span class='ocrx_word' id='word_1_122' title='bbox 333 1707 375 1737; x_wconf 87' lang='lat' dir='ltr'>iii.</span> <span class='ocrx_word' id='word_1_123' title='bbox 392 1711 463 1738; x_wconf 85' lang='lat'><strong>469.</strong></span> <span class='ocrx_word' id='word_1_124' title='bbox 491 1713 510 1725; x_wconf 93' lang='lat'>“</span> <span class='ocrx_word' id='word_1_125' title='bbox 526 1709 685 1738; x_wconf 79' lang='lat' dir='ltr'>incautum</span> <span class='ocrx_word' id='word_1_126' title='bbox 708 1709 848 1748; x_wconf 77' lang='lat' dir='ltr'>vulgus‚”</span> 
     </span>
     <span class='ocr_line' id='line_1_23' title="bbox 122 1761 849 1800; baseline -0.001 -8"><span class='ocrx_word' id='word_1_127' title='bbox 122 1761 162 1792; x_wconf 89' lang='lat' dir='ltr'>de</span> <span class='ocrx_word' id='word_1_128' title='bbox 177 1763 293 1799; x_wconf 74' lang='lat' dir='ltr'>ovibu35</span> <span class='ocrx_word' id='word_1_129' title='bbox 318 1768 349 1792; x_wconf 86' lang='lat' dir='ltr'>et</span> <span class='ocrx_word' id='word_1_130' title='bbox 370 1762 408 1792; x_wconf 91' lang='lat' dir='ltr'>de</span> <span class='ocrx_word' id='word_1_131' title='bbox 423 1766 528 1800; x_wconf 74' lang='lat' dir='ltr'>cervis,</span> <span class='ocrx_word' id='word_1_132' title='bbox 553 1763 628 1793; x_wconf 88' lang='lat' dir='ltr'>AEn.</span> <span class='ocrx_word' id='word_1_133' title='bbox 644 1762 662 1793; x_wconf 89' lang='lat' dir='ltr'>i.</span> <span class='ocrx_word' id='word_1_134' title='bbox 684 1766 751 1794; x_wconf 88' lang='lat'>190.</span> <span class='ocrx_word' id='word_1_135' title='bbox 799 1762 849 1792; x_wconf 81' lang='lat' dir='ltr'>Sic</span> 
     </span>
     <span class='ocr_line' id='line_1_24' title="bbox 123 1813 848 1853; baseline 0.001 -11"><span class='ocrx_word' id='word_1_136' title='bbox 123 1813 261 1851; x_wconf 86' lang='lat' dir='ltr'>Ennius,</span> <span class='ocrx_word' id='word_1_137' title='bbox 285 1815 386 1845; x_wconf 78' lang='lat' dir='ltr'>avium</span> <span class='ocrx_word' id='word_1_138' title='bbox 402 1816 520 1853; x_wconf 77' lang='lat' dir='ltr'>vulgus,</span> <span class='ocrx_word' id='word_1_139' title='bbox 544 1820 574 1843; x_wconf 89' lang='lat' dir='ltr'>et</span> <span class='ocrx_word' id='word_1_140' title='bbox 589 1816 763 1851; x_wconf 76' lang='lat' dir='ltr'>kastarum5</span> <span class='ocrx_word' id='word_1_141' title='bbox 789 1814 848 1843; x_wconf 88' lang='lat' dir='ltr'>ibi-</span> 
     </span>
     <span class='ocr_line' id='line_1_25' title="bbox 124 1865 848 1905; baseline 0 -10"><span class='ocrx_word' id='word_1_142' title='bbox 124 1865 196 1895; x_wconf 87' lang='lat' dir='ltr'>dem</span> <span class='ocrx_word' id='word_1_143' title='bbox 212 1867 390 1897; x_wconf 82' lang='lat' dir='ltr'>observante</span> <span class='ocrx_word' id='word_1_144' title='bbox 407 1865 526 1896; x_wconf 85' lang='lat' dir='ltr'>Servio:</span> <span class='ocrx_word' id='word_1_145' title='bbox 552 1871 588 1895; x_wconf 91' lang='lat' dir='ltr'>ut</span> <span class='ocrx_word' id='word_1_146' title='bbox 607 1866 723 1905; x_wconf 84' lang='lat' dir='ltr'>priores</span> <span class='ocrx_word' id='word_1_147' title='bbox 738 1865 777 1895; x_wconf 90' lang='lat' dir='ltr'>de</span> <span class='ocrx_word' id='word_1_148' title='bbox 800 1876 848 1896; x_wconf 89' lang='lat' dir='ltr'>re-</span> 
     </span>
     <span class='ocr_line' id='line_1_26' title="bbox 123 1916 848 1956; baseline 0 -10"><span class='ocrx_word' id='word_1_149' title='bbox 123 1918 182 1946; x_wconf 94' lang='lat' dir='ltr'>bus</span> <span class='ocrx_word' id='word_1_150' title='bbox 197 1917 260 1947; x_wconf 73' lang='lat' dir='ltr'>vita</span> <span class='ocrx_word' id='word_1_151' title='bbox 277 1917 451 1947; x_wconf 85' lang='lat' dir='ltr'>carentibus</span> <span class='ocrx_word' id='word_1_152' title='bbox 469 1917 580 1947; x_wconf 86' lang='lat' dir='ltr'>Graeci.</span> <span class='ocrx_word' id='word_1_153' title='bbox 613 1916 848 1956; x_wconf 80' lang='lat' dir='ltr'>Aristophanes,</span> 
     </span>
     <span class='ocr_line' id='line_1_27' title="bbox 124 1971 849 2012; baseline -0.001 -12"><span class='ocrx_word' id='word_1_154' title='bbox 124 1971 235 2010; x_wconf 80' lang='lat' dir='ltr'>Lysist.</span> <span class='ocrx_word' id='word_1_155' title='bbox 252 1974 324 2001; x_wconf 74' lang='lat'><strong>200.</strong></span> <span class='ocrx_word' id='word_1_156' title='bbox 343 1984 469 2012; x_wconf 77' lang='grc' dir='ltr'>κεραμων</span> <span class='ocrx_word' id='word_1_157' title='bbox 485 1977 594 2011; x_wconf 71' lang='grc' dir='ltr'><strong><em>οχλος.·</em></strong></span> <span class='ocrx_word' id='word_1_158' title='bbox 621 1971 849 2010; x_wconf 82' lang='lat' dir='ltr'>Athenagoras,</span> 
     </span>
     <span class='ocr_line' id='line_1_28' title="bbox 125 2020 852 2062; baseline 0.001 -10"><span class='ocrx_word' id='word_1_159' title='bbox 125 2024 183 2052; x_wconf 86' lang='lat' dir='ltr'>sub</span> <span class='ocrx_word' id='word_1_160' title='bbox 198 2022 288 2051; x_wconf 88' lang='lat' dir='ltr'>initio</span> <span class='ocrx_word' id='word_1_161' title='bbox 304 2020 495 2062; x_wconf 69' lang='lat' dir='ltr'>legationis,</span> <span class='ocrx_word' id='word_1_162' title='bbox 511 2027 709 2061; x_wconf 79' lang='lat' dir='ltr'>pervenuste:</span> <span class='ocrx_word' id='word_1_163' title='bbox 736 2035 852 2053; x_wconf 71' lang='grc' dir='ltr'>κοιτασ-</span> 
     </span>
     <span class='ocr_line' id='line_1_29' title="bbox 125 2074 854 2115; baseline -0.003 -9"><span class='ocrx_word' id='word_1_164' title='bbox 125 2074 287 2115; x_wconf 68' lang='grc' dir='ltr'>κεδαζοιτες</span> <span class='ocrx_word' id='word_1_165' title='bbox 303 2080 432 2105; x_wconf 87' lang='lat' dir='ltr'>OXAON</span> <span class='ocrx_word' id='word_1_166' title='bbox 448 2081 656 2114; x_wconf 65' lang='grc' dir='ltr'>ε’γκλημαιτων.</span> <span class='ocrx_word' id='word_1_167' title='bbox 704 2074 854 2104; x_wconf 86' lang='lat' dir='ltr'>Senecam</span> 
     </span>
     <span class='ocr_line' id='line_1_30' title="bbox 126 2125 852 2166; baseline 0 -10"><span class='ocrx_word' id='word_1_168' title='bbox 126 2125 217 2163; x_wconf 83' lang='lat' dir='ltr'>dabo,</span> <span class='ocrx_word' id='word_1_169' title='bbox 229 2125 310 2156; x_wconf 77' lang='lat' dir='ltr'>sicut</span> <span class='ocrx_word' id='word_1_170' title='bbox 321 2125 492 2166; x_wconf 88' lang='lat' dir='ltr'>legendum</span> <span class='ocrx_word' id='word_1_171' title='bbox 502 2132 620 2165; x_wconf 89' lang='lat' dir='ltr'>putem,</span> <span class='ocrx_word' id='word_1_172' title='bbox 638 2126 769 2165; x_wconf 88' lang='lat' dir='ltr'>Hippol.</span> <span class='ocrx_word' id='word_1_173' title='bbox 780 2129 852 2158; x_wconf 87' lang='lat'><strong>958.</strong></span> 
     </span>
    </p>
   </div>
   <div class='ocr_carea' id='block_1_11' title="bbox 187 2220 401 2229">
    <p class='ocr_par' dir='ltr' id='par_1_14' title="bbox 187 2220 401 2229">
     <span class='ocr_line' id='line_1_31' title="bbox 187 2220 401 2229; baseline 0 1024"><span class='ocrx_word' id='word_1_174' title='bbox 187 2220 401 2229; x_wconf 95' lang='lat' dir='ltr'> </span> 
     </span>
    </p>
   </div>
   <div class='ocr_carea' id='block_1_12' title="bbox 188 2208 786 2278">
    <p class='ocr_par' dir='ltr' id='par_1_15' title="bbox 188 2208 786 2278">
     <span class='ocr_line' id='line_1_32' title="bbox 410 2208 737 2240; baseline 0.003 -8"><span class='ocrx_word' id='word_1_175' title='bbox 410 2208 508 2240; x_wconf 82' lang='lat' dir='ltr'>vulgus</span> <span class='ocrx_word' id='word_1_176' title='bbox 517 2214 674 2239; x_wconf 85' lang='lat' dir='ltr'>aequoreum</span> <span class='ocrx_word' id='word_1_177' title='bbox 688 2209 737 2238; x_wconf 87' lang='lat' dir='ltr'>cie,</span> 
     </span>
     <span class='ocr_line' id='line_1_33' title="bbox 188 2247 786 2278; baseline 0.003 -8"><span class='ocrx_word' id='word_1_178' title='bbox 188 2247 351 2278; x_wconf 62' lang='lat' dir='ltr'>fluctusque</span> <span class='ocrx_word' id='word_1_179' title='bbox 360 2248 393 2272; x_wconf 89' lang='lat' dir='ltr'>ab</span> <span class='ocrx_word' id='word_1_180' title='bbox 405 2247 453 2272; x_wconf 81' lang='lat' dir='ltr'>imo</span> <span class='ocrx_word' id='word_1_181' title='bbox 464 2248 585 2272; x_wconf 83' lang='lat' dir='ltr'>tumidus</span> <span class='ocrx_word' id='word_1_182' title='bbox 596 2254 697 2272; x_wconf 87' lang='lat' dir='ltr'>oceano</span> <span class='ocrx_word' id='word_1_183' title='bbox 709 2254 786 2272; x_wconf 79' lang='lat' dir='ltr'>voca.</span> 
     </span>
    </p>
   </div>
   <div class='ocr_carea' id='block_1_13' title="bbox 127 2318 850 2569">
    <p class='ocr_par' dir='ltr' id='par_1_16' title="bbox 127 2318 850 2454">
     <span class='ocr_line' id='line_1_34' title="bbox 127 2318 849 2360; baseline 0.001 -11"><span class='ocrx_word' id='word_1_184' title='bbox 127 2318 215 2349; x_wconf 86' lang='lat' dir='ltr'>Libri</span> <span class='ocrx_word' id='word_1_185' title='bbox 228 2319 354 2354; x_wconf 74' lang='lat' dir='ltr'>habent,</span> <span class='ocrx_word' id='word_1_186' title='bbox 381 2321 460 2358; x_wconf 77' lang='lat' dir='ltr'>ipso;</span> <span class='ocrx_word' id='word_1_187' title='bbox 487 2320 571 2360; x_wconf 89' lang='lat' dir='ltr'>quod</span> <span class='ocrx_word' id='word_1_188' title='bbox 585 2326 690 2351; x_wconf 81' lang='lat' dir='ltr'>tamen</span> <span class='ocrx_word' id='word_1_189' title='bbox 706 2320 779 2350; x_wconf 91' lang='lat' dir='ltr'>ferri</span> <span class='ocrx_word' id='word_1_190' title='bbox 793 2331 849 2360; x_wconf 87' lang='lat' dir='ltr'>po-</span> 
     </span>
     <span class='ocr_line' id='line_1_35' title="bbox 129 2372 850 2412; baseline 0 -9"><span class='ocrx_word' id='word_1_191' title='bbox 129 2378 199 2410; x_wconf 84' lang='lat' dir='ltr'>test,</span> <span class='ocrx_word' id='word_1_192' title='bbox 225 2372 367 2412; x_wconf 85' lang='lat' dir='ltr'>quamvis</span> <span class='ocrx_word' id='word_1_193' title='bbox 390 2378 549 2402; x_wconf 74' lang='lat' dir='ltr'>tentamen</span> <span class='ocrx_word' id='word_1_194' title='bbox 564 2380 707 2403; x_wconf 87' lang='lat' dir='ltr'>nostrum</span> <span class='ocrx_word' id='word_1_195' title='bbox 723 2384 795 2404; x_wconf 89' lang='lat' dir='ltr'>vero</span> <span class='ocrx_word' id='word_1_196' title='bbox 810 2374 850 2403; x_wconf 90' lang='lat' dir='ltr'>si-</span> 
     </span>
     <span class='ocr_line' id='line_1_36' title="bbox 130 2423 401 2454; baseline 0.004 -1"><span class='ocrx_word' id='word_1_197' title='bbox 130 2424 239 2454; x_wconf 91' lang='lat' dir='ltr'>milius</span> <span class='ocrx_word' id='word_1_198' title='bbox 253 2423 401 2454; x_wconf 85' lang='lat' dir='ltr'>videatur.</span> 
     </span>
    </p>

    <p class='ocr_par' dir='ltr' id='par_1_17' title="bbox 133 2476 850 2569">
     <span class='ocr_line' id='line_1_37' title="bbox 174 2476 850 2518; baseline 0.003 -12"><span class='ocrx_word' id='word_1_199' title='bbox 174 2476 246 2506; x_wconf 90' lang='lat' dir='ltr'>Ver.</span> <span class='ocrx_word' id='word_1_200' title='bbox 271 2480 341 2507; x_wconf 75' lang='lat'><strong>920.</strong></span> <span class='ocrx_word' id='word_1_201' title='bbox 364 2478 508 2515; x_wconf 73' lang='lat' dir='ltr'>homines,</span> <span class='ocrx_word' id='word_1_202' title='bbox 530 2485 682 2515; x_wconf 80' lang='lat' dir='ltr'>armenta,</span> <span class='ocrx_word' id='word_1_203' title='bbox 702 2478 850 2518; x_wconf 72' lang='lat' dir='ltr'>fereeque.</span> 
     </span>
     <span class='ocr_line' id='line_1_38' title="bbox 133 2526 731 2569; baseline 0.003 -11"><span class='ocrx_word' id='word_1_204' title='bbox 133 2527 266 2558; x_wconf 83' lang='lat' dir='ltr'>Uberior</span> <span class='ocrx_word' id='word_1_205' title='bbox 281 2533 327 2557; x_wconf 86' lang='lat' dir='ltr'>est</span> <span class='ocrx_word' id='word_1_206' title='bbox 343 2526 506 2568; x_wconf 80' lang='lat' dir='ltr'>Virgilius,</span> <span class='ocrx_word' id='word_1_207' title='bbox 522 2538 589 2569; x_wconf 85' lang='lat' dir='ltr'>geo.</span> <span class='ocrx_word' id='word_1_208' title='bbox 605 2529 643 2559; x_wconf 89' lang='lat' dir='ltr'>iv.</span> <span class='ocrx_word' id='word_1_209' title='bbox 660 2533 731 2560; x_wconf 76' lang='lat'><strong>225.</strong></span> 
     </span>
    </p>
   </div>
   <div class='ocr_carea' id='block_1_14' title="bbox 159 2615 852 2679">
    <p class='ocr_par' dir='ltr' id='par_1_18' title="bbox 159 2615 852 2679">
     <span class='ocr_line' id='line_1_39' title="bbox 159 2615 852 2648; baseline 0 -8"><span class='ocrx_word' id='word_1_210' title='bbox 159 2615 327 2648; x_wconf 69' lang='lat' dir='ltr'>—pecude5‚</span> <span class='ocrx_word' id='word_1_211' title='bbox 343 2618 468 2645; x_wconf 69' lang='lat' dir='ltr'>armerum,</span> <span class='ocrx_word' id='word_1_212' title='bbox 485 2616 569 2646; x_wconf 81' lang='lat' dir='ltr'>viros,</span> <span class='ocrx_word' id='word_1_213' title='bbox 586 2622 669 2648; x_wconf 86' lang='lat' dir='ltr'>genus</span> <span class='ocrx_word' id='word_1_214' title='bbox 686 2622 767 2641; x_wconf 89' lang='lat' dir='ltr'>omne</span> <span class='ocrx_word' id='word_1_215' title='bbox 778 2616 852 2648; x_wconf 77' lang='lat' dir='ltr'>fem-</span> 
     </span>
     <span class='ocr_line' id='line_1_40' title="bbox 253 2662 351 2679; baseline 0 0"><span class='ocrx_word' id='word_1_216' title='bbox 253 2662 351 2679; x_wconf 75' lang='lat' dir='ltr'>rum—.</span> 
     </span>
    </p>
   </div>
   <div class='ocr_carea' id='block_1_15' title="bbox 132 2728 853 2974">
    <p class='ocr_par' dir='ltr' id='par_1_19' title="bbox 171 2728 836 2765">
     <span class='ocr_line' id='line_1_41' title="bbox 171 2728 836 2765; baseline -0.005 -4"><span class='ocrx_word' id='word_1_217' title='bbox 171 2730 244 2761; x_wconf 80' lang='lat' dir='ltr'>Ver.</span> <span class='ocrx_word' id='word_1_218' title='bbox 261 2734 332 2762; x_wconf 78' lang='lat'><strong>921.</strong></span> <span class='ocrx_word' id='word_1_219' title='bbox 355 2741 431 2761; x_wconf 79' lang='lat' dir='ltr'>sese:</span> <span class='ocrx_word' id='word_1_220' title='bbox 460 2734 494 2760; x_wconf 91' lang='grc' dir='ltr'>Δ.</span> <span class='ocrx_word' id='word_1_221' title='bbox 509 2740 555 2765; x_wconf 81' lang='lat' dir='ltr'>se;</span> <span class='ocrx_word' id='word_1_222' title='bbox 582 2728 650 2758; x_wconf 86' lang='lat' dir='ltr'>vide</span> <span class='ocrx_word' id='word_1_223' title='bbox 667 2728 705 2758; x_wconf 88' lang='lat' dir='ltr'>ad</span> <span class='ocrx_word' id='word_1_224' title='bbox 721 2739 747 2759; x_wconf 82' lang='lat' dir='ltr'><strong>v.</strong></span> <span class='ocrx_word' id='word_1_225' title='bbox 764 2732 836 2759; x_wconf 89' lang='grc'><strong>186.</strong></span> 
     </span>
    </p>

    <p class='ocr_par' dir='ltr' id='par_1_20' title="bbox 132 2779 853 2974">
     <span class='ocr_line' id='line_1_42' title="bbox 174 2779 852 2820; baseline -0.003 -9"><span class='ocrx_word' id='word_1_226' title='bbox 174 2780 253 2811; x_wconf 88' lang='lat' dir='ltr'>Ibid.</span> <span class='ocrx_word' id='word_1_227' title='bbox 269 2782 380 2811; x_wconf 80' lang='lat' dir='ltr'>ullam:</span> <span class='ocrx_word' id='word_1_228' title='bbox 400 2791 511 2820; x_wconf 85' lang='lat' dir='ltr'>nempe</span> <span class='ocrx_word' id='word_1_229' title='bbox 527 2786 636 2819; x_wconf 82' lang='lat' dir='ltr'>praeter</span> <span class='ocrx_word' id='word_1_230' title='bbox 646 2780 694 2809; x_wconf 90' lang='lat' dir='ltr'>sui</span> <span class='ocrx_word' id='word_1_231' title='bbox 706 2779 852 2817; x_wconf 87' lang='lat' dir='ltr'>similem;</span> 
     </span>
     <span class='ocr_line' id='line_1_43' title="bbox 132 2831 852 2872; baseline 0 -11"><span class='ocrx_word' id='word_1_232' title='bbox 132 2831 186 2872; x_wconf 90' lang='lat' dir='ltr'>qui</span> <span class='ocrx_word' id='word_1_233' title='bbox 201 2842 309 2863; x_wconf 87' lang='lat' dir='ltr'>sensus</span> <span class='ocrx_word' id='word_1_234' title='bbox 322 2832 412 2862; x_wconf 86' lang='lat' dir='ltr'>facile</span> <span class='ocrx_word' id='word_1_235' title='bbox 427 2832 596 2871; x_wconf 77' lang='lat' dir='ltr'>suppletur.</span> <span class='ocrx_word' id='word_1_236' title='bbox 641 2831 710 2861; x_wconf 90' lang='lat' dir='ltr'>Nec</span> <span class='ocrx_word' id='word_1_237' title='bbox 733 2838 852 2869; x_wconf 85' lang='lat' dir='ltr'>tamen,</span> 
     </span>
     <span class='ocr_line' id='line_1_44' title="bbox 132 2882 853 2921; baseline 0.001 -10"><span class='ocrx_word' id='word_1_238' title='bbox 132 2888 169 2911; x_wconf 88' lang='lat' dir='ltr'>ut</span> <span class='ocrx_word' id='word_1_239' title='bbox 182 2892 289 2912; x_wconf 87' lang='lat' dir='ltr'>verum</span> <span class='ocrx_word' id='word_1_240' title='bbox 303 2883 411 2921; x_wconf 79' lang='lat' dir='ltr'>fatear,</span> <span class='ocrx_word' id='word_1_241' title='bbox 428 2893 491 2913; x_wconf 89' lang='lat' dir='ltr'>non</span> <span class='ocrx_word' id='word_1_242' title='bbox 513 2883 634 2920; x_wconf 87' lang='lat' dir='ltr'>malim,</span> <span class='ocrx_word' id='word_1_243' title='bbox 658 2888 700 2921; x_wconf 85' lang='lat' dir='ltr'>et,</span> <span class='ocrx_word' id='word_1_244' title='bbox 721 2882 746 2912; x_wconf 90' lang='lat' dir='ltr'>si</span> <span class='ocrx_word' id='word_1_245' title='bbox 761 2882 853 2912; x_wconf 71' lang='lat' dir='ltr'>favis-</span> 
     </span>
     <span class='ocr_line' id='line_1_45' title="bbox 137 2933 679 2974; baseline 0.002 -12"><span class='ocrx_word' id='word_1_246' title='bbox 137 2938 203 2963; x_wconf 86' lang='lat' dir='ltr'>sent</span> <span class='ocrx_word' id='word_1_247' title='bbox 216 2933 346 2972; x_wconf 87' lang='lat' dir='ltr'>codices‚</span> <span class='ocrx_word' id='word_1_248' title='bbox 363 2935 468 2964; x_wconf 84' lang='lat' dir='ltr'>statim</span> <span class='ocrx_word' id='word_1_249' title='bbox 482 2934 679 2974; x_wconf 74' lang='lat' dir='ltr'>recepissem·</span> 
     </span>
    </p>
   </div>
   <div class='ocr_carea' id='block_1_16' title="bbox 932 1010 1562 1044">
    <p class='ocr_par' dir='ltr' id='par_1_21' title="bbox 932 1010 1562 1044">
     <span class='ocr_line' id='line_1_46' title="bbox 932 1010 1562 1044; baseline -0.003 -7"><span class='ocrx_word' id='word_1_250' title='bbox 932 1015 1007 1039; x_wconf 83' lang='lat' dir='ltr'>Inter</span> <span class='ocrx_word' id='word_1_251' title='bbox 1016 1019 1071 1038; x_wconf 88' lang='lat' dir='ltr'>sese</span> <span class='ocrx_word' id='word_1_252' title='bbox 1081 1012 1159 1037; x_wconf 77' lang='lat' dir='ltr'>aliam</span> <span class='ocrx_word' id='word_1_253' title='bbox 1172 1019 1229 1037; x_wconf 86' lang='lat' dir='ltr'>rem</span> <span class='ocrx_word' id='word_1_254' title='bbox 1241 1011 1352 1044; x_wconf 80' lang='lat' dir='ltr'>gignere</span> <span class='ocrx_word' id='word_1_255' title='bbox 1363 1010 1562 1037; x_wconf 85' lang='lat' dir='ltr'>conveniundo.</span> 
     </span>
    </p>
   </div>
   <div class='ocr_carea' id='block_1_17' title="bbox 892 1068 1621 1369">
    <p class='ocr_par' dir='ltr' id='par_1_22' title="bbox 892 1068 1621 1369">
     <span class='ocr_line' id='line_1_47' title="bbox 894 1068 1617 1108; baseline -0.004 -7"><span class='ocrx_word' id='word_1_256' title='bbox 894 1071 945 1101; x_wconf 91' lang='lat' dir='ltr'>De</span> <span class='ocrx_word' id='word_1_257' title='bbox 967 1071 1016 1101; x_wconf 92' lang='lat' dir='ltr'>his</span> <span class='ocrx_word' id='word_1_258' title='bbox 1030 1070 1186 1101; x_wconf 87' lang='lat' dir='ltr'>vocabulis</span> <span class='ocrx_word' id='word_1_259' title='bbox 1205 1069 1355 1108; x_wconf 82' lang='lat' dir='ltr'>confusis,</span> <span class='ocrx_word' id='word_1_260' title='bbox 1379 1069 1448 1100; x_wconf 87' lang='lat' dir='ltr'>vide</span> <span class='ocrx_word' id='word_1_261' title='bbox 1472 1068 1617 1099; x_wconf 84' lang='lat' dir='ltr'>Draken-</span> 
     </span>
     <span class='ocr_line' id='line_1_48' title="bbox 892 1121 1619 1154; baseline -0.003 -1"><span class='ocrx_word' id='word_1_262' title='bbox 892 1124 1055 1154; x_wconf 84' lang='lat' dir='ltr'>borchium</span> <span class='ocrx_word' id='word_1_263' title='bbox 1078 1123 1118 1153; x_wconf 90' lang='lat' dir='ltr'>ad</span> <span class='ocrx_word' id='word_1_264' title='bbox 1145 1123 1212 1153; x_wconf 88' lang='lat' dir='ltr'>Liv.</span> <span class='ocrx_word' id='word_1_265' title='bbox 1240 1122 1290 1152; x_wconf 84' lang='lat' dir='ltr'>vii.</span> <span class='ocrx_word' id='word_1_266' title='bbox 1316 1125 1366 1152; x_wconf 78' lang='lat'><strong>53.</strong></span> <span class='ocrx_word' id='word_1_267' title='bbox 1393 1124 1440 1152; x_wconf 88' lang='grc'>17.</span> <span class='ocrx_word' id='word_1_268' title='bbox 1464 1121 1504 1151; x_wconf 84' lang='lat' dir='ltr'>ix.</span> <span class='ocrx_word' id='word_1_269' title='bbox 1522 1125 1571 1153; x_wconf 80' lang='lat'><strong>29.</strong></span> <span class='ocrx_word' id='word_1_270' title='bbox 1590 1124 1619 1151; x_wconf 79' lang='lat'><strong>2.</strong></span> 
     </span>
     <span class='ocr_line' id='line_1_49' title="bbox 895 1172 1620 1215; baseline -0.004 -11"><span class='ocrx_word' id='word_1_271' title='bbox 895 1174 953 1205; x_wconf 91' lang='lat' dir='ltr'>Vel</span> <span class='ocrx_word' id='word_1_272' title='bbox 969 1176 1074 1212; x_wconf 84' lang='lat' dir='ltr'>etiam,</span> <span class='ocrx_word' id='word_1_273' title='bbox 1087 1185 1186 1215; x_wconf 90' lang='lat' dir='ltr'>quum</span> <span class='ocrx_word' id='word_1_274' title='bbox 1199 1173 1374 1204; x_wconf 88' lang='lat' dir='ltr'>dictionum</span> <span class='ocrx_word' id='word_1_275' title='bbox 1386 1172 1522 1203; x_wconf 90' lang='lat' dir='ltr'>duarum</span> <span class='ocrx_word' id='word_1_276' title='bbox 1533 1172 1620 1202; x_wconf 87' lang='lat' dir='ltr'>sirni-</span> 
     </span>
     <span class='ocr_line' id='line_1_50' title="bbox 892 1223 1621 1262; baseline -0.003 -8"><span class='ocrx_word' id='word_1_277' title='bbox 892 1225 972 1255; x_wconf 85' lang='lat' dir='ltr'>lium</span> <span class='ocrx_word' id='word_1_278' title='bbox 996 1226 1250 1256; x_wconf 87' lang='lat' dir='ltr'>concurrentium</span> <span class='ocrx_word' id='word_1_279' title='bbox 1274 1224 1372 1254; x_wconf 80' lang='lat' dir='ltr'>altera</span> <span class='ocrx_word' id='word_1_280' title='bbox 1397 1223 1566 1262; x_wconf 84' lang='lat' dir='ltr'>saepissime</span> <span class='ocrx_word' id='word_1_281' title='bbox 1587 1232 1621 1252; x_wconf 92' lang='lat' dir='ltr'>o-</span> 
     </span>
     <span class='ocr_line' id='line_1_51' title="bbox 892 1274 1620 1318; baseline -0.001 -13"><span class='ocrx_word' id='word_1_282' title='bbox 892 1277 1047 1314; x_wconf 84' lang='lat' dir='ltr'>mittatur,</span> <span class='ocrx_word' id='word_1_283' title='bbox 1075 1276 1159 1318; x_wconf 89' lang='lat' dir='ltr'>(vide</span> <span class='ocrx_word' id='word_1_284' title='bbox 1175 1276 1215 1306; x_wconf 88' lang='lat' dir='ltr'>ad</span> <span class='ocrx_word' id='word_1_285' title='bbox 1230 1286 1306 1306; x_wconf 85' lang='lat' dir='ltr'>verr.</span> <span class='ocrx_word' id='word_1_286' title='bbox 1326 1279 1372 1307; x_wconf 88' lang='lat'><strong>19.</strong></span> <span class='ocrx_word' id='word_1_287' title='bbox 1389 1275 1478 1315; x_wconf 83' lang='lat'><strong>683.)</strong></span> <span class='ocrx_word' id='word_1_288' title='bbox 1502 1280 1533 1305; x_wconf 84' lang='lat' dir='ltr'>et</span> <span class='ocrx_word' id='word_1_289' title='bbox 1547 1274 1620 1304; x_wconf 89' lang='lat' dir='ltr'>huic</span> 
     </span>
     <span class='ocr_line' id='line_1_52' title="bbox 892 1327 1363 1369; baseline 0.002 -12"><span class='ocrx_word' id='word_1_290' title='bbox 892 1327 994 1358; x_wconf 83' lang='lat' dir='ltr'>faveat</span> <span class='ocrx_word' id='word_1_291' title='bbox 1008 1329 1194 1369; x_wconf 86' lang='lat' dir='ltr'>conjecturae</span> <span class='ocrx_word' id='word_1_292' title='bbox 1209 1327 1307 1358; x_wconf 80' lang='lat' dir='ltr'>codex</span> <span class='ocrx_word' id='word_1_293' title='bbox 1328 1332 1363 1358; x_wconf 93' lang='grc' dir='ltr'>Δ.</span> 
     </span>
    </p>
   </div>
   <div class='ocr_carea' id='block_1_18' title="bbox 909 1394 1609 1427">
    <p class='ocr_par' dir='ltr' id='par_1_23' title="bbox 909 1394 1609 1427">
     <span class='ocr_line' id='line_1_53' title="bbox 909 1394 1609 1427; baseline -0.003 -8"><span class='ocrx_word' id='word_1_294' title='bbox 909 1396 982 1420; x_wconf 82' lang='lat' dir='ltr'>Inter</span> <span class='ocrx_word' id='word_1_295' title='bbox 993 1403 1018 1419; x_wconf 80' lang='lat' dir='ltr'>se</span> <span class='ocrx_word' id='word_1_296' title='bbox 1028 1395 1110 1420; x_wconf 63' lang='lat' dir='ltr'>ultam</span> <span class='ocrx_word' id='word_1_297' title='bbox 1122 1395 1201 1420; x_wconf 83' lang='lat' dir='ltr'>aliam</span> <span class='ocrx_word' id='word_1_298' title='bbox 1213 1403 1270 1420; x_wconf 89' lang='lat' dir='ltr'>rem</span> <span class='ocrx_word' id='word_1_299' title='bbox 1282 1396 1392 1427; x_wconf 80' lang='lat' dir='ltr'>gignere</span> <span class='ocrx_word' id='word_1_300' title='bbox 1403 1394 1593 1419; x_wconf 88' lang='lat' dir='ltr'>conveniundo</span> <span class='ocrx_word' id='word_1_301' title='bbox 1604 1402 1609 1416; x_wconf 64' lang='grc' dir='ltr'><em>ε</em></span> 
     </span>
    </p>
   </div>
   <div class='ocr_carea' id='block_1_19' title="bbox 892 1452 1624 2971">
    <p class='ocr_par' dir='ltr' id='par_1_24' title="bbox 894 1452 1563 1493">
     <span class='ocr_line' id='line_1_54' title="bbox 894 1452 1563 1493; baseline 0 -10"><span class='ocrx_word' id='word_1_302' title='bbox 894 1463 964 1493; x_wconf 87' lang='lat' dir='ltr'>quae</span> <span class='ocrx_word' id='word_1_303' title='bbox 979 1453 1144 1483; x_wconf 86' lang='lat' dir='ltr'>lectoribus</span> <span class='ocrx_word' id='word_1_304' title='bbox 1155 1452 1329 1492; x_wconf 84' lang='lat' dir='ltr'>judicanda</span> <span class='ocrx_word' id='word_1_305' title='bbox 1342 1453 1563 1492; x_wconf 78' lang='lat' dir='ltr'>permittimus.</span> 
     </span>
    </p>

    <p class='ocr_par' dir='ltr' id='par_1_25' title="bbox 892 1504 1624 2424">
     <span class='ocr_line' id='line_1_55' title="bbox 939 1504 1621 1544; baseline 0 -10"><span class='ocrx_word' id='word_1_306' title='bbox 939 1504 1011 1534; x_wconf 86' lang='lat' dir='ltr'>Ver.</span> <span class='ocrx_word' id='word_1_307' title='bbox 1038 1508 1111 1535; x_wconf 73' lang='lat'><strong>922.</strong></span> <span class='ocrx_word' id='word_1_308' title='bbox 1137 1507 1186 1535; x_wconf 81' lang='lat' dir='ltr'>Sic</span> <span class='ocrx_word' id='word_1_309' title='bbox 1212 1506 1317 1535; x_wconf 78' lang='lat' dir='ltr'>itidem</span> <span class='ocrx_word' id='word_1_310' title='bbox 1340 1504 1420 1544; x_wconf 63' lang='lat' dir='ltr'>quii:</span> <span class='ocrx_word' id='word_1_311' title='bbox 1448 1505 1485 1534; x_wconf 92' lang='lat' dir='ltr'><strong>B.</strong></span> <span class='ocrx_word' id='word_1_312' title='bbox 1508 1505 1546 1534; x_wconf 90' lang='lat' dir='ltr'>L.</span> <span class='ocrx_word' id='word_1_313' title='bbox 1573 1504 1621 1534; x_wconf 92' lang='lat' dir='ltr'><strong>M.</strong></span> 
     </span>
     <span class='ocr_line' id='line_1_56' title="bbox 894 1554 1622 1596; baseline -0.004 -9"><span class='ocrx_word' id='word_1_314' title='bbox 894 1558 993 1587; x_wconf 77' lang='lat' dir='ltr'>Sicuti</span> <span class='ocrx_word' id='word_1_315' title='bbox 1006 1558 1152 1595; x_wconf 74' lang='lat' dir='ltr'>denique;</span> <span class='ocrx_word' id='word_1_316' title='bbox 1175 1566 1245 1596; x_wconf 88' lang='lat' dir='ltr'>quae</span> <span class='ocrx_word' id='word_1_317' title='bbox 1260 1555 1353 1585; x_wconf 89' lang='lat' dir='ltr'>lectio</span> <span class='ocrx_word' id='word_1_318' title='bbox 1368 1565 1431 1585; x_wconf 91' lang='lat' dir='ltr'>non</span> <span class='ocrx_word' id='word_1_319' title='bbox 1447 1554 1507 1584; x_wconf 88' lang='lat' dir='ltr'>nisi</span> <span class='ocrx_word' id='word_1_320' title='bbox 1523 1554 1622 1584; x_wconf 89' lang='lat' dir='ltr'>ductu</span> 
     </span>
     <span class='ocr_line' id='line_1_57' title="bbox 893 1606 1622 1646; baseline -0.001 -10"><span class='ocrx_word' id='word_1_321' title='bbox 893 1607 1006 1637; x_wconf 83' lang='lat' dir='ltr'>calami</span> <span class='ocrx_word' id='word_1_322' title='bbox 1028 1607 1169 1646; x_wconf 88' lang='lat' dir='ltr'>simplice</span> <span class='ocrx_word' id='word_1_323' title='bbox 1192 1606 1285 1637; x_wconf 82' lang='lat' dir='ltr'>distat</span> <span class='ocrx_word' id='word_1_324' title='bbox 1312 1606 1369 1642; x_wconf 86' lang='lat' dir='ltr'>illi,</span> <span class='ocrx_word' id='word_1_325' title='bbox 1393 1616 1488 1646; x_wconf 88' lang='lat' dir='ltr'>quam</span> <span class='ocrx_word' id='word_1_326' title='bbox 1511 1615 1622 1636; x_wconf 90' lang='lat' dir='ltr'>omnes</span> 
     </span>
     <span class='ocr_line' id='line_1_58' title="bbox 893 1657 1622 1698; baseline -0.003 -10"><span class='ocrx_word' id='word_1_327' title='bbox 893 1658 943 1688; x_wconf 85' lang='lat' dir='ltr'>alii</span> <span class='ocrx_word' id='word_1_328' title='bbox 960 1658 1030 1688; x_wconf 85' lang='lat' dir='ltr'>libri</span> <span class='ocrx_word' id='word_1_329' title='bbox 1045 1659 1201 1694; x_wconf 83' lang='lat' dir='ltr'>exhibent,</span> <span class='ocrx_word' id='word_1_330' title='bbox 1218 1663 1248 1688; x_wconf 86' lang='lat' dir='ltr'>et</span> <span class='ocrx_word' id='word_1_331' title='bbox 1263 1667 1358 1698; x_wconf 92' lang='lat' dir='ltr'>quam</span> <span class='ocrx_word' id='word_1_332' title='bbox 1369 1657 1550 1696; x_wconf 86' lang='lat' dir='ltr'>nosmetipsi</span> <span class='ocrx_word' id='word_1_333' title='bbox 1560 1657 1622 1686; x_wconf 89' lang='lat' dir='ltr'>im-</span> 
     </span>
     <span class='ocr_line' id='line_1_59' title="bbox 893 1708 1621 1750; baseline -0.003 -10"><span class='ocrx_word' id='word_1_334' title='bbox 893 1711 1089 1750; x_wconf 87' lang='lat' dir='ltr'>primendam</span> <span class='ocrx_word' id='word_1_335' title='bbox 1113 1710 1302 1747; x_wconf 83' lang='lat' dir='ltr'>curavimus,</span> <span class='ocrx_word' id='word_1_336' title='bbox 1331 1708 1452 1739; x_wconf 72' lang='lat' dir='ltr'>mutata</span> <span class='ocrx_word' id='word_1_337' title='bbox 1481 1715 1621 1739; x_wconf 84' lang='lat' dir='ltr'>tantum-</span> 
     </span>
     <span class='ocr_line' id='line_1_60' title="bbox 893 1759 1623 1802; baseline -0.004 -10"><span class='ocrx_word' id='word_1_338' title='bbox 893 1761 988 1792; x_wconf 89' lang='lat' dir='ltr'>modo</span> <span class='ocrx_word' id='word_1_339' title='bbox 1002 1760 1112 1792; x_wconf 64' lang='lat' dir='ltr'>vocula</span> <span class='ocrx_word' id='word_1_340' title='bbox 1126 1773 1195 1802; x_wconf 80' lang='lat' dir='ltr'>que,</span> <span class='ocrx_word' id='word_1_341' title='bbox 1224 1761 1272 1791; x_wconf 90' lang='lat' dir='ltr'>vel</span> <span class='ocrx_word' id='word_1_342' title='bbox 1293 1772 1374 1801; x_wconf 84' lang='lat' dir='ltr'>quae,</span> <span class='ocrx_word' id='word_1_343' title='bbox 1396 1761 1429 1790; x_wconf 93' lang='lat' dir='ltr'>in</span> <span class='ocrx_word' id='word_1_344' title='bbox 1451 1759 1529 1800; x_wconf 68' lang='lat' dir='ltr'>qud:</span> <span class='ocrx_word' id='word_1_345' title='bbox 1555 1759 1623 1799; x_wconf 66' lang='lat' dir='ltr'>ipsa</span> 
     </span>
     <span class='ocr_line' id='line_1_61' title="bbox 893 1810 1621 1843; baseline -0.004 0"><span class='ocrx_word' id='word_1_346' title='bbox 893 1823 926 1843; x_wconf 88' lang='lat' dir='ltr'>re</span> <span class='ocrx_word' id='word_1_347' title='bbox 948 1824 1011 1843; x_wconf 88' lang='lat' dir='ltr'>non</span> <span class='ocrx_word' id='word_1_348' title='bbox 1035 1813 1122 1843; x_wconf 90' lang='lat' dir='ltr'>aliud</span> <span class='ocrx_word' id='word_1_349' title='bbox 1147 1813 1275 1843; x_wconf 87' lang='lat' dir='ltr'>sinente.</span> <span class='ocrx_word' id='word_1_350' title='bbox 1323 1812 1364 1841; x_wconf 91' lang='lat' dir='ltr'>In</span> <span class='ocrx_word' id='word_1_351' title='bbox 1386 1811 1438 1842; x_wconf 87' lang='lat' dir='ltr'>Pii</span> <span class='ocrx_word' id='word_1_352' title='bbox 1461 1810 1621 1841; x_wconf 85' lang='lat' dir='ltr'>codicibus</span> 
     </span>
     <span class='ocr_line' id='line_1_62' title="bbox 893 1865 1623 1905; baseline -0.005 -10"><span class='ocrx_word' id='word_1_353' title='bbox 893 1865 1039 1905; x_wconf 88' lang='lat' dir='ltr'>antiquis,</span> <span class='ocrx_word' id='word_1_354' title='bbox 1055 1875 1111 1904; x_wconf 90' lang='lat' dir='ltr'>pro</span> <span class='ocrx_word' id='word_1_355' title='bbox 1125 1867 1282 1901; x_wconf 78' lang='lat' dir='ltr'>sentimus,</span> <span class='ocrx_word' id='word_1_356' title='bbox 1304 1869 1464 1903; x_wconf 86' lang='lat' dir='ltr'>comparet</span> <span class='ocrx_word' id='word_1_357' title='bbox 1477 1869 1547 1894; x_wconf 75' lang='lat' dir='ltr'>sunt</span> <span class='ocrx_word' id='word_1_358' title='bbox 1563 1865 1623 1893; x_wconf 78' lang='lat' dir='ltr'>mi.</span> 
     </span>
     <span class='ocr_line' id='line_1_63' title="bbox 892 1917 1622 1956; baseline -0.003 -8"><span class='ocrx_word' id='word_1_359' title='bbox 892 1921 994 1949; x_wconf 75' lang='lat' dir='ltr'>nimis.</span> <span class='ocrx_word' id='word_1_360' title='bbox 1041 1918 1135 1954; x_wconf 82' lang='lat' dir='ltr'>Quod</span> <span class='ocrx_word' id='word_1_361' title='bbox 1165 1918 1302 1948; x_wconf 83' lang='lat' dir='ltr'>fortassis</span> <span class='ocrx_word' id='word_1_362' title='bbox 1330 1918 1412 1947; x_wconf 89' lang='lat' dir='ltr'>hanc</span> <span class='ocrx_word' id='word_1_363' title='bbox 1437 1917 1622 1956; x_wconf 81' lang='lat' dir='ltr'>interpreta-</span> 
     </span>
     <span class='ocr_line' id='line_1_64' title="bbox 894 1967 1623 2000; baseline -0.001 -2"><span class='ocrx_word' id='word_1_364' title='bbox 894 1971 1011 2000; x_wconf 88' lang='lat' dir='ltr'>tionem</span> <span class='ocrx_word' id='word_1_365' title='bbox 1026 1970 1111 2000; x_wconf 89' lang='lat' dir='ltr'>haud</span> <span class='ocrx_word' id='word_1_366' title='bbox 1126 1968 1325 1999; x_wconf 87' lang='lat' dir='ltr'>incommode</span> <span class='ocrx_word' id='word_1_367' title='bbox 1337 1967 1495 1998; x_wconf 86' lang='lat' dir='ltr'>admittat:</span> <span class='ocrx_word' id='word_1_368' title='bbox 1515 1971 1537 1986; x_wconf 75' lang='lat'>‘⁶</span> <span class='ocrx_word' id='word_1_369' title='bbox 1550 1968 1623 1998; x_wconf 92' lang='lat' dir='ltr'>Hac</span> 
     </span>
     <span class='ocr_line' id='line_1_65' title="bbox 898 2019 1624 2063; baseline -0.006 -11"><span class='ocrx_word' id='word_1_370' title='bbox 898 2025 920 2040; x_wconf 86' lang='lat'><strong>“</strong></span> <span class='ocrx_word' id='word_1_371' title='bbox 936 2022 1034 2063; x_wconf 84' lang='lat' dir='ltr'>igitur</span> <span class='ocrx_word' id='word_1_372' title='bbox 1058 2022 1127 2062; x_wconf 83' lang='lat' dir='ltr'>lege</span> <span class='ocrx_word' id='word_1_373' title='bbox 1142 2022 1192 2051; x_wconf 87' lang='lat' dir='ltr'>hae</span> <span class='ocrx_word' id='word_1_374' title='bbox 1209 2021 1416 2051; x_wconf 88' lang='lat' dir='ltr'>minimorum</span> <span class='ocrx_word' id='word_1_375' title='bbox 1438 2025 1550 2058; x_wconf 79' lang='lat' dir='ltr'>partes,</span> <span class='ocrx_word' id='word_1_376' title='bbox 1575 2019 1624 2049; x_wconf 89' lang='lat' dir='ltr'>vel</span> 
     </span>
     <span class='ocr_line' id='line_1_66' title="bbox 899 2071 1622 2112; baseline -0.004 -9"><span class='ocrx_word' id='word_1_377' title='bbox 899 2077 921 2092; x_wconf 86' lang='lat'><strong>“</strong></span> <span class='ocrx_word' id='word_1_378' title='bbox 938 2084 975 2103; x_wconf 84' lang='lat' dir='ltr'>ex</span> <span class='ocrx_word' id='word_1_379' title='bbox 991 2073 1168 2112; x_wconf 85' lang='lat' dir='ltr'>primordiis</span> <span class='ocrx_word' id='word_1_380' title='bbox 1183 2072 1368 2107; x_wconf 67' lang='lat' dir='ltr'>constitutae,</span> <span class='ocrx_word' id='word_1_381' title='bbox 1386 2071 1499 2101; x_wconf 85' lang='lat' dir='ltr'>sentire</span> <span class='ocrx_word' id='word_1_382' title='bbox 1511 2081 1622 2101; x_wconf 86' lang='lat' dir='ltr'>conce-</span> 
     </span>
     <span class='ocr_line' id='line_1_67' title="bbox 899 2123 1624 2164; baseline -0.004 -9"><span class='ocrx_word' id='word_1_383' title='bbox 899 2129 921 2143; x_wconf 89' lang='lat'><strong>“</strong></span> <span class='ocrx_word' id='word_1_384' title='bbox 936 2125 968 2155; x_wconf 93' lang='lat' dir='ltr'>di</span> <span class='ocrx_word' id='word_1_385' title='bbox 983 2125 1116 2164; x_wconf 87' lang='lat' dir='ltr'>possint;</span> <span class='ocrx_word' id='word_1_386' title='bbox 1138 2130 1178 2155; x_wconf 79' lang='lat' dir='ltr'>ut.</span> <span class='ocrx_word' id='word_1_387' title='bbox 1198 2129 1327 2164; x_wconf 84' lang='lat' dir='ltr'>pereant</span> <span class='ocrx_word' id='word_1_388' title='bbox 1347 2124 1466 2164; x_wconf 80' lang='lat' dir='ltr'>utique,</span> <span class='ocrx_word' id='word_1_389' title='bbox 1489 2130 1521 2153; x_wconf 85' lang='lat' dir='ltr'>et</span> <span class='ocrx_word' id='word_1_390' title='bbox 1544 2123 1624 2152; x_wconf 90' lang='lat' dir='ltr'>nihil</span> 
     </span>
     <span class='ocr_line' id='line_1_68' title="bbox 898 2174 1622 2217; baseline -0.008 -8"><span class='ocrx_word' id='word_1_391' title='bbox 898 2182 920 2197; x_wconf 91' lang='lat'>“</span> <span class='ocrx_word' id='word_1_392' title='bbox 936 2184 1023 2208; x_wconf 84' lang='lat' dir='ltr'>extra</span> <span class='ocrx_word' id='word_1_393' title='bbox 1037 2188 1070 2208; x_wconf 87' lang='lat' dir='ltr'>se</span> <span class='ocrx_word' id='word_1_394' title='bbox 1084 2177 1206 2208; x_wconf 81' lang='lat' dir='ltr'>valeant</span> <span class='ocrx_word' id='word_1_395' title='bbox 1220 2175 1381 2217; x_wconf 83' lang='lat' dir='ltr'>gigne1·e.”</span> <span class='ocrx_word' id='word_1_396' title='bbox 1429 2175 1491 2205; x_wconf 89' lang='lat' dir='ltr'>Sed</span> <span class='ocrx_word' id='word_1_397' title='bbox 1512 2174 1622 2214; x_wconf 84' lang='lat' dir='ltr'>vulga-</span> 
     </span>
     <span class='ocr_line' id='line_1_69' title="bbox 894 2224 1622 2266; baseline -0.008 -6"><span class='ocrx_word' id='word_1_398' title='bbox 894 2229 942 2266; x_wconf 83' lang='lat' dir='ltr'>tis,</span> <span class='ocrx_word' id='word_1_399' title='bbox 959 2235 989 2259; x_wconf 89' lang='lat' dir='ltr'>et</span> <span class='ocrx_word' id='word_1_400' title='bbox 1003 2229 1171 2259; x_wconf 81' lang='lat' dir='ltr'>meliorum</span> <span class='ocrx_word' id='word_1_401' title='bbox 1181 2227 1363 2258; x_wconf 87' lang='lat' dir='ltr'>auctoritate</span> <span class='ocrx_word' id='word_1_402' title='bbox 1373 2225 1461 2256; x_wconf 90' lang='lat' dir='ltr'>codd.</span> <span class='ocrx_word' id='word_1_403' title='bbox 1474 2224 1622 2263; x_wconf 77' lang='lat' dir='ltr'>suffultis,</span> 
     </span>
     <span class='ocr_line' id='line_1_70' title="bbox 894 2276 1621 2321; baseline -0.008 -10"><span class='ocrx_word' id='word_1_404' title='bbox 894 2281 1153 2321; x_wconf 82' lang='lat' dir='ltr'>acquiescendum</span> <span class='ocrx_word' id='word_1_405' title='bbox 1178 2284 1263 2318; x_wconf 87' lang='lat' dir='ltr'>puto.</span> <span class='ocrx_word' id='word_1_406' title='bbox 1310 2278 1436 2309; x_wconf 87' lang='lat' dir='ltr'>Interea</span> <span class='ocrx_word' id='word_1_407' title='bbox 1455 2276 1512 2305; x_wconf 87' lang='lat' dir='ltr'>sibi</span> <span class='ocrx_word' id='word_1_408' title='bbox 1527 2276 1621 2306; x_wconf 83' lang='lat' dir='ltr'>habe·</span> 
     </span>
     <span class='ocr_line' id='line_1_71' title="bbox 894 2328 1622 2369; baseline -0.01 -6"><span class='ocrx_word' id='word_1_409' title='bbox 894 2339 948 2363; x_wconf 88' lang='lat' dir='ltr'>ant</span> <span class='ocrx_word' id='word_1_410' title='bbox 959 2343 1091 2368; x_wconf 86' lang='lat' dir='ltr'>versum,</span> <span class='ocrx_word' id='word_1_411' title='bbox 1101 2342 1139 2362; x_wconf 82' lang='lat' dir='ltr'>ex</span> <span class='ocrx_word' id='word_1_412' title='bbox 1149 2330 1306 2361; x_wconf 88' lang='lat' dir='ltr'>cerebellis</span> <span class='ocrx_word' id='word_1_413' title='bbox 1316 2328 1448 2369; x_wconf 83' lang='lat' dir='ltr'>propriis</span> <span class='ocrx_word' id='word_1_414' title='bbox 1456 2328 1622 2367; x_wconf 88' lang='lat' dir='ltr'>depromp-</span> 
     </span>
     <span class='ocr_line' id='line_1_72' title="bbox 895 2382 1299 2424; baseline -0.012 -7"><span class='ocrx_word' id='word_1_415' title='bbox 895 2392 975 2424; x_wconf 83' lang='lat' dir='ltr'>tum,</span> <span class='ocrx_word' id='word_1_416' title='bbox 992 2384 1089 2415; x_wconf 87' lang='lat' dir='ltr'>critici</span> <span class='ocrx_word' id='word_1_417' title='bbox 1103 2382 1299 2423; x_wconf 88' lang='lat' dir='ltr'>lepidissimi:</span> 
     </span>
    </p>

    <p class='ocr_par' dir='ltr' id='par_1_26' title="bbox 924 2462 1623 2498">
     <span class='ocr_line' id='line_1_73' title="bbox 924 2462 1623 2498; baseline -0.01 -5"><span class='ocrx_word' id='word_1_418' title='bbox 924 2470 972 2493; x_wconf 84' lang='lat' dir='ltr'>Per</span> <span class='ocrx_word' id='word_1_419' title='bbox 982 2468 1091 2493; x_wconf 84' lang='lat' dir='ltr'>Veneris</span> <span class='ocrx_word' id='word_1_420' title='bbox 1101 2474 1153 2498; x_wconf 88' lang='lat' dir='ltr'>res,</span> <span class='ocrx_word' id='word_1_421' title='bbox 1164 2469 1244 2493; x_wconf 83' lang='lat' dir='ltr'>extra</span> <span class='ocrx_word' id='word_1_422' title='bbox 1253 2465 1387 2495; x_wconf 53' lang='lat' dir='ltr'>hominm,</span> <span class='ocrx_word' id='word_1_423' title='bbox 1398 2466 1531 2493; x_wconf 81' lang='lat' dir='ltr'>armenta,</span> <span class='ocrx_word' id='word_1_424' title='bbox 1543 2462 1623 2488; x_wconf 82' lang='lat' dir='ltr'>feras-</span> 
     </span>
    </p>

    <p class='ocr_par' dir='ltr' id='par_1_27' title="bbox 1017 2515 1082 2540">
     <span class='ocr_line' id='line_1_74' title="bbox 1017 2515 1082 2540; baseline 0 -7"><span class='ocrx_word' id='word_1_425' title='bbox 1017 2515 1082 2540; x_wconf 87' lang='lat' dir='ltr'>que:</span> 
     </span>
    </p>

    <p class='ocr_par' dir='ltr' id='par_1_28' title="bbox 896 2566 1623 2807">
     <span class='ocr_line' id='line_1_75' title="bbox 896 2566 1621 2613; baseline -0.011 -10"><span class='ocrx_word' id='word_1_426' title='bbox 896 2572 949 2613; x_wconf 91' lang='lat' dir='ltr'>qui</span> <span class='ocrx_word' id='word_1_427' title='bbox 978 2583 1112 2612; x_wconf 89' lang='lat' dir='ltr'>nuperas</span> <span class='ocrx_word' id='word_1_428' title='bbox 1139 2582 1249 2602; x_wconf 88' lang='lat' dir='ltr'>omnes</span> <span class='ocrx_word' id='word_1_429' title='bbox 1278 2569 1429 2600; x_wconf 85' lang='lat' dir='ltr'>editiones</span> <span class='ocrx_word' id='word_1_430' title='bbox 1450 2566 1621 2606; x_wconf 81' lang='lat' dir='ltr'>occupavit.</span> 
     </span>
     <span class='ocr_line' id='line_1_76' title="bbox 897 2617 1622 2655; baseline -0.012 0"><span class='ocrx_word' id='word_1_431' title='bbox 897 2626 971 2655; x_wconf 87' lang='lat' dir='ltr'>Hoc</span> <span class='ocrx_word' id='word_1_432' title='bbox 986 2630 1092 2654; x_wconf 86' lang='lat' dir='ltr'>autem</span> <span class='ocrx_word' id='word_1_433' title='bbox 1107 2633 1172 2653; x_wconf 87' lang='lat' dir='ltr'>non</span> <span class='ocrx_word' id='word_1_434' title='bbox 1187 2629 1233 2653; x_wconf 88' lang='lat' dir='ltr'>est</span> <span class='ocrx_word' id='word_1_435' title='bbox 1247 2620 1431 2652; x_wconf 77' lang='lat' dir='ltr'>Lucretium</span> <span class='ocrx_word' id='word_1_436' title='bbox 1451 2619 1551 2654; x_wconf 86' lang='lat' dir='ltr'>edere,</span> <span class='ocrx_word' id='word_1_437' title='bbox 1567 2617 1622 2648; x_wconf 90' lang='lat' dir='ltr'>sed</span> 
     </span>
     <span class='ocr_line' id='line_1_77' title="bbox 897 2668 1623 2710; baseline -0.011 -5"><span class='ocrx_word' id='word_1_438' title='bbox 897 2675 1018 2705; x_wconf 90' lang='lat' dir='ltr'>somnia</span> <span class='ocrx_word' id='word_1_439' title='bbox 1043 2674 1216 2710; x_wconf 86' lang='lat' dir='ltr'>venditare;</span> <span class='ocrx_word' id='word_1_440' title='bbox 1237 2682 1294 2702; x_wconf 90' lang='lat' dir='ltr'>nec</span> <span class='ocrx_word' id='word_1_441' title='bbox 1316 2670 1405 2702; x_wconf 85' lang='lat' dir='ltr'>Jovis</span> <span class='ocrx_word' id='word_1_442' title='bbox 1429 2668 1563 2706; x_wconf 86' lang='lat' dir='ltr'>somnia,</span> <span class='ocrx_word' id='word_1_443' title='bbox 1585 2673 1623 2698; x_wconf 90' lang='lat' dir='ltr'>ut</span> 
     </span>
     <span class='ocr_line' id='line_1_78' title="bbox 896 2719 1619 2764; baseline -0.011 -8"><span class='ocrx_word' id='word_1_444' title='bbox 896 2726 1070 2762; x_wconf 83' lang='lat' dir='ltr'>Homerus,</span> <span class='ocrx_word' id='word_1_445' title='bbox 1086 2724 1233 2764; x_wconf 89' lang='lat' dir='ltr'>Longino</span> <span class='ocrx_word' id='word_1_446' title='bbox 1246 2728 1334 2760; x_wconf 86' lang='lat' dir='ltr'>teste,</span> <span class='ocrx_word' id='word_1_447' title='bbox 1361 2720 1415 2751; x_wconf 90' lang='lat' dir='ltr'>sed</span> <span class='ocrx_word' id='word_1_448' title='bbox 1436 2719 1619 2750; x_wconf 85' lang='lat' dir='ltr'>vanissimo-</span> 
     </span>
     <span class='ocr_line' id='line_1_79' title="bbox 896 2775 1256 2807; baseline -0.008 0"><span class='ocrx_word' id='word_1_449' title='bbox 896 2787 967 2807; x_wconf 89' lang='lat' dir='ltr'>rum</span> <span class='ocrx_word' id='word_1_450' title='bbox 983 2775 1256 2807; x_wconf 87' lang='lat' dir='ltr'>homunculorum.</span> 
     </span>
    </p>

    <p class='ocr_par' dir='ltr' id='par_1_29' title="bbox 899 2821 1620 2971">
     <span class='ocr_line' id='line_1_80' title="bbox 940 2821 1620 2858; baseline -0.01 0"><span class='ocrx_word' id='word_1_451' title='bbox 940 2827 1020 2858; x_wconf 90' lang='lat' dir='ltr'>Ibid.</span> <span class='ocrx_word' id='word_1_452' title='bbox 1045 2827 1109 2857; x_wconf 89' lang='lat' dir='ltr'>Hic</span> <span class='ocrx_word' id='word_1_453' title='bbox 1124 2832 1230 2856; x_wconf 88' lang='lat' dir='ltr'>autem</span> <span class='ocrx_word' id='word_1_454' title='bbox 1247 2831 1292 2855; x_wconf 84' lang='lat' dir='ltr'>est</span> <span class='ocrx_word' id='word_1_455' title='bbox 1306 2824 1366 2854; x_wconf 91' lang='lat' dir='ltr'>loci</span> <span class='ocrx_word' id='word_1_456' title='bbox 1382 2834 1506 2854; x_wconf 87' lang='lat' dir='ltr'>sensus:</span> <span class='ocrx_word' id='word_1_457' title='bbox 1535 2825 1557 2840; x_wconf 76' lang='lat'>‘⁶</span> <span class='ocrx_word' id='word_1_458' title='bbox 1571 2821 1620 2851; x_wconf 87' lang='lat' dir='ltr'>Sic</span> 
     </span>
     <span class='ocr_line' id='line_1_81' title="bbox 900 2875 1619 2921; baseline -0.013 -11"><span class='ocrx_word' id='word_1_459' title='bbox 900 2885 921 2899; x_wconf 87' lang='lat'>“</span> <span class='ocrx_word' id='word_1_460' title='bbox 936 2880 1043 2921; x_wconf 86' lang='lat' dir='ltr'>igitur,</span> <span class='ocrx_word' id='word_1_461' title='bbox 1072 2879 1135 2909; x_wconf 84' lang='lat' dir='ltr'>sive</span> <span class='ocrx_word' id='word_1_462' title='bbox 1164 2879 1230 2908; x_wconf 84' lang='lat' dir='ltr'>haec</span> <span class='ocrx_word' id='word_1_463' title='bbox 1259 2876 1427 2917; x_wconf 86' lang='lat' dir='ltr'>primordia</span> <span class='ocrx_word' id='word_1_464' title='bbox 1463 2875 1619 2915; x_wconf 85' lang='lat' dir='ltr'>fingantur</span> 
     </span>
     <span class='ocr_line' id='line_1_82' title="bbox 899 2925 1617 2971; baseline -0.017 -8"><span class='ocrx_word' id='word_1_465' title='bbox 899 2936 921 2951; x_wconf 73' lang='lat'>‘⁶</span> <span class='ocrx_word' id='word_1_466' title='bbox 937 2941 1002 2962; x_wconf 83' lang='lat' dir='ltr'>esse</span> <span class='ocrx_word' id='word_1_467' title='bbox 1017 2939 1118 2971; x_wconf 85' lang='lat' dir='ltr'>partes</span> <span class='ocrx_word' id='word_1_468' title='bbox 1132 2928 1328 2967; x_wconf 84' lang='lat' dir='ltr'>animalium,</span> <span class='ocrx_word' id='word_1_469' title='bbox 1354 2938 1411 2959; x_wconf 85' lang='lat' dir='ltr'>seu</span> <span class='ocrx_word' id='word_1_470' title='bbox 1424 2937 1479 2966; x_wconf 80' lang='lat' dir='ltr'>per</span> <span class='ocrx_word' id='word_1_471' title='bbox 1493 2936 1524 2956; x_wconf 81' lang='lat' dir='ltr'>se</span> <span class='ocrx_word' id='word_1_472' title='bbox 1540 2925 1617 2953; x_wconf 73' lang='lat' dir='ltr'>inte=</span> 
     </span>
    </p>
   </div>
   <div class='ocr_carea' id='block_1_20' title="bbox 861 2991 921 3021">
    <p class='ocr_par' dir='ltr' id='par_1_30' title="bbox 861 2991 921 3021">
     <span class='ocr_line' id='line_1_83' title="bbox 861 2991 921 3021; baseline 0 0"><span class='ocrx_word' id='word_1_473' title='bbox 861 2991 921 3021; x_wconf 75' lang='lat' dir='ltr'>Z‘2</span> 
     </span>
    </p>
   </div>
  </div>
 </body>
</html>
