1894 3253
175 248 202 285 cv

209 248 234 285 ta>

237 249 269 286 C

671 238 731 285 T.
782 235 1163 284 LUCRETII

323 372 537 418 Consimili
557 377 689 411 mutat
708 369 867 410 ratione
888 368 1064 409 obvorsa
1086 366 1260 409 colores:

323 450 432 498 Quei
453 447 648 502 quoniam
668 444 848 501 quodam
868 445 1098 501 gignuntur
1118 442 1286 484 luminis
1307 442 1407 492 ictu,

183 608 222 638 de
251 605 402 646 phoenice,
426 614 487 634 ver.
515 605 585 634 155.
615 603 682 632 haec
711 601 907 640 ventilantes,

183 658 443 691 emaculabimus:

214 739 319 764 Albicat
329 738 356 762 in
366 737 459 766 cristis,
475 736 556 761 mixto
566 736 699 761 viridante
710 737 862 768 smaragdo:

185 797 207 827 i.
221 808 249 826 e.
275 799 297 815 “
312 798 345 826 in
362 797 462 826 cristis
477 794 619 835 fulgidus
630 800 675 824 est
689 795 816 832 candor,
832 805 914 825 sma-

186 852 208 867 “
225 847 315 888 ragdi
324 847 478 877 viriditate
488 846 711 876 commixtus.’'
729 846 848 886 Vulgo,
865 848 914 876 in-

187 902 283 939 signis
305 898 431 939 legitur,
453 897 537 938 quod
564 897 694 927 Barthio
714 897 786 937 jure
808 896 914 936 displi-

187 951 261 981 cuit.
307 950 371 980 His
386 949 540 980 consentit
558 948 751 979 Claudianus
773 948 812 978 de
827 949 913 987 phoe-

189 1003 271 1040 nice,
294 1013 354 1033 ver.
374 1006 422 1034 19.
445 1012 522 1032 nam
545 1011 654 1031 vocem
676 1002 764 1031 albus
787 1000 827 1030 de
852 999 916 1030 sole

188 1054 312 1094 fulgido
327 1053 469 1093 usurpari
484 1052 555 1092 plus
576 1051 674 1082 semel
688 1051 915 1082 demonstravi-

190 1115 275 1136 nius:

416 1188 498 1213 rutilo
508 1190 657 1219 cognatum
668 1187 769 1212 vertice
779 1186 850 1211 sidus

253 1229 361 1254 Attollit
372 1228 491 1252 cristatus
504 1230 582 1258 apex.

194 1292 335 1322 Accedat
345 1291 482 1330 denique
494 1289 714 1326 Nemesianus,
730 1298 839 1328 cyneg.
849 1291 921 1318 510.

257 1367 308 1389 Has
318 1364 401 1396 igitur
411 1363 485 1387 vario
495 1369 601 1393 semper
611 1361 704 1386 fucare
716 1368 821 1386 veneno

256 1405 327 1429 Cura
338 1402 398 1432 tibi,
414 1402 551 1432 niveisque
562 1401 625 1425 alios
637 1401 738 1425 miscere
748 1401 859 1424 colores.

195 1468 274 1499 Post
296 1466 401 1497 nullos
424 1471 530 1495 autem
555 1464 629 1494 huic
652 1464 698 1493 rei
723 1463 926 1502 tempestivus

196 1519 295 1550 aderit
312 1516 452 1547 Achilles
468 1515 591 1553 Tatius,
615 1515 658 1544 ita
680 1515 855 1554 phoenicem
871 1514 924 1544 de-

196 1571 349 1601 scribens:
383 1575 420 1599 To
442 1567 468 1599 δε
500 1581 578 1607 ’γενος
609 1569 725 1605 Archo-da,
755 1580 805 1599 ‘rm
827 1580 927 1608 χροιαν

197 1637 275 1657 «ταως
293 1637 316 1653 εν
334 1628 441 1652 καλλει
455 1620 588 1662 &ver-epo}-
614 1624 861 1650 ΚΕΚΕΡΑΣΤΑΙ
877 1632 928 1658 μεν

200 1690 239 1706 (ΓΜ
256 1688 348 1716 πτερω
371 1686 470 1715 λζρυῖῳ
493 1687 544 1703 καί
561 1680 697 1713 πορφϋρᾳ.
745 1671 853 1701 ReStat
868 1671 927 1711 igi-

198 1734 263 1763 tur,
279 1725 439 1765 perpensis
455 1734 491 1754 ac
506 1723 626 1753 collatis
640 1722 798 1760 omnibus,
814 1728 850 1752 ut
861 1722 927 1752 Lu-

199 1779 315 1810 cretius
337 1783 440 1806 noster
463 1775 503 1805 ad
526 1777 610 1805 hunc
633 1775 764 1804 modum
786 1774 929 1813 pulcher-

200 1831 280 1859 rime
296 1834 326 1858 et
340 1827 512 1858 castissime
528 1827 660 1866 scriptus
676 1827 884 1856 existimetur:

266 1902 339 1925 Inter
350 1899 476 1923 curalium
489 1898 594 1923 virideis
606 1898 706 1922 miscere
717 1898 880 1929 smaragdos.

206 1951 359 1981 Colorum
382 1949 565 1986 mixturam,
588 1950 683 1987 probe
705 1948 934 1986 distinctorum,

206 2008 237 2032 et
259 2001 470 2037 commodam,
493 2006 524 2030 et
546 2000 735 2040 elegantem,
759 2010 816 2030 nec
830 2000 938 2030 minus

207 2053 305 2092 ipsius
320 2052 363 2081 rei
386 2051 507 2081 veritati
524 2052 773 2089 convenientem,
794 2052 861 2091 jam
884 2061 938 2091 ag-

208 2103 378 2134 noscimus.
413 2101 561 2131 Affirmat
577 2102 662 2131 enim
675 2103 774 2140 po‘e'ta,
796 2103 938 2143 aliquan-

210 2154 252 2184 do
268 2164 322 2192 per
333 2163 365 2183 se
379 2154 505 2182 rubrum
518 2152 652 2182 nitorem
662 2153 762 2190 cerni;
779 2158 872 2193 atque
883 2154 938 2184 ali-

211 2204 338 2246 quando
353 2214 459 2233 rursus
474 2203 566 2232 illum
588 2204 713 2233 rubrum
730 2206 826 2234 viridi
840 2204 941 2243 specie

211 2263 429 2296 temperatum.
474 2254 719 2295 Tryphiodorus,
743 2265 804 2286 ver.
823 2259 873 2287 69.
889 2266 939 2286 co-

213 2309 294 2339 lores
309 2308 451 2338 similiter
467 2307 676 2337 commiscuit:

252 2385 422 2411 ΓΛΑΥΚΗΣ
437 2386 575 2420 βηρυλλοιο,
596 2396 643 2412 και
658 2385 859 2412 ‘AIMAAEH2
881 2395 945 2420 εκμε-

352 2431 443 2458 flucre:

217 2486 237 2516 i.
253 2495 278 2516 e.
302 2488 411 2516 viridis
434 2490 464 2515 et
486 2486 581 2515 rubri.

219 2536 344 2566 Mosell.
361 2540 411 2567 69.

220 2597 313 2627 Quum
325 2595 426 2619 virides
437 2595 508 2627 algas
520 2599 547 2620 et
558 2595 636 2620 rubra
646 2596 749 2621 corallia
759 2597 845 2622 nudat

223 2636 323 2665 AEstus‚
334 2638 361 2660 et
372 2635 502 2666 albeum,
519 2636 684 2660 concharum
696 2637 827 2668 germina,
843 2636 945 2662 baccas.

224 2684 419 2720 Quinetiam,
442 2687 575 2725 lapidem
598 2687 738 2726 quemvis
763 2687 866 2726 potius
881 2688 947 2717 Lu-

223 2735 319 2765 cretio
335 2737 472 2774 positum
488 2748 565 2775 esse,
588 2749 684 2779 quarn
699 2749 807 2769 vocem
820 2749 949 2779 genera·

224 2785 290 2815 lem
305 2786 514 2829 frigidamque
529 2792 706 2829 cceruleum,
728 2797 794 2821 tam
815 2791 874 2821 loci
903 2797 950 2822 to-

225 2837 290 2867 tius
305 2838 439 2868 rationes
453 2842 612 2878 probabile
624 2843 755 2880 faciunt,
771 2854 866 2884 quam
875 2843 952 2882 Epi·

228 2888 336 2928 phanii
352 2902 611 2931 αποσπαο-μκτιον,
627 2895 711 2934 quod
724 2895 877 2926 Salmasio
885 2895 953 2926 lau-

626 2485 749 2516 Pariter
772 2486 945 2526 Ausonius,

230 2940 340 2972 datum
362 2941 488 2974 invenio
511 2944 543 2974 in
568 2945 722 2977 Plinianis
737 2946 815 2988 ejus,
838 2957 867 2987 p.
882 2951 955 2979 585.

954 606 985 630 et
1000 610 1063 640 quo
1078 599 1158 629 nihil
1173 598 1321 628 Lucretio
1336 597 1520 629 illustrando
1536 599 1685 630 conveni-

955 652 1059 682 entius
1074 650 1243 681 desideres:
1270 653 1302 681 ‘O
1320 664 1395 682 ταων
1412 664 1519 693 χρυσιῳ
1534 665 1584 681 και
1596 665 1686 694 αργυ-

956 718 1000 745 ριῳ
1015 715 1217 736 κατωπαστες
1246 714 1297 736 ‘⁷83
1322 715 1469 745 πτερυγας
1494 715 1651 736 κεκτῆται·
1676 703 1689 733 ὅ

958 755 984 786 δε
1014 756 1098 794 pom}
1121 755 1339 798 ὝΑΚΙΝΘῼ,
1373 768 1423 785 και
1450 758 1689 802 ΣΜΑΡΑΓΔῼ,

960 827 1010 845 και
1041 817 1179 844 Areon:
1207 819 1392 843 mmmmm.
1437 811 1591 842 Phaedrus
1614 818 1692 848 item

959 866 1049 896 nobis
1064 865 1282 904 adstipulatur,
1307 864 1350 894 iii.
1370 868 1417 895 18.
1438 868 1466 896 7.

990 927 1065 951 Nitor
1076 926 1205 957 smaragdi
1216 926 1276 950 collo
1287 926 1433 957 praefulget
1450 930 1509 956 tuo,

988 966 1120 997 Pictisque
1131 965 1229 997 plumis
1241 972 1377 998 gemmeam
1388 965 1498 989 caudam
1512 973 1549 990 ex
1555 966 1645 998 plicaS.

962 1019 1039 1056 Ubi,
1065 1029 1122 1057 pro
1149 1020 1256 1055 Μιον,
1277 1017 1388 1047 malim
1420 1019 1525 1055 Vz'ror,-
1542 1029 1612 1059 quae
1633 1029 1693 1049 vox

963 1071 1122 1109 Vitruvio,
1146 1076 1177 1100 et
1191 1069 1346 1100 inferioris
1362 1070 1420 1099 aevi
1442 1070 1551 1100 multis
1565 1071 1694 1110 scripto-

963 1123 1061 1160 ribus,
1084 1127 1232 1161 usurpata
1247 1128 1305 1151 est:
1333 1131 1403 1159 nec,
1426 1121 1451 1150 si
1467 1121 1573 1151 locum
1591 1128 1693 1152 atten-

963 1175 1026 1204 tius
1049 1173 1206 1213 inspicias,
1229 1172 1322 1205 facile
1349 1172 1466 1210 credes,
1491 1172 1579 1203 aliter
1604 1173 1695 1203 Phae-

965 1227 1058 1257 drum
1074 1226 1205 1256 scribere
1221 1225 1366 1264 potuisse.

965 1278 1033 1308 dice
1048 1277 1238 1315 fabularum,
1261 1277 1322 1306 fab.
1338 1276 1403 1307 xiii.

1413 1224 1517 1263 Idem,
1533 1225 1567 1254 in
1579 1234 1695 1265 appen-

996 1350 1019 1373 Ο
1030 1348 1035 1372 !
1056 1350 1158 1379 quanta
1170 1347 1262 1371 vultus
1273 1347 1373 1377 species
1385 1350 1435 1376 est,
1451 1346 1561 1378 perdix,
1577 1346 1633 1370 tui!

998 1388 1095 1413 coralla
1107 1391 1236 1416 rostrum,
1253 1393 1331 1411 crura
1342 1386 1454 1410 vincunt
1467 1392 1595 1417 purpurae

998 1428 1152 1459 Fulgorem.

970 1483 1068 1522 Apud
1084 1481 1275 1519 Ezekieletn‚
1291 1481 1395 1511 xxviii.
1415 1484 1462 1511 15.
1479 1481 1597 1510 colores
1613 1481 1701 1510 simi-

969 1534 1014 1565 les
1044 1534 1273 1570 consociantur,
1298 1534 1409 1563 viridis
1436 1543 1472 1562 ac
1494 1534 1704 1563 rubert—nat

972 1584 1148 1628 σμαραγδον,
1173 1598 1223 1614 και
1238 1585 1380 1625 ανθρακα.·
1414 1593 1490 1612 nam
1505 1584 1658 1613 curalium
1674 1588 1706 1612 et

972 1638 1175 1669 carbunculus
1191 1636 1276 1666 idem
1291 1635 1405 1665 lucent.
1434 1635 1502 1665 Nec
1517 1634 1624 1664 minus
1638 1635 1706 1664 haec

972 1689 1114 1720 colorum
1130 1688 1260 1718 societas
1271 1686 1355 1726 apud
1373 1686 1537 1724 Ovidium,
1560 1697 1658 1717 amor.
1674 1686 1708 1716 ii.

973 1747 1004 1773 6.
1026 1745 1076 1772 21.
1099 1739 1267 1774 invenitur,
1291 1737 1432 1768 Lucretii
1456 1737 1531 1775 mei,
1554 1743 1590 1767 ut
1616 1737 1704 1778 equi-

975 1794 1048 1825 dem
1063 1793 1206 1829 dixerim,
1230 1791 1315 1822 haud
1330 1791 1562 1820 immemorem:

1006 1865 1052 1888 Tu
1062 1867 1169 1895 poteras
1179 1862 1280 1886 virides
1290 1861 1385 1892 pennis
1395 1860 1524 1885 hebetare
1535 1858 1692 1891 smaragdos,
1705 1883 1709 1889 ,

1039 1905 1140 1929 'Tincta
1151 1909 1246 1935 gerens
1257 1902 1332 1926 rubro
1344 1900 1442 1926 Punica
1454 1904 1539 1925 rostra
1550 1907 1627 1924 croco.

981 1965 1045 1995 His
1060 1964 1157 1994 finem
1179 1964 1320 2003 imponet
1341 1961 1428 1992 locus
1444 1960 1588 1991 Philonis
1601 1960 1708 1992 Judaei

981 2015 1258 2053 luculentissimus,
1282 2020 1313 2044 et
1327 2013 1367 2043 ad
1379 2023 1484 2043 versus
1499 2012 1596 2042 nostri
1611 2012 1711 2051 po'e'tae

983 2067 1183 2098 illustrandos
1194 2066 1281 2107 quasi
1291 2065 1329 2096 de
1341 2064 1493 2095 industria
1508 2063 1709 2102 compositus.

984 2121 1096 2150 Exstat
1118 2119 1151 2148 in
1166 2118 1271 2148 libello
1293 2117 1334 2148 de
1348 2118 1502 2153 ebrietate,
1525 2126 1554 2154 p.
1570 2118 1642 2144 585.
1661 2114 1710 2144 ed.

985 2171 1097 2210 Blang.
1121 2175 1172 2200 Τον
1189 2168 1217 2200 δε
1231 2181 1345 2208 auxerat
1361 2180 1412 2200 τῆς
1433 2178 1592 2207 §reptem-sp&
1607 2178 1631 2196 εν
1647 2166 1711 2197 ›²721-

983 2234 1071 2254 δίκαις
1088 2233 1194 2260 duva&
1208 2232 1224 2250 8
1239 2229 1415 2251 nwnvono'oes
1433 2230 1531 2258 μυρίας
1548 2228 1714 2257 χρωματων

988 2279 1189 2303 αλλαττοντοι
1204 2270 1292 2307 ιὸεας,·
1318 2284 1334 2303 η
1351 2282 1405 2310 ⁸76¹
1422 2276 1550 2309 φωνικεν,
1575 2281 1624 2298 και
1640 2280 1714 2298 κυα-

988 2337 1041 2362 νεν,
1067 2328 1273 2355 ΠΎΡΩΠΟΝ
1291 2335 1322 2353 τε
1338 2335 1375 2352 αν
1391 2335 1440 2351 και
1456 2318 1650 2362 ανθρακοειῖες,
1673 2332 1716 2350 em

987 2376 1014 2407 δε
1040 2382 1176 2407 ΩΧΡΟΝ
1199 2389 1251 2406 και
1275 2379 1464 2411 ΕΡΎΘΡΟΝ,
1490 2373 1524 2414 (i.
1540 2383 1566 2402 e.
1587 2373 1715 2402 viridem

988 2433 1024 2457 et«
1032 2429 1157 2458 rubrum
1168 2443 1178 2463 ;
1202 2426 1273 2456 vide
1283 2425 1373 2466 Virg.
1390 2424 1460 2455 Cul.
1480 2427 1548 2454 142.
1567 2423 1630 2454 Cir.
1643 2424 1716 2454 225.

988 2481 1221 2519 smaragdinum
1234 2483 1265 2508 et
1275 2479 1391 2508 curalio
1402 2475 1552 2515 similem)
1569 2488 1619 2505 και
1631 2480 1718 2505 αλλοι

991 2530 1170 2562 vrowa-&ava
1185 2543 1263 2571 ισχει
1274 2541 1436 2571 χρωματα,
1460 2528 1494 2558 ὦν
1510 2525 1554 2557 εδε
1571 2539 1625 2560 τας
1642 2532 1718 2557 κλη-

991 2596 1044 2617 σεις
1061 2583 1150 2625 ῥᾳδιον
1165 2594 1427 2622 απομνημονευσοιι;

993 2634 1181 2669 Quumvero
1190 2632 1342 2674 quosdam
1348 2631 1526 2662 noverimus
1535 2627 1662 2668 experti,
1668 2625 1717 2656 vel

992 2686 1163 2716 affectuum
1186 2685 1413 2716 invidiosorum
1437 2680 1620 2723 aegritudine
1639 2677 1717 2708 adeo

994 2737 1166 2775 infestatus,
1188 2743 1225 2767 ut
1239 2745 1406 2778 generosos
1413 2727 1541 2774 plausus
1554 2735 1636 2760 recte
1651 2728 1719 2759 aliis

995 2790 1242 2830 excogitatorum
1264 2792 1420 2829 nequeant
1434 2796 1452 2815 a
1467 2794 1498 2814 se
1518 2787 1719 2822 extorquere3

996 2841 1045 2870 vel
1067 2841 1100 2870 in
1123 2841 1304 2871 universum
1319 2838 1362 2869 rei
1383 2835 1507 2872 criticae,
1530 2833 1723 2873 conjecturas

999 2893 1092 2924 etiam
1105 2892 1275 2924 modestius
1284 2887 1449 2925 exercenti,
1460 2896 1552 2926 prave
1562 2884 1721 2921 inimicos3

999 2947 1080 2977 hanc
1094 2950 1202 2976 notam
1225 2942 1326 2974 studio
1336 2939 1534 2972 laboriosiore
1549 2937 1723 2969 deduxera-
