1894 3253
526 249 760 298 LIBER
815 248 1228 299 SECUNDUS.

1540 255 1633 300 199

275 380 344 422 Ad
365 395 542 422 summas
564 396 771 439 emergere
791 397 903 437 opeS‚
925 396 1143 438 rerumque
1162 382 1298 437 potiri.

332 454 373 496 O
393 456 558 497 miseras
578 455 793 497 hominum
814 455 1007 497 menteis!
1045 472 1069 497 o
1089 465 1258 512 pectora
1279 455 1406 498 caeca!

192 533 239 568 15
273 528 473 578 Qualibus
493 530 536 570 in
557 530 735 571 tenebris
757 531 866 579 vitae‚
896 530 1141 585 quantisque
1160 531 1337 586 periclis,

270 602 449 659 Degitur
468 603 582 644 hocc'
602 604 693 654 aevi,
716 603 1036 659 quodquomque
1057 603 1135 644 est!
1172 604 1324 645 Nonne
1345 604 1482 646 videre
1502 612 1576 656 est,

124 760 147 775 ‘⁴
157 763 310 797 praeseans
344 762 376 787 et
398 757 537 798 ingenio,
568 764 598 788 et
624 758 851 798 dile'gcntz'd—:”

125 808 233 838 malim
249 814 367 847 tamen,
377 819 451 839 cum
463 809 515 839 Pii
527 810 716 840 membranis
725 810 851 850 quibus-

120 859 207 898 dam,
233 860 274 890 ad
289 860 332 891 iii.
354 865 404 891 62.
424 867 596 901 ]›erstaute;
623 862 643 892 i.
666 872 692 892 e.
714 873 852 902 perseve-

123 913 413 952 rante—pertinaci.
452 914 614 951 Horatius,
632 920 685 945 sat.
702 915 733 946 ii.
750 918 778 946 5.
791 919 841 948 59.

245 973 344 1002 Per-sta,
355 976 438 1003 atque
449 971 559 998 obdura.

124 1011 292 1049 Caeterum,
319 1013 442 1054 integra
457 1013 518 1043 loci
534 1014 635 1044 oratio
659 1014 732 1044 satis
746 1020 849 1044 osten-

123 1063 182 1102 dit,
209 1065 333 1105 Sisyphi
354 1065 538 1106 imaginem,
565 1066 604 1096 de
629 1077 691 1107 quo
706 1066 797 1106 plura
811 1067 851 1097 ad

120 1115 164 1145 iii.
183 1118 271 1148 1015.
285 1116 391 1146 animo
404 1117 541 1147 Lucretii
551 1123 734 1156 praesentem
744 1117 850 1156 fuisse,

122 1166 148 1195 si
164 1167 307 1197 attendas
323 1167 514 1198 dictionibus
538 1168 712 1209 sigillatim:
740 1172 851 1201 nucleis

121 1224 211 1257 utque
219 1221 850 1252 dics—niti-lahore—summas—emer-

117 1281 197 1309 gere.
243 1271 370 1311 Dignus
394 1277 448 1308 est,
474 1271 527 1313 qui
544 1271 769 1310 committatur,
786 1273 847 1302 Te-

121 1324 215 1354 rentii
238 1324 338 1362 locus,
365 1325 461 1355 simili
483 1327 647 1355 verborum
674 1326 848 1357 efficacium

121 1374 226 1415 vigore
240 1377 415 1414 roboratus,
433 1376 518 1406 And.
534 1376 572 1407 iv.
593 1379 618 1407 1.
634 1380 684 1407 55.

153 1434 219 1465 Ego,
230 1434 378 1466 Pamphile,
386 1420 441 1460 lioc
453 1434 502 1459 tibi
513 1442 560 1467 pro
572 1436 680 1460 servitio
693 1436 777 1462 debeo
784 1445 793 1467 ς

154 1474 244 1498 Conari
255 1475 381 1505 manibus,
390 1475 506 1507 pedibus,
516 1475 641 1507 noctisque
652 1480 675 1500 et
685 1476 746 1506 dies,

151 1514 253 1545 Capitis
261 1515 392 1546 periclum
403 1515 486 1545 adire,
498 1517 563 1539 dum
576 1516 673 1547 prosim
687 1517 744 1540 tibi.

163 1564 239 1594 Ver.
262 1568 307 1595 15.
330 1577 495 1605 emergere:
523 1566 691 1604 εξαναδωαι·
708 1567 794 1608 quasi
810 1579 849 1598 ex

117 1617 182 1646 luto
200 1618 338 1655 vilitatis,
354 1628 391 1647 ac
406 1617 563 1656 profunda
587 1628 692 1648 rerum
719 1619 846 1650 colluvi-

119 1677 191 1705 one,
230 1668 342 1708 quibus
380 1669 565 1700 immersum
596 1670 709 1710 vulgus
742 1672 846 1702 haeret.

118 1717 238 1757 Livius,
269 1719 288 1750 i.
320 1723 365 1750 13.
392 1724 420 1752 5.
461 1724 482 1739 ‘⁶
502 1721 752 1752 Monumentum
781 1723 847 1763 ejus

118 1773 139 1786 “
155 1779 281 1809 pugnae,
298 1771 352 1800 ubi
367 1783 401 1801 ea:
413 1771 570 1812 prqf'undci
591 1784 721 1804 emersus
730 1776 847 1813 palude

119 1823 142 1837 ‘⁸
157 1830 256 1860 equus
273 1822 419 1852 Curtium
434 1823 467 1852 in
478 1823 558 1853 vado
569 1824 707 1854 statuit.”
752 1825 849 1856 Vale-

118 1872 184 1902 rius
208 1874 382 1913 Maximus,
413 1876 444 1906 ii.
473 1880 521 1907 10.
545 1881 574 1908 6.
610 1882 631 1896 “
650 1879 784 1918 Marius,
815 1881 849 1911 in

119 1928 142 1942 “
157 1923 344 1966 prqfumlmn
372 1927 557 1957 ultimarum
580 1929 776 1960 miseriarum
791 1932 844 1962 ab·

121 1977 144 1992 “
158 1974 467 2014 jectus,—beneficio
489 1980 668 2020 majestatiS‚
694 1984 844 2014 emersit.”

121 2028 210 2058 Hinc
225 2029 370 2067 praeclare
384 2030 405 2061 J
408 2031 557 2068 uvenafis,
574 2032 616 2062 iii.
637 2037 704 2064 164.

134 2088 211 2111 Haud
228 2087 306 2113 facile
317 2094 455 2122 emergunt,
466 2098 584 2122 quorum
602 2092 745 2117 virtutibus
760 2094 848 2119 obstat

139 2127 189 2151 Res
199 2130 312 2158 angusta
324 2128 407 2153 domi.

163 2175 243 2206 Ibid.
259 2187 420 2218 rerumque
430 2180 545 2218 poliri:
564 2190 600 2210 ac
617 2180 642 2210 si
658 2182 774 2211 montis
785 2182 846 2212 fas-

117 2226 196 2266 tigio
222 2237 332 2258 saxum
363 2229 553 2269 Sisyphium.
600 2232 744 2272 Ovidius,
771 2240 844 2265 met.

121 2277 162 2307 xi.
174 2281 250 2310 559.

244 2338 336 2362 Vernae
347 2340 458 2364 Parnasi
469 2341 573 2373 potitur.

165 2377 240 2407 Ver.
258 2381 307 2408 14.
330 2382 472 2412 miseras:
501 2388 537 2413 Δ.
553 2386 689 2416 nescias:
715 2392 747 2416 et
760 2398 843 2417 men--

119 2430 176 2459 teis
190 2431 358 2468 hominum,
376 2433 502 2463 vocibus
516 2437 717 2475 transpositis,
735 2444 776 2468 Π.
793 2440 846 2478 qui

121 2481 155 2510 in
170 2486 303 2522 utroque
318 2482 386 2512 loco
401 2484 505 2515 scribit
523 2488 578 2524 ΟΙι,
591 2497 653 2517 non
674 2490 715 2519 0!
735 2490 845 2520 Varie-

119 2537 218 2562 tatem
242 2533 384 2563 lectionis
409 2534 442 2564 in
469 2536 643 2575 Lactantio,
668 2539 687 2568 i.
719 2543 767 2569 21.
790 2541 844 2571 fin.

119 2586 239 2622 sculcas,
256 2595 311 2623 pro
325 2588 464 2625 miseras,
480 2587 582 2618 fallaci
598 2589 753 2629 scriptoris
768 2592 845 2631 poli-

120 2634 234 2665 tissimi
250 2637 408 2667 memoriae
424 2634 593 2670 tribuerim.

120 2687 214 2718 Forte
228 2698 269 2718 an
291 2688 456 2720 Lucretius
482 2701 607 2721 versum
632 2692 846 2733 Lucilianum,

119 2748 215 2778 quem
236 2739 270 2770 in
287 2751 363 2770 usus
384 2743 523 2782 proprios
553 2744 685 2783 sumpsit
711 2745 846 2785 Persius,

122 2791 162 2819 ob
177 2791 283 2822 oculos
300 2794 457 2824 habuerit:

152 2849 176 2872 O
193 2856 268 2874 curas
289 2851 448 2878 hominum!
476 2855 498 2878 O
518 2858 651 2886 quantum
670 2859 709 2880 est
727 2856 753 2880 in
770 2857 846 2881 rebus

243 2890 339 2916 inane!

124 2936 306 2975 Capitulum
321 2940 439 2973 interea
451 2943 659 2984 sequentium,
677 2954 716 2975 ne
727 2945 845 2985 tyroni-

165 2995 253 3026 Vo1..
273 2998 297 3028 Ι.

896 761 965 797 bus,
993 759 1071 789 forte
1087 758 1214 789 fortuna
1240 758 1273 788 in
1296 758 1375 790 illud
1399 760 1620 800 incidentibus,

896 820 1017 840 moram
1033 810 1160 850 injiciat,
1185 815 1278 849 prout
1293 810 1455 840 exhibetur
1470 811 1503 840 in
1518 811 1623 842 codice

897 860 1148 899 vindobonensi,
1168 861 1380 891 SARTosts
1402 872 1540 892 STATEs
1559 873 1622 893 CA-

898 922 1094 949 τΑετεΜΑ;
1118 911 1270 942 sincerius
1295 912 1491 953 aliquantulo
1515 923 1622 944 exara-

896 963 995 993 turin
1011 963 1148 994 editione
1164 964 1352 1002 Veronensi,
1379 964 1419 994 ad
1444 966 1525 995 hanc
1549 976 1622 996 nor-

895 1025 994 1044 mam:
1023 1018 1046 1033 ‘⁴
1066 1015 1232 1045 Sarcoseus
1256 1015 1290 1045 id
1305 1021 1351 1045 est
1372 1026 1474 1046 sarcos
1488 1023 1623 1047 eustates

895 1068 916 1083 “
933 1071 1001 1095 cata
1017 1066 1181 1096 schema:’'
1206 1065 1290 1107 quod
1301 1066 1393 1105 valet,
1406 1069 1501 1106 probe
1516 1068 1622 1098 evolu-

894 1123 975 1157 tum,
997 1125 1028 1149 et
1045 1119 1163 1149 Graecis
1178 1119 1273 1149 literis
1289 1119 1484 1158 distinctum,
1512 1126 1623 1163 Σαρκας

896 1173 1024 1204 ευσταθες
1043 1183 1237 1209 navans-apta.
1284 1170 1357 1200 Hoc
1380 1178 1486 1200 autem
1508 1178 1554 1201 est
1570 1183 1622 1203 vo-

894 1222 1029 1260 luptatis,
1045 1221 1094 1251 vel
1110 1221 1227 1251 summi
1242 1221 1329 1259 boni,
1343 1222 1499 1260 Epicurea
1511 1223 1621 1254 defini-

891 1272 944 1308 tio,
961 1282 1056 1312 quam
1071 1272 1210 1302 invenies
1225 1272 1309 1312 apud
1335 1274 1376 1303 A.
1401 1273 1555 1312 Gellium,
1580 1275 1622 1306 ix,

893 1330 921 1357 5.
937 1326 1035 1357 initio.

936 1379 1010 1408 Ver.
1042 1381 1088 1409 15.
1117 1379 1279 1413 Qualibus:
1315 1379 1357 1409 V.
1377 1379 1429 1410 ed.
1468 1381 1621 1419 Qualibet,

892 1439 928 1464 ut
942 1433 1096 1463 nonnulla
1108 1433 1202 1464 etiam
1214 1434 1370 1465 Lactantii
1383 1435 1582 1475 exemplaria,
1598 1436 1621 1468 l.

893 1496 918 1515 c.
934 1485 1003 1515 vide
1018 1485 1038 1515 i.
1054 1488 1144 1516 1027.

935 1537 1016 1566 Ibid.
1038 1538 1215 1567 intenebris
1231 1539 1309 1568 υἱέα).
1353 1537 1518 1578 Virgilius,
1545 1539 1620 1570 AEn.

892 1588 923 1618 ii.
940 1592 988 1619 92.

891 1646 1032 1677 Adflictus,
1047 1646 1134 1672 vitam
1145 1646 1170 1670 in
1181 1646 1299 1676 tenebris,
1310 1646 1450 1678 luctuque,
1462 1648 1613 1673 trahebam.

934 1696 1014 1727 Ibid.
1038 1698 1221 1736 quantisque
1241 1697 1376 1736 periclis.
1415 1696 1519 1736 Idem,
1545 1698 1618 1729 ibid.

890 1749 929 1778 vi.
946 1751 1019 1779 695.

1114 1815 1215 1847 quantis
1224 1816 1369 1846 jactatum,
1379 1820 1454 1846 nate,
1464 1816 1574 1848 periclis.

935 1866 1010 1896 Ver.
1028 1869 1077 1896 16.
1099 1867 1252 1904 Degitur:
1280 1865 1405 1895 Nonius
1422 1866 1456 1895 in
1471 1876 1555 1901 voce,
1578 1866 1617 1897 iv,

893 1920 961 1949 117.
984 1918 1304 1956 Dege'nzus.—nonne:
1333 1923 1372 1946 Π.
1386 1920 1619 1948 uena—videre

889 1975 950 2000 est.-
964 1969 1008 1998 sic
1022 1975 1067 1998 Ω..
1080 1973 1111 1997 et
1121 1967 1287 1997 emaculati
1298 1967 1418 1997 codices
1430 1967 1496 2004 Pii;
1516 1974 1547 1997 et
1555 1969 1618 1998 veri

892 2020 1090 2051 simillimum
1112 2019 1243 2055 videtur,
1270 2033 1302 2049 ero
1317 2025 1361 2050 est
1386 2019 1538 2049 omissum
1553 2031 1619 2050 esse

891 2073 925 2102 in
943 2073 982 2102 G.
997 2072 1035 2102 L.
1056 2073 1102 2101 M.
1120 2071 1170 2100 hie
1185 2072 1272 2101 enim
1287 2071 1358 2101 fons
1377 2071 1553 2101 uberrimus
1569 2082 1618 2101 er-

893 2124 979 2160 roris,
1007 2124 1046 2153 ob
1073 2123 1233 2163 angustias
1255 2123 1369 2152 chartae
1392 2133 1455 2152 non
1472 2133 1551 2161 raro,
1579 2123 1619 2153 ad

891 2175 970 2206 fines
984 2184 1140 2206 versuum.
1186 2175 1260 2204 Hoc
1275 2174 1375 2204 codici
1390 2180 1495 2204 nostro
1512 2180 1546 2204 Δ.
1561 2185 1618 2203 sae—

890 2230 1016 2269 pissime
1032 2229 1145 2267 evenit,
1168 2240 1269 2269 quum
1294 2228 1461 2258 minimam
1482 2228 1618 2258 formam

888 2282 1009 2312 habeat.
1030 2281 1062 2315 ,V
1065 2281 1129 2311 ind.
1146 2281 1183 2310 P.
1200 2280 1240 2310 V.
1256 2278 1303 2309 ed.
1319 2279 1357 2309 Β.
1376 2278 1414 2308 Ο.
1432 2283 1467 2308 Δ.
1484 2284 1524 2308 Π.
1536 2280 1618 2309 vide-

890 2336 947 2364 tis:
974 2338 1008 2364 Σ.
1032 2339 1138 2362 autem
1157 2338 1324 2371 utramque
1347 2330 1527 2367 lectionem,
1551 2336 1631 2368 tam,

889 2388 998 2420 videre,
1016 2395 1111 2424 quam
1126 2385 1244 2419 videtis,
1267 2382 1399 2413 exhibet.
1446 2381 1542 2411 Nuda
1556 2381 1619 2412 lec-

890 2435 934 2464 tio
956 2434 1133 2474 vulgarium
1156 2433 1342 2471 editionum,
1371 2447 1404 2464 το
1419 2436 1520 2464 videre
1536 2433 1618 2462 scili-

890 2492 949 2523 cet,
965 2485 1087 2515 nemini
1097 2495 1161 2515 non
1173 2485 1244 2525 jure
1253 2484 1446 2524 displicuerit
1455 2495 1492 2513 ex
1506 2494 1617 2514 venus-

889 2537 1031 2574 tioribus,
1044 2537 1077 2567 ni
1092 2537 1239 2567 fallimur.
1285 2537 1394 2574 Porro,
1405 2536 1444 2566 de
1455 2537 1617 2576 orthogra-

890 2588 963 2626 phia
978 2589 1071 2625 hocc’,
1087 2587 1193 2619 redeas
1215 2589 1374 2618 observata
1388 2587 1422 2616 in
1438 2587 1457 2617 i.
1474 2591 1545 2618 695.

934 2640 1006 2670 Ver.
1032 2643 1080 2670 17.
1111 2641 1191 2670 nisi:
1219 2640 1261 2668 V.
1287 2638 1333 2668 ed.
1366 2645 1406 2668 Π.
1435 2645 1479 2669 Ω.
1497 2651 1617 2670 nec.—

890 2694 962 2730 quoi
968 2705 979 2720 r
1004 2691 1047 2721 sic
1074 2691 1111 2721 P.
1141 2691 1195 2720 sed
1221 2701 1330 2720 omnes
1352 2690 1415 2726 alii,
1439 2693 1508 2731 que}
1532 2692 1618 2722 haud

890 2742 985 2771 dubie
999 2752 1055 2780 pro
1071 2744 1134 2778 cui,
1150 2741 1199 2771 vel
1215 2744 1303 2781 quoi:
1330 2742 1367 2771 B.
1383 2753 1452 2781 quo,
1475 2742 1501 2771 si
1516 2743 1563 2772 fas
1577 2743 1618 2772 sit

889 2792 1021 2822 credere.
1054 2792 1215 2822 Bentleius
1227 2793 1322 2822 etiam
1332 2792 1503 2833 legendum
1514 2795 1616 2834 jubet,

891 2844 933 2874 sie
948 2850 984 2873 ut
998 2854 1055 2873 nos
1069 2844 1231 2875 edidimus

892 2899 914 2913 “
932 2897 1090 2926 Naturam
1107 2906 1190 2932 vero,
1206 2895 1370 2936 cujuslibet
1383 2896 1532 2933 hominis,
1556 2896 1615 2925 nisi

892 2950 914 2964 “
930 2953 966 2976 ut
980 2948 1030 2978 ille
1045 2947 1203 2985 fruatur;’'
1213 2957 1267 2977 „ne
1282 2946 1316 2977 in
1331 2946 1614 2987 expediendiicon·

869 3005 899 3035 Ο
