1894 3253
177 273 267 314 170

679 265 738 312 Τ.
780 264 1159 313 LUCRETII

315 394 403 436 Nec
424 409 617 450 prorsum
637 394 785 446 facere,
809 404 855 437 ut
874 404 997 438 restet
1017 398 1153 438 minus
1173 397 1248 446 ire,
1271 397 1462 440 meando:

174 473 280 510 1005
315 469 457 524 Usque
477 469 581 509 adeo
600 469 752 524 passim
772 479 887 525 patet
907 471 1053 528 ingens
1074 471 1193 526 copia
1208 471 1344 522 rebus,

318 543 490 584 Finibus
511 544 728 599 exemptis,
752 545 795 585 in
815 554 983 587 cunctas
1005 546 1187 602 undique
1202 546 1366 601 parteis.

376 617 472 671 Ipsa
491 618 665 659 modum
686 634 812 673 porro
833 620 909 661 sibi
929 635 1068 662 rerum
1089 636 1250 661 summa
1269 635 1415 676 parare

314 690 379 731 Ne
398 692 540 746 possit,
563 701 713 734 natura
733 702 861 736 tenet:
895 696 990 750 quia
1011 711 1160 750 corpus
1181 695 1309 745 inani,

199 853 373 884 Oceanusque
382 860 466 883 sacer,
477 857 555 879 notas
568 855 696 880 collectus
707 857 734 881 in
747 864 816 887 oras,

198 894 350 918 Contentus
362 894 441 918 solito
452 894 680 926 labentiaflumina
692 900 775 921 tractu

199 934 316 963 sorbuit,
328 938 355 958 et
367 934 471 958 cunctis
484 935 608 960 distinxit
620 935 697 961 frena
709 936 825 962 fluentis.

170 1005 289 1035 Versus
305 1012 378 1035 sunt
393 1006 605 1045 praecellentes
619 1007 785 1047 elegantia.
824 1008 848 1039 J
849 1018 900 1038 am

171 1067 243 1089 vero
258 1057 296 1087 de
301 1058 440 1098 fulmine
457 1059 499 1088 sic
516 1059 580 1098 ipse
599 1060 709 1097 Carus,
726 1060 766 1091 vi.
784 1064 856 1091 395.

395 1135 542 1161 celeri—sic
546 1135 666 1167 fulmina
679 1136 766 1168 lapsu:

168 1196 200 1220 et
214 1190 286 1221 ibid.
303 1195 374 1221 55⁹.

430 1263 509 1288 celeri
522 1264 596 1288 volat
610 1265 701 1296 inpete
711 1265 805 1290 labens.

170 1320 238 1349 Nec
254 1321 370 1351 mirum
388 1322 415 1351 ei
432 1321 588 1352 videbitur
603 1324 668 1352 haec
684 1323 793 1353 omnia
808 1334 900 1354 voca-

167 1372 241 1402 bula
267 1378 332 1402 tarn
346 1375 548 1414 fluminibuS,
580 1384 676 1414 quam
695 1375 899 1415 fulminibus,

170 1425 383 1455 communiter
406 1437 496 1466 aequo
521 1427 593 1466 jure
624 1428 809 1465 consentire,
846 1428 900 1469 qui

167 1475 277 1505 animo
292 1486 400 1506 secum
414 1478 616 1516 reputaverit,
634 1477 673 1508 de
692 1479 841 1519 utrisque,
866 1486 902 1510 ut

155 1529 286 1568 fluidis,
317 1529 423 1566 poetas
445 1528 544 1569 loqui:
571 1529 714 1560 consulas
744 1530 839 1561 velim
861 1532 901 1562 de

166 1581 225 1611 hoc
241 1582 460 1612 annotationes
475 1590 595 1614 nostras
610 1584 704 1623 infra,
723 1585 764 1616 ad
778 1586 808 1616 ii.
825 1589 897 1616 383.

168 1631 281 1669 Porro,
297 1635 479 1664 celeritatem
503 1634 591 1674 lapsu
604 1636 758 1676 fulminis
780 1637 898 1676 optime

170 1684 351 1724 significari,
376 1696 500 1717 necesse
523 1694 568 1717 est
590 1688 643 1718 ille
658 1689 698 1718 sit
713 1689 745 1719 in
762 1696 902 1721 veterum

166 1736 331 1775 po'e'tarum
347 1737 467 1776 scriptis
482 1739 594 1778 hospes
609 1740 755 1770 omnium
770 1741 899 1772 novissi-

167 1797 252 1825 mus,
284 1788 339 1829 qui
369 1800 433 1819 non
468 1791 574 1821 statim
604 1792 796 1823 recordetur:
823 1794 901 1825 adeo

168 1839 430 1872 similitudinibus
445 1843 519 1873 hinc
534 1844 638 1883 petitis
658 1844 765 1874 omnia
788 1846 903 1877 redun-

167 1890 252 1921 dant.
300 1892 382 1922 Satis
410 1903 486 1934 ergo
503 1894 555 1932 sit,
579 1894 707 1925 lectores
722 1897 905 1929 amandasse

169 1952 256 1972 meos
272 1944 311 1973 ad
327 1955 374 1982 ea,
399 1956 470 1986 quae
487 1947 676 1978 contulerim
692 1959 784 1988 super
798 1950 856 1980 hac
871 1960 904 1980 re

168 1994 201 2023 in
220 1994 295 2024 silv.
316 1996 392 2025 Crit.
409 2007 436 2026 v.
457 2008 485 2035 p.
503 2001 552 2028 41.
569 2005 599 2028 et
614 1999 654 2029 ad
670 2000 855 2039 interpretes
870 2002 903 2031 in

168 2045 313 2082 Florum,
330 2046 370 2076 iv.
389 2051 418 2077 ἱ).
436 2052 487 2078 65.
512 2059 552 2079 ne
567 2050 600 2079 in
611 2051 784 2082 trivialibus
795 2058 825 2082 et
834 2064 902 2091 per-

168 2097 391 2138 vulgatissimis
417 2100 520 2130 otium
548 2103 669 2132 bonurn
692 2110 899 2135 conteramus

170 2149 301 2188 Contra,
314 2152 464 2182 celeritati
474 2151 670 2183 declarandae
681 2154 784 2192 primo
795 2156 900 2186 statim

168 2200 462 2242 intukufluminum
479 2212 587 2233 cursus
602 2204 708 2234 minus
723 2215 899 2236 accommo-

168 2250 260 2281 datus
270 2251 405 2291 judicari
420 2253 533 2292 possit;
549 2254 603 2284 sed
615 2255 785 2294 immerito,
799 2268 899 2297 quum

168 2312 206 2331 ex
222 2302 272 2340 iis,
288 2313 359 2342 quae
374 2303 488 2334 dicturi
503 2315 624 2344 sumus,
640 2308 799 2338 cumulate
807 2309 901 2348 plana

170 2363 219 2383 res
234 2353 397 2385 efficietur.
443 2355 579 2393 Plinius,
607 2363 669 2389 nat.
696 2359 766 2389 hist.
794 2369 821 2389 v.
851 2364 900 2391 10.

169 2404 208 2434 de
224 2406 321 2436 Afilo:
342 2409 363 2424 “
376 2406 502 2437 Insulas
517 2409 560 2438 ita
575 2408 758 2440 innumeras
770 2412 898 2452 spargit,

173 2460 195 2474 “
211 2457 428 2499 quasdamque
453 2466 518 2490 tam
545 2467 638 2491 vastae
661 2463 900 2503 magnitudini3‚

170 2513 191 2528 “
209 2516 252 2546 ut,
277 2521 460 2552 quanquam
476 2512 588 2553 rapidd
604 2516 768 2552 celeritate,
796 2522 901 2547 tamen

170 2564 192 2579 “
209 2560 333 2592 dierum
361 2563 502 2604 quinque
532 2575 625 2595 cursu
661 2576 725 2596 non
762 2568 900 2598 breviore

170 2615 191 2629 ‘⁴
205 2613 398 2644 transvolet.”
445 2615 583 2655 Egregie
600 2615 695 2647 Silius
709 2617 847 2654 Italicus,
858 2619 900 2649 iii.

169 2665 242 2693 507.
265 2664 304 2694 ad
320 2675 387 2695 rem
403 2672 543 2696 nostram
557 2667 644 2698 facit:

199 2745 254 2768 Nec
265 2751 319 2769 non
331 2747 478 2778 Autololes,
490 2749 591 2774 levibus
601 2757 666 2782 gens
677 2751 755 2782 ignea
767 2751 862 2783 plantis
872 2761 880 2782 ;

199 2783 250 2807 Cui
261 2784 364 2815 sonipes
376 2793 465 2818 cursu,
477 2790 521 2813 cui
530 2790 637 2815 cesserit
648 2791 745 2815 incitus
756 2791 850 2816 amnis:

199 2824 291 2847 Tanta
299 2822 364 2855 fuga
375 2830 414 2850 est
425 2827 430 2850 !

171 2895 214 2925 Et
228 2905 365 2931 rursum,
392 2898 481 2927 nobis
506 2903 736 2939 percommode,
761 2909 796 2934 ut
817 2903 897 2934 nihil

169 2957 274 2987 supra,
290 2947 330 2978 ad
345 2958 393 2980 xv.
413 2953 484 2980 572.

959 859 1045 887 Tum,
1058 857 1111 888 qua
1120 857 1240 882 vitiferos
1252 857 1370 881 domitat
1380 857 1508 881 Praetutia
1520 857 1613 888 pubeS,

960 899 1038 921 Laeta
1047 897 1151 926 laboris,
1159 903 1246 928 agros,
1256 900 1283 921 et
1293 896 1392 928 penna,
1402 896 1557 927 etfulmine‚
1570 899 1597 921 et
1606 894 1680 919 undis

959 936 1085 966 Hibernis,
1097 940 1125 961 et
1138 936 1316 961 Achaemenio
1329 935 1444 960 velocior
1455 942 1530 965 arcu,

960 975 1065 1000 Evolat.

946 1041 1014 1071 Nec
1044 1047 1151 1071 tamen
1181 1040 1230 1070 his
1260 1040 1500 1079 tempestivitate
1535 1039 1681 1070 cesserint

946 1092 1133 1123 nobilissimi
1157 1103 1265 1122 versus
1291 1091 1392 1128 Statii,
1419 1091 1518 1121 Theb.
1542 1091 1581 1120 vi.
1604 1093 1681 1122 407.

946 1154 1024 1184 quos
1054 1144 1103 1173 hae
1129 1143 1312 1173 collationes
1342 1142 1520 1173 felicissime
1545 1141 1682 1172 illustra„

946 1196 1038 1225 bunt:

962 1268 1083 1292 Insonuit
1095 1271 1190 1292 contra
1200 1267 1377 1299 Tyrrhenum
1390 1274 1527 1298 murmur,
1544 1271 1572 1292 et
1584 1272 1678 1291 omna

961 1308 1098 1332 Exsiluere
1110 1308 1178 1332 loco.
1214 1309 1282 1339 Quae
1296 1312 1406 1332 tantum
1420 1308 1527 1332 carbasa
1536 1311 1632 1339 ponto,

961 1350 1030 1379 Quae
1043 1348 1112 1372 bello
1123 1348 1158 1372 sic
1171 1348 1235 1377 tela,
1247 1348 1340 1372 volant
1356 1350 1364 1372 ὲ
1383 1354 1446 1379 quae
1459 1347 1549 1372 nubila
1559 1347 1648 1372 coelo?

960 1388 1083 1412 Amnibus
1094 1389 1205 1421 hybernis
1218 1390 1310 1414 minor
1320 1390 1448 1421 impetus,
1461 1393 1484 1413 et
1494 1389 1571 1413 Jovis
1581 1388 1654 1420 igni:

959 1429 1075 1453 Tardius
1092 1432 1161 1453 astra
1181 1429 1293 1458 cadunt,
1314 1428 1501 1459 glomerantur
1517 1427 1618 1452 tardius
1630 1428 1681 1452 im-

1055 1471 1127 1499 bres;

964 1509 1082 1534 Tardius
1094 1517 1108 1534 e
1118 1516 1228 1534 summo
1239 1510 1379 1534 decurrunt
1380 1509 1494 1540 flumina
1505 1512 1609 1534 monte.

948 1573 998 1603 Sic
1013 1573 1214 1613 castigandus
1228 1579 1284 1611 est,
1301 1579 1395 1613 atque
1411 1572 1445 1603 in
1461 1572 1605 1602 ordinem
1627 1572 1676 1603 di-

941 1624 1109 1665 gerendus,
1126 1635 1232 1654 versus
1246 1630 1384 1665 quartus
1432 1623 1557 1664 Vulgo:

947 1695 1079 1721 Amnibus
1094 1695 1221 1727 hybernis
1233 1695 1323 1719 minor
1331 1698 1381 1725 est,
1392 1695 1482 1719 minor
1489 1694 1606 1727 impetus
1617 1695 1686 1727 igni:

947 1745 1033 1775 nude
1049 1745 1145 1774 nimis
1160 1751 1191 1775 et
1205 1744 1394 1775 indistincte.
1421 1744 1518 1774 Liber
1532 1745 1677 1784 scriptus:

961 1803 1093 1829 Amnibus
1101 1801 1227 1835 hybernis
1238 1803 1328 1827 minor
1341 1807 1369 1828 et
1379 1803 1451 1834 Jovis
1462 1803 1581 1835 impetus
1592 1803 1662 1835 igni:

949 1852 1106 1883 horridius
1120 1859 1213 1893 atque
1229 1851 1390 1890 incultiuS,
1407 1861 1502 1891 quam
1513 1851 1597 1891 quod
1611 1851 1680 1881 Sta-

948 1904 992 1934 tio
1006 1904 1154 1943 imputari
1169 1903 1290 1934 debeat.
1338 1903 1475 1941 Interea,
1492 1903 1590 1932 miror
1600 1903 1679 1933 Bar-

948 1957 1051 1987 thium
1082 1955 1125 1986 ad
1147 1957 1290 1996 hybemz‘s
1320 1957 1462 1985 amnibus
1486 1960 1519 1984 et
1536 1957 1680 1996 flumina

948 2014 1035 2038 tanto
1057 2018 1149 2046 opere
1170 2007 1306 2044 haesisse,
1331 2012 1367 2036 ut
1390 2006 1596 2046 tautologiam
1619 2007 1680 2037 Pa-

947 2060 1036 2099 pinio
1052 2069 1118 2089 non
1134 2058 1323 2088 dubitaverit
1337 2057 1510 2096 imputare3
1533 2067 1597 2086 non
1614 2067 1680 2086 me-

944 2121 1015 2143 mor
1030 2109 1158 2146 seilicet,
1175 2108 1262 2138 aliud
1285 2118 1349 2137 esse
1373 2109 1525 2149 χειμαρρον
1537 2120 1679 2148 ποταμον,

945 2160 1036 2192 aliud
1052 2166 1159 2190 autem
1171 2172 1303 2198 ποταμον
1318 2172 1422 2188 αεναον.
1447 2158 1534 2193 Quid
1545 2158 1679 2197 intersit,

944 2214 1057 2250 discas,
1075 2211 1100 2241 si
1116 2211 1202 2249 velis,
1219 2221 1238 2240 a
1253 2221 1313 2240 ver.
1331 2212 1403 2240 287.
1427 2216 1457 2239 et
1473 2210 1629 2240 annotatis
1638 2211 1679 2241 ad

944 2275 1004 2294 ver.
1022 2267 1095 2293 231.
1110 2262 1241 2302 hujusce
1258 2261 1337 2291 libri.

946 2317 1035 2347 Hinc
1057 2315 1166 2345 minus
1188 2313 1359 2344 honorifice
1374 2314 1412 2344 de
1427 2324 1537 2344 eorum
1557 2314 1678 2354 judicio

945 2368 1060 2398 sentire
1076 2367 1232 2407 cogimur,
1256 2366 1309 2406 qui
1334 2371 1476 2395 statuunt
1494 2365 1533 2395 ad
1550 2365 1679 2406 Virgilii

945 2420 1020 2450 AEn.
1036 2419 1055 2448 i.
1072 2421 1144 2448 517.
1168 2416 1434 2455 comparationem
1451 2419 1532 2447 venti
1546 2416 1676 2447 rationi-

944 2471 1003 2501 bus
1033 2470 1093 2500 loci
1125 2468 1441 2499 accommodatiorem
1471 2478 1549 2506 esse,
1579 2478 1676 2508 quam

936 2524 1094 2564 fluminis.
1141 2521 1258 2558 Adeas,
1275 2531 1345 2560 quae
1366 2531 1425 2549 nos
1440 2520 1483 2550 ibi
1499 2520 1533 2549 in
1557 2519 1676 2559 nupera

944 2576 1049 2606 nostra
1076 2577 1174 2615 poetae
1191 2575 1378 2605 nobilissimi
1403 2575 1539 2604 editione
1561 2574 1675 2604 dixeri-

944 2639 1027 2666 mus,
1057 2634 1194 2658 veterem
1218 2627 1399 2664 lectionem,
1425 2637 1556 2666 eamque
1580 2625 1675 2664 longe

944 2680 1189 2721 exquisitiorem‚
1220 2680 1253 2709 in
1276 2680 1441 2710 stationem
1471 2687 1559 2708 suam
1585 2686 1673 2706 revo-

943 2739 1063 2763 cantes:

1076 2800 1256 2832 volucremque
1266 2799 1333 2831 fuga
1341 2796 1516 2830 praevertitur
1525 2795 1647 2819 Hebrum.

944 2853 1008 2883 His
1022 2852 1256 2889 animadversis,
1273 2861 1313 2880 ne
1329 2850 1361 2879 in
1377 2848 1502 2888 longius
1516 2848 1596 2877 hanc
1609 2847 1672 2877 dis-

941 2904 1138 2943 putationem
1162 2903 1331 2936 trahamus,
1362 2899 1486 2929 abunde
1511 2904 1606 2937 patet,
1632 2909 1671 2931 u-

940 2961 1083 2996 tramque
1118 2951 1357 2985 similitudinem
1402 2950 1561 2991 proposito
1603 2949 1672 2982 Lu-
