1894 3253
627 244 864 293 LIBER
912 241 1230 292 PRIMUS.

328 377 472 428 Ludit,
494 377 597 419 lacte
617 392 732 418 mero
752 377 924 419 menteis
943 375 1131 432 perculsa
1150 374 1342 417 novellas.

1632 251 1687 294 61

1387 383 1400 393 x

386 452 518 494 Haud
538 453 663 510 igitur
682 453 845 508 penitus
865 459 1040 507 pereunt
1061 464 1365 507 quaequomque
1385 450 1576 493 videntur
1583 469 1596 501 ς

327 527 510 576 Quando
531 527 612 568 alid
633 541 686 568 ex
707 527 786 568 alio
806 526 939 567 reficit
960 526 1137 576 Natura,
1159 539 1236 566 nec
1256 524 1381 566 ullam

211 683 353 709 Adludunt
363 682 448 706 blandi
460 682 581 707 tremulis
592 683 731 713 conatibus
744 682 817 715 agni,

243 722 435 753 Lacteolasque
446 722 547 747 animas
559 722 660 747 lacteus
672 723 770 747 humor
782 722 839 747 alit.

183 783 280 814 Vides
294 782 434 823 singulas
459 793 540 823 pene
566 783 707 814 Lucretii
733 794 823 814 voces
835 781 913 813 huic

181 834 273 874 peplo
288 834 477 864 intertextas.
529 835 578 865 Sic
591 841 698 866 autem
714 834 915 866 scribendum

180 893 236 923 est,
252 886 386 917 minima
399 897 473 917 cum
488 885 647 924 violentia,
663 887 689 916 si
699 886 740 917 sis
754 887 914 926 scripturae

179 939 328 970 brevioris
343 949 479 977 memor;
495 940 614 977 blandi,
627 949 683 978 pro
689 941 817 979 pavidi:
838 949 914 968 nam

180 990 266 1031 quod
284 990 432 1031 vulgatur
446 1002 514 1021 cum
531 991 689 1027 matribus,
713 990 779 1020 vice
795 992 912 1021 conati-

179 1043 246 1081 bus,
265 1042 408 1072 Salmasii
425 1048 469 1072 est
491 1042 606 1072 misera
621 1041 808 1081 corruptela,
824 1040 912 1071 libris

180 1095 399 1132 renuentibus,
412 1105 469 1125 nec
480 1093 657 1125 volentibus
668 1093 786 1135 linguae
795 1093 913 1134 gratiis,

185 1146 297 1184 Carus,
314 1146 346 1176 ii.
364 1149 436 1176 520.

230 1205 262 1228 Et
270 1203 359 1228 satiati
369 1203 429 1235 agni
440 1203 543 1233 ludunt,
554 1203 699 1234 blandeque
709 1206 861 1228 coruscant.

226 1253 308 1285 Ibid.
324 1256 456 1285 lasciva:
482 1253 500 1284 i.
517 1264 542 1283 e.
563 1253 724 1292 petulans,
748 1259 779 1283 et
793 1253 911 1293 impor-

181 1315 260 1339 tuna
298 1308 333 1338 in
371 1307 569 1343 exsultando,
614 1314 649 1338 ut
688 1307 836 1337 Donatus
875 1306 915 1337 ad

183 1359 309 1390 Terent.
327 1360 445 1389 Heaut.
461 1369 491 1388 v.
511 1362 537 1389 1.
555 1361 604 1390 72.
620 1358 816 1398 voluptuosa,
832 1358 915 1389 ludi-

183 1411 299 1442 bunda.

228 1467 301 1498 Ver.
324 1471 395 1498 262.
414 1468 573 1507 perculsa:
600 1466 620 1497 i.
637 1477 662 1497 e.
686 1465 770 1506 quod
793 1465 836 1495 ita
859 1475 915 1505 per

183 1519 291 1549 omnia
317 1520 458 1549 membra
483 1517 619 1548 diditum
641 1517 797 1557 irrigetur,
821 1523 857 1547 ut
879 1528 916 1547 ea

184 1571 342 1611 percellat,
372 1571 537 1610 percutiat,
568 1570 617 1599 vel
646 1575 815 1608 pertentet:
845 1569 915 1599 vide

185 1633 244 1654 nos
260 1622 416 1663 superius,
432 1623 542 1654 adver.
556 1626 603 1652 15.
630 1621 679 1652 Sic
690 1621 808 1661 optime
822 1623 918 1661 scrip-

186 1681 256 1706 tum
279 1675 426 1706 exhibent
448 1685 570 1713 omnes,
595 1680 707 1714 praeter
729 1673 824 1704 vind.
853 1673 919 1714 qui,

186 1734 224 1758 ut
238 1727 313 1758 editi
328 1728 466 1769 quidam,
483 1726 692 1764 imbecilliter,
710 1736 767 1756 nec
776 1731 917 1763 venuste,

182 1790 345 1819 percussa,·
372 1778 481 1819 gustui
503 1784 609 1807 tamen
628 1777 822 1807 Creechiano
837 1776 917 1815 sapi-

185 1831 322 1861 dissime.
374 1830 534 1860 Audacter
548 1829 691 1858 fecerunt
706 1828 850 1865 editores,
863 1827 918 1867 qui

187 1882 402 1913 sincerissimis
418 1880 609 1911 membranis
623 1879 746 1910 obviam
759 1879 870 1909 iverint
879 1878 920 1908 ad

188 1932 319 1973 Virgilii
336 1933 409 1962 AEn.
426 1932 446 1961 i.
463 1935 534 1962 515.
558 1931 602 1961 sic
617 1937 700 1961 certo
716 1930 829 1961 certius
845 1930 918 1961 scri-

191 1987 300 2018 bendj:

219 2053 365 2085 Obstupuit
375 2053 454 2077 simul
465 2053 532 2084 ipse,
541 2052 622 2077 simul
632 2052 762 2085 percztlsus
772 2052 888 2078 Achates

222 2092 389 2123 Letumque,
400 2095 536 2123 metuque:

190 2159 225 2183 ut
240 2152 324 2183 idem
339 2151 411 2182 ibid.
428 2162 488 2181 ver.
506 2154 578 2182 502.

253 2214 368 2237 Latonae
380 2211 495 2235 tacitum
505 2213 649 2243 pertentant
658 2210 756 2242 gaudia
769 2215 872 2242 pectus.

194 2263 318 2298 Noster,
335 2272 361 2291 ν.
380 2264 470 2291 1222.

512 2320 618 2352 perculsi
629 2320 752 2357 membra
763 2319 858 2344 timore.

192 2369 343 2409 Longum
361 2374 425 2398 erat
447 2369 589 2408 persequi
612 2368 698 2398 locos
727 2369 922 2405 innumeros,

192 2420 278 2450 unde
293 2419 492 2449 excluserunt
508 2419 641 2449 editores
661 2419 800 2459 indignis
824 2419 924 2449 modis

195 2472 255 2501 hoc
285 2470 488 2507 vocabulum
511 2470 567 2500 sed
593 2481 663 2510 quae
693 2470 832 2500 diximus
856 2470 925 2510 jam

196 2532 293 2559 nunc,
310 2528 340 2552 et
355 2522 388 2551 in
408 2521 509 2560 priore
524 2531 614 2551 versu
630 2521 724 2551 modo
740 2527 924 2559 memorato,

196 2575 300 2605 lucem
317 2574 437 2604 dabunt
452 2579 545 2613 atque
561 2573 782 2612 adjumentum
802 2573 924 2603 lectori-

197 2627 256 2656 bus
271 2627 339 2655 haec
355 2624 530 2655 volentibus
546 2623 586 2653 ad
601 2634 733 2654 examen
755 2625 929 2654 accuratius

199 2688 352 2708 revocare.
378 2676 539 2716 Imprimis
549 2675 705 2706 audienda
717 2682 763 2705 est
777 2675 929 2706 librorum

195 2731 366 2770 proborum
392 2739 468 2766 vox;
491 2734 522 2758 et
547 2738 622 2758 suus
645 2733 768 2768 gustuS,
791 2734 823 2758 et
843 2728 929 2759 color

199 2792 274 2811 suus
288 2781 447 2817 orationis,
471 2780 642 2820 unicuique
662 2779 802 2818 scriptori
817 2789 927 2810 conce-

198 2831 334 2862 dendus:
361 2838 473 2872 praeter
499 2843 569 2873 quze
594 2831 674 2861 nihil
689 2836 805 2861 temere
820 2832 926 2862 novari

200 2884 382 2922 praestiterit.

243 2935 317 2965 Ver.
334 2939 404 2966 262.
427 2938 506 2968 lacte
522 2947 620 2967 mero:
647 2935 666 2966 i.
690 2946 716 2966 e.
744 2935 928 2976 simpliciter

956 693 1047 722 puro,
1075 692 1113 712 ex
1142 681 1289 722 ingenuis
1320 688 1441 712 naturae
1464 682 1604 713 fontibus
1633 692 1688 722 per

957 743 1097 763 meracas
1112 732 1316 773 scaturigines
1331 733 1582 765 exuberantibus.
1613 733 1690 764 Ele-

958 791 1069 825 gauter
1087 785 1235 815 Sidonius
1252 785 1456 825 Apollinaris,
1472 787 1559 825 epist.
1575 786 1619 818 iii.
1639 790 1688 818 10.

958 839 1026 860 —-“
1042 835 1091 866 ad
1125 838 1366 867 meracissimum
1399 837 1537 867 scientiae
1566 838 1689 879 sontem

960 893 980 905 “
995 886 1146 918 laudabili
1183 887 1330 918 aviditate
1367 888 1601 927 proficiscitur.”
1647 889 1692 920 Et

958 938 1059 977 ipsam
1084 945 1226 969 mentem
1255 939 1396 969 Lmretii
1429 939 1576 970 varietate
1602 939 1690 971 haud

958 990 1131 1031 injucunda
1165 990 1378 1021 Nemesianus
1415 992 1541 1030 extulit,
1579 1003 1688 1034 cyneg-

959 1046 1030 1073 227.

988 1103 1055 1125 Mox
1066 1100 1137 1125 lactis
1149 1100 1255 1132 liquidos
1266 1101 1364 1126 sensim
1376 1107 1458 1132 super
1469 1102 1539 1127 adde
1541 1101 1656 1132 fluores.-

959 1151 980 1181 i.
995 1161 1020 1181 e.
1038 1160 1132 1189 puros
1147 1156 1179 1180 et
1193 1150 1333 1191 integros
1349 1161 1450 1181 sucos.

1002 1202 1083 1232 Ibid.
1099 1204 1224 1232 mentez's
1239 1204 1386 1233 novellas:
1413 1203 1435 1232 i.
1453 1214 1479 1232 e.
1495 1209 1627 1240 teneraS,
1641 1210 1691 1235 ut-

958 1259 1029 1293 pote
1059 1258 1200 1283 recenter
1237 1259 1335 1283 natas.
1396 1253 1480 1283 Scite
1514 1254 1691 1285 Lambinus

959 1305 1032 1335 huic
1048 1304 1188 1335 admovit
1202 1304 1272 1334 loco
1294 1305 1420 1344 po'e‘tam
1443 1305 1560 1344 ipsum,
1589 1305 1629 1336 ad
1643 1306 1689 1337 iii.

961 1360 1033 1388 766.

991 1418 1098 1443 Scilicet
1110 1417 1136 1442 in
1148 1420 1243 1442 tenero
1252 1420 1408 1442 >tenerascere
1419 1424 1532 1450 cor-pore
1543 1420 1660 1445 mentem.

959 1468 1095 1500 Pulchre
1115 1470 1156 1499 G.
1176 1469 1410 1507 Nazianzenus,
1427 1469 1480 1500 vit.
1495 1480 1524 1509 p.
1545 1472 1592 1500 lo.

998 1541 1132 1566 ΨΥΧΑΣ
1147 1539 1259 1575 ανυδςυς,
1272 1549 1320 1565 και
1331 1540 1580 1567 ΧΛΟΑΖΟΥΣΔΣ
1592 1546 1637 1567 tra·

962 1614 1024 1645 quo
1040 1604 1121 1634 nihil
1136 1604 1302 1644 propositae
1318 1605 1423 1643 phrasi
1434 1605 1565 1645 cogitari
1575 1610 1696 1644 poterat

964 1656 1157 1687 illustrandae
1173 1655 1420 1687 convenientius.
1466 1657 1544 1687 Huc
1559 1657 1634 1686 facit
1658 1657 1697 1686 Il.

966 1715 998 1739 Z.
1015 1712 1091 1739 400.

1001 1769 1080 1795 Houb'
1092 1779 1128 1795 ετι
1144 1774 1236 1795 κσλτον
1249 1769 1331 1803 εχεσζ
1352 1770 1611 1801 ΑΤΑΛΟΦΡΟΝΑ.
1623 1779 1700 1799 νήπιον

1119 1826 1207 1845 αυτως.

965 1869 1083 1900 Confer
1106 1870 1225 1900 Theoc.
1251 1869 1316 1900 xiii.
1334 1870 1604 1909 48.—Caeterum,
1627 1881 1696 1901 ver-

963 1932 1059 1951 suum
1089 1922 1194 1959 series,
1228 1921 1419 1962 quibuscum
1448 1922 1538 1952 nobis
1566 1933 1617 1952 res
1639 1929 1697 1962 est,

963 1973 1070 2003 animo
1102 1973 1269 2003 Prudentii
1301 1974 1544 2004 obversabantur
1573 1973 1614 2004 ad
1641 1985 1692 2005 ca-

964 2027 1061 2057 them.
1080 2026 1135 2056 xii.
1151 2029 1221 2056 112.

1121 2111 1273 2144 'transfigit
1285 2119 1349 2144 ergo
1362 2111 1497 2142 carnifex,

1153 2154 1284 2176 Mucrone
1294 2152 1416 2177 districto
1427 2152 1529 2183 furens,

1153 2191 1338 2224 Effusa-nuper
1349 2199 1476 2224 corpora;

1152 2233 1313 2265 Animnsque
1325 2234 1439 2258 rimatur
1448 2241 1545 2257 novas.

1124 2274 1230 2298 Locum
1242 2273 1354 2297 minutis
1365 2273 1475 2297 artubus

1153 2315 1207 2339 Vix
1218 2315 1398 2346 interemptor
1411 2314 1531 2344 invenit,

1155 2357 1216 2386 Quo
1227 2356 1307 2388 plaga
1318 2356 1465 2381 descendat
1475 2359 1580 2388 potent-¹

1154 2396 1307 2427 Juguloque
1317 2398 1403 2428 major
1417 2397 1499 2429 pug'ro
1511 2399 1560 2420 est.

970 2473 1082 2501 Potens
1091 2473 1189 2511 plaga
1199 2485 1208 2501 :
1234 2471 1254 2502 i.
1265 2482 1291 2502 e.
1303 2470 1416 2511 plenus
1428 2471 1508 2501 ictus
1519 2471 1701 2500 vehemens-

968 2534 1038 2563 que.
1069 2523 1197 2563 qualem
1225 2523 1369 2553 intulisse
1399 2523 1473 2553 velit
1500 2522 1702 2554 furibundus.

973 2574 1024 2604 Sic
1048 2574 1235 2615 legendum:
1263 2574 1360 2614 vulgo
1387 2574 1548 2612 mendose,
1569 2581 1699 2615 patens,-

971 2636 1042 2666 quae
1066 2626 1159 2656 lectio
1182 2627 1284 2665 litem,
1310 2636 1411 2667 neque
1436 2626 1563 2666 injuria,
1590 2626 1704 2657 criticis

973 2678 1120 2708 incendit.

1016 2730 1093 2759 Ver.
1104 2733 1175 2760 265.
1196 2731 1314 2760 Haud:
1336 2736 1378 2760 n.
1397 2731 1475 2769 Aut,
1489 2741 1592 2761 errore
1603 2731 1704 2761 maxi-

972 2791 1023 2811 me
1040 2781 1154 2811 usitato
1160 2793 1169 2818 ;
1194 2781 1234 2811 V.
1250 2781 1297 2812 ed.
1323 2783 1601 2823 Hauon—pereunt
1610 2784 1703 2822 peni-

971 2841 1030 2869 tus,
1047 2832 1166 2863 tralatis
1181 2833 1316 2864 invicem
1332 2834 1533 2873 dictionibus,
1550 2840 1585 2867 Σ.
1602 2840 1634 2865 et
1647 2844 1704 2873 pro

970 2885 1092 2925 vulgari
1104 2897 1312 2927 quaecumque‚
1324 2887 1413 2917 nobis
1425 2888 1550 2918 exhibet
1561 2898 1702 2928 quaecon-

971 2947 1028 2977 que
1046 2943 1089 2968 Π.
1106 2937 1192 2969 haud
1206 2937 1302 2969 dubie
1317 2938 1475 2981 reliquias,
1499 2944 1624 2970 tantum
1639 2947 1703 2968 non
