1894 3253
144 275 204 314 82

642 260 703 308 Τ.
755 256 1140 307 LUCRETII

286 396 415 447 Quod
435 394 548 437 cibus
567 393 611 432 in
631 398 753 441 totas,
776 405 905 446 usque
924 390 978 431 ab
996 389 1203 431 radicibus
1222 389 1332 441 imis,

286 473 368 514 Per
387 480 553 512 truncos
573 482 620 508 ac
639 481 715 522 per
734 481 871 507 ramos
892 464 1139 506 diffunditur
1159 465 1333 506 omneis:

172 553 252 589 355
286 548 400 589 Inter
420 552 548 599 saepta
567 549 708 584 meant
727 556 862 592 voces,
884 548 925 582 et
945 540 1055 582 clusa
1075 540 1297 582 domorum

286 621 328 663 T
329 618 608 661 ransvolitant:
640 617 823 675 rigidum
842 625 1058 672 permanat
1077 615 1207 673 frigus
1227 615 1281 656 ad
1302 630 1404 656 ossa.

287 694 430 745 Quod,
453 693 531 734 nisi
550 693 690 734 inania
710 692 805 741 sint,
829 689 908 746 qua
929 697 1096 745 possent
1117 704 1292 744 corpora
1312 703 1487 745 quaeque

288 769 501 819 Transire,
522 768 637 810 haud
656 767 735 809 ulla
757 766 847 807 fieri
867 765 1028 806 ratione
1047 764 1216 805 videres.

343 844 555 900 Denique,
577 858 685 899 quur
705 841 801 883 alias
822 840 908 882 aliis
929 847 1126 895 praestare
1146 838 1331 879 videmus

149 1006 343 1047 “polubrum
374 1013 432 1043 pro
464 1001 642 1042 pulchrum,
674 1003 791 1041 colpam
821 1009 878 1038 pro

147 1062 170 1078 “
186 1058 313 1097 culpam
328 1055 476 1093 dicentes,
494 1060 524 1084 et
542 1055 703 1085 Hercolem
719 1063 776 1093 pro
788 1052 874 1082 Her-

145 1115 166 1130 “
183 1109 318 1141 culem.''
365 1109 415 1139 Ex
431 1109 490 1138 hoc
507 1113 613 1137 autem
639 1105 778 1136 Lucretii
794 1105 874 1143 loco,

144 1163 293 1195 leviorem
303 1161 460 1190 maculam
471 1161 659 1199 abstergeaS‚
669 1168 740 1198 quae
752 1157 876 1187 Cicero-

146 1226 221 1246 nem
244 1214 437 1249 dehonestat,
461 1211 500 1241 de
524 1211 599 1240 finn.
623 1210 657 1241 ii.
679 1213 730 1239 54.
770 1213 790 1227 “
810 1209 877 1238 Nos

145 1271 168 1286 “
184 1276 268 1303 vero,
280 1265 305 1294 si
317 1263 445 1304 quidem
457 1262 490 1291 in
502 1262 660 1300 voluptate
672 1266 744 1291 sunt
756 1261 875 1297 omnia,

145 1322 169 1337 “
184 1318 279 1357 longe
301 1315 501 1354 multumque
523 1322 707 1352 superamur
722 1323 740 1342 a
755 1312 875 1349 bestii53

148 1375 170 1390 ‘¹
185 1371 298 1412 quibus
314 1369 379 1408 ipsa
394 1374 475 1397 terra
489 1367 602 1406 fundit
627 1376 664 1396 ex
681 1376 746 1395 sese
765 1373 877 1405 partus

148 1427 169 1441 “
185 1421 297 1459 varios,
327 1425 422 1460 atque
444 1418 650 1455 abundantes,
674 1417 754 1447 nihil
776 1417 877 1448 labor-

149 1479 173 1494 “
190 1473 331 1509 antibus;
355 1471 445 1501 nobis
469 1477 576 1500 autem
600 1476 656 1500 aut
678 1470 739 1506 vix,
768 1477 822 1500 aut
838 1481 878 1500 ne

149 1529 172 1546 “
187 1526 239 1555 vix
269 1524 411 1565 quidem,
445 1528 614 1562 suppetunt
644 1521 746 1551 multo
775 1522 881 1553 labore

148 1586 170 1599 “
187 1577 430 1621 quaerentibus.”
468 1577 587 1617 Vulgo,
608 1583 716 1616 pastus
724 1591 734 1611 ‚·
769 1582 800 1606 at
822 1577 877 1606 ho-

150 1633 300 1669 minibus,
313 1637 451 1661 nontam
460 1637 580 1670 pastus,
593 1640 687 1670 quam
694 1636 818 1669 portus,
832 1629 880 1660 vel

139 1684 237 1725 fetus,
268 1683 391 1713 telluris
414 1688 592 1721 suppetunt.
640 1681 739 1712 Carus
762 1687 878 1720 noster,

149 1735 192 1766 iii.
210 1739 283 1767 993.

595 1792 666 1816 alma
677 1792 818 1823 liquenteis

181 1839 334 1861 Humerum
347 1839 438 1866 ,emtas
449 1838 537 1859 mater
549 1841 633 1865 quom
645 1835 731 1858 Terra
742 1834 854 1866 recepit,

183 1878 239 1900 Feta
249 1875 319 1907 parit
329 1875 426 1899 nitidas
437 1874 538 1907 fruges,
549 1875 711 1906 arbustaque
721 1874 796 1899 laeta.

153 1935 376 1970 Nemesianus,
394 1933 450 1964 ecl.
469 1933 499 1963 ii.
515 1937 566 1964 52.

184 2007 219 2031 At
230 2003 298 2028 mihi
310 2003 386 2027 Flora
397 2010 488 2027 comas
496 2003 607 2034 parienti
618 2003 740 2035 gramine
749 2004 848 2035 jungit.

154 2060 228 2091 Jam
242 2058 380 2099 fundere
395 2062 507 2096 partus
529 2056 667 2085 maxime
689 2056 813 2095 propria
837 2063 884 2086 est

153 2119 185 2143 et
198 2108 467 2151 pervulgatissima
481 2108 610 2138 locutio:
630 2108 701 2137 vide
714 2107 804 2148 Virg.
815 2119 882 2149 geo.

153 2164 176 2195 i.
194 2168 241 2194 15.
257 2162 430 2192 verissime
439 2161 636 2191 restitueram
646 2170 684 2190 ex
693 2160 887 2193 divinatione

157 2215 320 2250 Ovidium,
338 2214 406 2243 fast.
422 2213 460 2243 iv,
480 2216 530 2243 88.

187 2298 250 2304 —
260 2285 311 2308 Ver
321 2283 408 2314 aperit
419 2286 485 2306 tunc
497 2282 598 2312 omnia,
610 2282 745 2314 densaque
756 2283 828 2308 cedit

250 2324 364 2356 Frigoris
375 2323 511 2355 asperitas,
514 2323 628 2354 setaque
639 2328 709 2349 terra
717 2325 788 2357 parit
797 2333 806 2350 .-

157 2384 302 2424 gramina
316 2383 445 2420 scilicet,
469 2388 500 2412 et
521 2382 620 2414 flores.
668 2383 888 2425 Suffiagantur

157 2443 219 2467 tres
233 2436 355 2466 codices
369 2446 467 2465 manu
483 2434 598 2474 scripti.
644 2436 764 2477 Vulgo,
777 2443 863 2476 patet
873 2451 884 2471 ,-

160 2490 209 2519 cui
226 2489 352 2520 lectioni
368 2489 483 2519 frustra
499 2490 703 2519 Burmannus
714 2489 887 2528 patrocina-

161 2547 220 2571 tur.

205 2592 278 2622 Ver.
295 2596 366 2623 355.
383 2595 439 2623 ab:
467 2593 502 2623 P.
518 2591 556 2623 V.
573 2593 620 2623 ed.
638 2594 675 2624 B.
694 2600 734 2623 Π.
750 2606 779 2624 α.

207 2643 288 2674 Ibid.
314 2647 407 2681 cibus,
434 2645 474 2675 de
501 2647 649 2676 arborum
671 2646 889 2683 nutrimentis;

163 2694 248 2734 quod
264 2696 447 2734 exquisitius
462 2705 519 2736 est,
535 2705 566 2728 et
581 2699 760 2734 lectoribus,
776 2700 890 2729 harum

161 2754 361 2778 venustatum
378 2761 484 2789 sapore
499 2752 653 2783 subtiliori
669 2754 830 2791 contactis,
845 2763 892 2783 se-

164 2799 240 2830 dulo
269 2802 453 2833 notandum.
514 2806 553 2835 In
581 2807 662 2836 hanc
701 2817 768 2837 rem
798 2807 893 2847 longe

164 2853 320 2894 longeque
335 2855 585 2895 elegantissimus
601 2859 699 2889 Plinii
722 2860 810 2890 locus
836 2871 890 2891 ex-

165 2911 236 2944 stat,
263 2913 326 2937 nat.
354 2908 424 2938 hist.
448 2910 519 2939 xvii.
547 2915 641 2940 5.).-“
659 2914 801 2949 Arbores,
825 2912 892 2942 fetu

166 2961 188 2974 “
201 2959 386 2998 exinanitas,
397 2967 426 2990 et
437 2960 584 2991 foliorum
595 2973 717 3002 quoque
727 2964 893 2994 amissione

923 999 943 1015 “
960 995 1138 1036 languidae,
1161 993 1304 1024 naturale
1327 997 1374 1023 est
1400 993 1489 1024 avide
1515 996 1652 1026 esurire.-

924 1051 946 1066 “
961 1049 1046 1078 cibus
1062 1053 1170 1077 autem
1186 1056 1297 1076 earum
1312 1045 1443 1076 imber.''

964 1099 1046 1129 Ibid.
1061 1105 1149 1129 totas.
1176 1097 1226 1127 Sic
1242 1107 1353 1127 omnes
1368 1096 1451 1135 libri,
1469 1103 1562 1138 atque
1578 1108 1654 1128 cum

921 1150 1124 1191 integerrima
1138 1148 1325 1179 Latinitate:
1346 1158 1421 1179 nam
1431 1149 1471 1179 ad
1483 1149 1655 1180 dictionem

921 1202 1117 1231 usitatiorem
1141 1206 1235 1241 atque
1263 1200 1504 1240 generaliorem,
1534 1203 1658 1233 arbores

921 1253 1003 1291 dico,
1019 1253 1051 1282 iu
1067 1254 1191 1282 arbusta
1208 1252 1302 1281 tacite
1318 1253 1587 1290 comprehensam,
1605 1263 1656 1283 re-

921 1310 1043 1344 spectus
1051 1305 1198 1334 habetur:
1214 1302 1264 1332 adi
1275 1313 1361 1332 meas
1373 1303 1657 1333 animadversiones

922 1356 955 1385 in
974 1356 1067 1395 Soph.
1083 1354 1230 1385 Trachin.
1247 1358 1319 1384 260.
1335 1364 1406 1394 quae
1419 1364 1512 1393 supra
1524 1354 1657 1392 contuli,

923 1408 962 1438 ad
978 1418 1039 1438 ver.
1057 1411 1128 1438 285.
1153 1413 1182 1437 et
1208 1406 1342 1436 Arnobii
1369 1406 1487 1445 locum,
1513 1408 1571 1437 sub
1595 1417 1658 1437 ver.

924 1464 996 1491 550.
1021 1470 1085 1490 non
1115 1459 1329 1499 praetermissis
1352 1458 1391 1488 ad
1412 1458 1451 1488 iv.
1479 1462 1552 1489 438.
1583 1469 1659 1489 mox

925 1511 1139 1542 admovendis.
1186 1511 1268 1541 Haec
1294 1510 1396 1551 figura
1418 1511 1661 1541 constructionis

926 1574 1059 1594 acumen
1076 1563 1224 1593 Lambini
1240 1572 1305 1592 non
1321 1562 1443 1602 cffugit,
1460 1562 1514 1603 qui
1527 1561 1660 1602 pulchre

923 1616 1087 1646 illustravit
1103 1616 1198 1645 etiam
1222 1625 1260 1644 ex
1281 1615 1382 1644 Hom.
1400 1614 1461 1645 Od.
1480 1621 1518 1645 M.
1537 1619 1589 1653 74,
1606 1617 1659 1646 75.

924 1675 955 1699 et
982 1675 1088 1699 nostro
1110 1668 1152 1699 vi.
1178 1670 1254 1698 757.
1299 1666 1449 1696 Similiter
1479 1668 1661 1706 Anacreon,

925 1721 968 1751 iii.
989 1724 1036 1752 16.

1211 1803 1258 1820 και
1274 1792 1409 1817 ΒΡΕΦΟΣ
1421 1801 1468 1824 με,

1078 1847 1168 1879 Εσοςω,
1182 1843 1351 1869 ΦΕΡΟΝΤΑ
1363 1843 1427 1873 'rogor
1438 1851 1447 1867 :

929 1926 950 1956 i.
970 1936 995 1956 e.
1014 1924 1105 1956 παιδα
1120 1924 1153 1954 in
1169 1928 1270 1966 βρεφος
1286 1921 1517 1960 complicatum.
1549 1921 1666 1964 Neque

930 1978 1020 2008 aliter
1034 1975 1175 2006 Velleius
1186 1973 1384 2010 Paterculus,
1397 1973 1428 2003 ii.
1445 1976 1514 2004 115.
1530 1973 1583 2003 ubi
1596 1975 1664 2004 haec

927 2028 1064 2059 formula
1094 2037 1158 2057 non
1191 2027 1415 2056 Burmannum
1451 2024 1565 2060 solum,
1608 2026 1663 2056 sed

927 2080 1023 2112 etiam
1036 2077 1280 2113 Ruhnkenium‚
1308 2082 1340 2105 at
1362 2086 1458 2115 quem
1473 2076 1591 2107 virum!
1607 2087 1662 2116 pe-

928 2132 1014 2162 nitus
1029 2129 1151 2161 delusit.
1197 2132 1219 2147 ‘⁶
1239 2129 1343 2159 Caesar
1365 2127 1405 2157 ad
1427 2127 1559 2156 alteram
1588 2128 1664 2159 belli

930 2188 952 2203 “
967 2184 1139 2216 Delmatici
1153 2181 1270 2212 molem
1286 2180 1431 2209 animum
1454 2185 1548 2220 atque
1574 2190 1663 2211 arma

930 2239 951 2253 ‘⁸
967 2234 1109 2266 contulit.
1146 2233 1187 2263 In
1197 2231 1258 2272 qua
1269 2233 1403 2270 regione,
1420 2230 1505 2270 quali
1521 2230 1664 2272 adjutore

931 2290 953 2306 ‘⁴
968 2287 1133 2328 legatoque
1162 2284 1258 2314 fratre
1288 2292 1372 2319 meo,
1409 2282 1523 2322 Magio
1555 2282 1666 2313 Celere

932 2341 955 2357 “
971 2338 1150 2375 Velleiano,
1167 2346 1242 2365 usus
1256 2334 1305 2370 sit,
1324 2333 1420 2372 ipsius
1431 2333 1589 2374 patrisque
1599 2333 1667 2374 ejus

932 2390 955 2410 ‘⁶
971 2388 1192 2430 praedicatione
1208 2391 1357 2416 testatum
1372 2390 1429 2423 est,
1453 2390 1484 2414 et
1510 2384 1666 2424 amplissi-

934 2446 954 2461 ·‘
971 2451 1097 2471 morum
1127 2441 1286 2475 honorum,
1325 2436 1438 2477 quibus
1467 2435 1669 2475 triumphans

935 2498 956 2513 “
974 2503 1049 2524 eum
1067 2493 1172 2523 Caesar
1194 2491 1325 2524 ornavit,
1354 2488 1457 2529 signat
1479 2487 1667 2518 memoria.”

937 2546 998 2584 Sic,
1024 2545 1148 2584 opinor,
1172 2541 1402 2581 castigandum.
1450 2539 1666 2570 Ruhnkenius

933 2598 1079 2633 malebat,
1102 2597 1225 2627 donavit
1248 2600 1277 2624 et
1293 2596 1440 2624 donorum
1448 2608 1460 2628 ‚·
1485 2591 1569 2632 quod
1585 2590 1666 2620 mihi

934 2650 1057 2681 videtur
1072 2648 1131 2679 loci
1148 2647 1344 2687 majestatem
1361 2656 1424 2675 non
1441 2644 1615 2683 adaequare,
1635 2648 1668 2673 et

935 2712 1076 2743 premere
1093 2700 1284 2739 scriptorem.
1310 2699 1384 2728 Hoc
1400 2704 1500 2736 pacto,
1517 2695 1665 2736 denique,

936 2755 1047 2786 malim
1074 2753 1249 2784 Horatium
1275 2748 1478 2788 interpretari,
1499 2748 1551 2779 od.
1572 2748 1591 2779 i.
1616 2751 1665 2779 12.

936 2812 986 2839 46.

1073 2883 1229 2893 ..---
1238 2869 1319 2893 micat
1331 2868 1401 2892 inter
1411 2873 1494 2891 omnes

1075 2920 1176 2951 Julium
1187 2916 1268 2945 fidus,
1279 2915 1354 2939 velut
1365 2914 1435 2939 inter
1445 2913 1521 2946 ignes

1126 2967 1203 2990 Luna
1214 2963 1345 2987 minores:
