1894 3253
198 244 290 285 286
694 236 753 282 T.
813 234 1194 282 LUCRETII

342 368 397 410 Et
417 381 568 423 cycnea
586 366 704 416 mele,
739 365 1018 421 Phoebeaque,
1050 366 1210 407 daedala
1230 366 1408 418 chordis,

229 449 309 484 505
344 442 554 490 Carmina,
588 439 789 481 consimili
809 440 969 481 ratione
990 440 1185 495 obpressa
1205 441 1382 482 silerent:

342 516 536 571 Namque
557 515 644 556 aliis
665 515 775 556 aliud
795 515 1058 570 praestantius
1079 523 1334 557 exoreretur.

401 590 559 631 Cedere
578 591 676 631 item
698 598 808 630 retro
828 599 996 644 possent
1017 590 1061 630 in
1082 590 1304 631 deteriores

343 665 497 706 Omnia
519 665 575 705 sic
594 665 761 720 parteis,
797 673 842 705 ut
862 664 1042 705 diximus
1063 665 1106 704 in
1128 664 1332 706 meliores:

341 740 531 795 Namque
552 739 639 780 aliis
661 739 772 780 aliud
794 747 904 780 retro
926 754 1089 794 quoque
1110 739 1254 780 tetrius
1275 747 1378 780 esset

226 820 308 855 510
340 814 535 865 Naribus,
565 814 746 865 auribus,
784 822 906 869 atque
926 814 1068 865 oculis,
1099 814 1262 869 orisque
1283 814 1430 869 sapori.

193 971 344 1012 longioris
359 970 708 1011 indigens—smyrnce:
735 972 790 1008 sic,
814 972 923 1012 αρχαῖ-

196 1039 251 1058 κως
268 1030 298 1054 et
315 1030 467 1058 Αιολικως,
492 1024 639 1053 exhibent
656 1024 690 1053 P.
706 1023 802 1053 W'ind.
820 1024 860 1053 V.
877 1022 924 1052 ed.

193 1077 230 1106 B.
248 1076 284 1105 L.
302 1076 348 1105 Μ.
367 1080 400 1105 Σ.
417 1074 469 1104 sed
486 1080 522 1104 Δ.
543 1081 583 1104 n.
606 1081 642 1104 ut
664 1074 816 1105 editiones
839 1084 924 1105 com-

193 1137 318 1164 munes,
340 1128 475 1166 myrrlcae
486 1140 496 1160 ;
523 1132 567 1156 Ω.
583 1128 717 1156 smirnae.

193 1179 303 1216 Porro,
327 1178 423 1208 lector
448 1179 589 1208 observet
613 1178 717 1214 velim,
741 1177 926 1208 Lucretium

192 1230 236 1259 eis
259 1231 350 1259 rebus
376 1230 538 1266 inhaerere,
571 1240 640 1269 quae
665 1229 713 1259 vel
736 1229 845 1267 oculis,
875 1228 924 1258 vel

193 1281 330 1318 naribus,
351 1281 399 1310 vel
414 1281 535 1321 gustui,
558 1281 605 1310 vel
630 1281 757 1310 auribus
777 1281 922 1320 denique,

192 1334 404 1369 obversantur,
431 1331 515 1373 (vide
530 1342 589 1361 ver.
604 1332 691 1371 510.)
708 1331 795 1362 nullzi
806 1332 924 1361 interea

192 1383 291 1415 tactz‘ae's
321 1383 441 1414 ratione
465 1383 585 1421 habita;
619 1385 677 1414 hac
704 1384 854 1414 nimirum
883 1384 924 1414 de

192 1436 312 1475 caussa,
336 1437 419 1477 quod
434 1437 460 1466 is
483 1447 590 1466 sensus
616 1447 699 1466 unus
721 1436 797 1467 alios
812 1447 922 1466 omnes

193 1490 323 1529 attingat
334 1494 365 1518 et
373 1489 629 1527 comprehendat:
650 1489 715 1519 redi
727 1489 767 1519 ad
777 1499 837 1519 ver.
849 1493 919 1520 408.

238 1540 309 1569 Ver.
327 1542 398 1570 504.
423 1551 558 1580 cycnea:
588 1547 628 1570 Π.
647 1551 780 1581 cyngem
810 1547 853 1571 Ω.
869 1551 922 1580 cy-

192 1592 442 1621 miceam—mele
468 1593 613 1621 Pha-bea:
653 1598 687 1622 A.
715 1598 761 1622 Ω.
792 1594 922 1632 elaphoe-

191 1645 400 1674 brem—mele:
429 1650 469 1673 Π.
491 1646 578 1673 idcm.

237 1694 319 1724 Ibid.
344 1696 466 1724 (Iaedala
490 1697 626 1725 chordis:
653 1695 671 1725 i.
697 1706 722 1725 e.
749 1706 807 1734 ope
832 1697 922 1726 chor-

191 1746 303 1776 darum
332 1746 459 1776 variata.
519 1746 558 1776 In
590 1747 648 1776 hoc
675 1757 733 1776 usu
766 1747 922 1785 dictionis,

192 1806 347 1839 quatenus
363 1799 553 1828 carminibus
569 1800 832 1837 accommodetur,
848 1811 921 1830 auc-

192 1856 290 1879 torem
309 1849 483 1879 Pindarum
500 1856 603 1879 noster
619 1851 738 1888 habuit,
758 1850 807 1881 Ol.
820 1852 840 1881 i.
854 1854 922 1882 169.

512 1932 633 1953 κλυ-ῖαισι
647 1928 738 1953 δαιδα-

305 1979 413 2007 Magum
426 1974 504 2006 ὕμνων
515 1985 634 2007 §ruzam

191 2040 294 2079 Lyrici
324 2039 496 2069 scholiastae
522 2047 615 2080 atque
643 2041 860 2080 interpretibus
882 2042 922 2072 ad

189 2092 279 2130 Pyth.
296 2091 335 2120 iv.
353 2094 424 2121 526.
442 2101 505 2120 non
523 2092 684 2128 assentior,
709 2092 790 2122 seda
804 2093 920 2123 Lucre-

190 2143 234 2172 tio
249 2141 473 2181 expositionem
492 2141 600 2171 malim
616 2148 731 2180 petere:

261 2216 397 2241 Πολλκκις
407 2224 426 2239 εν
437 2223 466 2239 τε
477 2222 555 2247 σσςως
569 2214 706 2241 §maxum

303 2262 401 2295 Φορμιᾳ
407 2271 445 2292 70⁶
456 2261 592 2292 βαστωζων
604 2267 671 2287 erom-

333 2317 413 2338 ·rct.1.—'‚
434 2309 530 2342 ’κ’,συχιᾳι
546 2309 663 2342 θιγομειΐ

191 2373 209 2402 i,
227 2384 252 2403 e.
266 2374 460 2405 diversorum
476 2382 627 2406 cantuum
644 2386 798 2415 capacem.
832 2375 922 2406 Idem

192 2426 327 2467 denique
344 2428 437 2458 Nem.
454 2428 492 2457 xi.
509 2432 559 2458 215.

226 2493 275 2516 Kaezt
286 2491 462 2524 μελιγὸνιτωσι
483 2491 653 2517 §urbanorum-02
663 2491 791 2526 μελιζεμεν
804 2493 906 2521 σιοιδσιις.

230 2553 306 2584 Ver.
323 2557 395 2585 506.
418 2562 608 2585 emoreretur:
635 2555 732 2585 Vind.
751 2556 791 2585 V.
808 2555 854 2586 ed.
880 2557 917 2587 Β.

191 2610 230 2634 11.
249 2609 283 2635 Σ.
298 2608 482 2636 exoriretur:
509 2612 551 2644 et,
576 2616 671 2646 quam
686 2607 726 2636 ob
741 2617 806 2636 rem
822 2607 914 2646 sylla-

189 2656 228 2684 ba
249 2659 280 2686 rz'
294 2657 424 2697 hujusce
448 2658 594 2696 temporis
617 2658 702 2688 haud
728 2668 814 2698 aeque
836 2659 916 2688 bene

189 2709 285 2746 possit
299 2709 420 2750 corripi,
445 2717 537 2752 atque
554 2711 587 2741 in
610 2711 755 2750 praesenti
777 2717 917 2751 tempore

190 2759 275 2789 modi
291 2760 458 2801 indicativi,
475 2774 539 2793 non
555 2763 703 2804 equidem
719 2763 861 2801 invenio3
890 2770 920 2794 et

189 2811 256 2841 istae
271 2813 460 2844 mutationes
474 2815 615 2845 moribus
630 2815 844 2856 antiquiorum
860 2825 915 2854 po-

190 2863 311 2892 'etarum
326 2863 536 2896 adversantur.
571 2866 624 2897 Ad
633 2866 773 2897 eundern
786 2866 918 2897 modum

190 2913 325 2946 variatur
340 2925 398 2946 vox
417 2918 587 2956 potiremur
603 2917 636 2948 in
654 2918 750 2950 MSS.
767 2917 808 2948 ad
824 2918 916 2949 Ovid.

968 975 1041 1000 met.
1065 969 1128 999 xiii.
1155 972 1226 1000 250.
1255 969 1309 999 ubi
1334 968 1460 999 videndi
1485 975 1559 999 sunt
1584 969 1700 1000 eruditi

968 1029 1238 1059 commentatoreS‚
1267 1023 1322 1063 qui
1341 1023 1419 1052 mihi
1434 1024 1618 1063 neutiquam
1632 1034 1702 1062 per-

968 1075 1108 1105 suadent.
1155 1074 1225 1104 Nisi
1255 1088 1287 1105 rro
1296 1076 1416 1114 potitur
1431 1074 1464 1104 in
1485 1075 1582 1114 poetis
1598 1081 1701 1105 exsta-

968 1133 1026 1165 ret,
1051 1127 1202 1167 syllabam
1219 1126 1389 1156 secundam
1404 1127 1529 1156 brevem
1544 1126 1700 1157 exstitisse

969 1189 1063 1208 nemo
1078 1177 1266 1208 credidisset.
1311 1182 1346 1208 A.
1369 1183 1580 1208 exorerentur:
1607 1183 1701 1218 atque

968 1231 1018 1260 hic
1034 1241 1138 1260 versus
1153 1240 1226 1260 cum
1241 1230 1365 1260 duobus
1374 1231 1573 1270 sequentibus
1588 1230 1703 1260 desunt

967 1282 1004 1312 L.
1035 1288 1066 1312 et
1096 1283 1143 1312 M.
1190 1282 1230 1311 In
1257 1287 1291 1312 A.
1316 1292 1389 1312 vero
1415 1293 1491 1313 verr.
1523 1285 1597 1314 507.
1625 1285 1698 1313 508.

967 1333 1146 1372 transpositi
1163 1334 1326 1373 leguntur:
1353 1339 1457 1374 atque,
1473 1334 1506 1364 in
1519 1345 1608 1364 versu
1619 1344 1698 1374 prae·

968 1391 1074 1422 eunte,
1101 1392 1140 1415 Π.
1156 1387 1267 1415 sileret.

1012 1437 1084 1467 Ver.
1101 1441 1172 1468 509.
1195 1443 1274 1467 retro
1297 1448 1413 1477 quoque
1431 1439 1557 1468 tetrius:
1584 1437 1626 1468 V.
1649 1437 1697 1467 ed.

966 1489 1003 1518 B.
1021 1488 1060 1518 O.
1080 1495 1120 1517 Π.
1142 1493 1176 1518 Σ.
1192 1495 1330 1528 retroque
1345 1495 1379 1519 ut
1395 1491 1514 1525 acrias;
1550 1494 1585 1520 Δ.
1601 1496 1698 1520 retro-

968 1550 1023 1580 que
1040 1545 1073 1569 ut
1089 1540 1207 1569 tetrius.

1011 1593 1091 1623 Ibid.
1129 1599 1220 1624 retro.
1268 1593 1423 1632 Displicet
1446 1593 1577 1634 hujusce
1604 1593 1700 1631 vocis,

967 1656 1103 1686 prorsus,
1126 1652 1162 1676 ut
1177 1645 1310 1683 videtur,
1338 1656 1586 1684 supervacaneae,
1609 1656 1697 1685 repe-

965 1702 1042 1732 titio.
1087 1705 1142 1732 An
1158 1702 1278 1732 dederit
1294 1701 1415 1732 noster?

983 1771 1105 1801 Namque
1116 1770 1171 1794 aliis
1182 1770 1253 1794 aliud
1265 1773 1358 1793 tetrum
1372 1776 1482 1800 qnoque
1493 1769 1587 1794 tetrius
1598 1772 1664 1794 esset
1675 1776 1682 1793 :

967 1839 1030 1869 quo
1048 1829 1126 1858 nihil
1138 1829 1260 1859 facilius
1272 1829 1436 1868 aptiusque
1447 1828 1615 1858 desiderari
1625 1838 1700 1868 que-

969 1887 1009 1910 at.
1055 1881 1110 1918 Et,
1134 1880 1159 1910 si
1176 1891 1243 1909 rem
1266 1879 1427 1916 intuearis,
1452 1880 1502 1909 vix
1518 1879 1583 1909 ulla
1597 1879 1702 1909 litera-

965 1942 1039 1962 rum
1062 1932 1097 1961 fit
1126 1932 1275 1962 mutatio:
1301 1931 1491 1972 quantulum
1513 1931 1598 1961 enim
1623 1931 1704 1961 inter

965 1995 997 2014 se
1009 1984 1186 2023 discrepant
1200 1990 1280 2015 retro
1291 1990 1321 2014 et
1331 1985 1430 2014 tetro?
1448 1984 1467 2013 i.
1482 1994 1498 2013 e
1519 1989 1637 2021 letrom,
1650 1983 1700 2014 vel

965 2041 1097 2065 tetrum:
1125 2034 1197 2064 vide
1214 2035 1232 2064 i.
1250 2035 1540 2071 970.——Caeterum‚
1563 2034 1595 2063 in
1612 2045 1701 2064 versu

967 2086 1108 2124 proxime
1124 2086 1280 2123 veniente,
1307 2092 1397 2125 atque
1413 2086 1497 2115 deest
1514 2092 1554 2114 Π.

1008 2145 1083 2174 Ver.
1101 2148 1175 2175 511.
1197 2147 1294 2183 quin:
1321 2145 1340 2175 i.
1356 2155 1381 2174 e.
1407 2148 1478 2181 imo,
1502 2143 1550 2173 vel
1564 2146 1627 2182 sed,
1651 2144 1700 2174 vel

965 2195 998 2224 in
1015 2194 1109 2224 simili
1125 2195 1262 2234 quodam
1286 2194 1473 2235 significatu,
1497 2195 1587 2235 cujus
1608 2195 1699 2234 plura

966 2246 1109 2284 exempla
1124 2246 1181 2275 tibi
1197 2246 1488 2286 lexicographorum
1502 2247 1700 2277 collectiones

968 2307 1031 2327 non
1049 2297 1257 2338 denegabunt.
1305 2298 1355 2328 Sic
1381 2304 1486 2329 autem
1510 2309 1604 2329 ausus
1624 2310 1698 2329 sum

968 2360 1004 2378 ex
1037 2349 1216 2389 conjectura
1244 2350 1423 2388 rescribere,
1460 2360 1517 2389 pro
1546 2350 1699 2382 librorum

967 2401 1113 2430 onmium
1136 2400 1271 2431 lectione
1295 2404 1338 2437 in,
1372 2408 1408 2432 ut
1428 2401 1595 2441 deploratae
1620 2413 1695 2437 con-

962 2452 1141 2482 structionis
1156 2453 1266 2482 morbo
1281 2452 1431 2483 facillime
1448 2453 1597 2484 mederer.
1629 2454 1697 2484 Alii

964 2515 1037 2535 sane
1053 2504 1185 2535 editores
1207 2506 1288 2535 hanc
1307 2506 1498 2536 medicinam
1524 2506 1586 2536 alio
1602 2506 1696 2536 modo

962 2556 1179 2587 administrare
1188 2556 1371 2595 voluerunt;
1383 2558 1576 2589 inferciendii
1582 2568 1695 2596 nempe

959 2608 1180 2649 conjunctione
1195 2615 1223 2640 et
1239 2609 1278 2639 ad
1296 2609 1391 2639 finem
1408 2610 1526 2640 versus:
1560 2608 1644 2650 quod
1659 2614 1690 2639 et

962 2661 1188 2691 inconcinnum
1212 2668 1269 2700 est,
1298 2670 1392 2702 atque
1417 2662 1537 2692 duabus
1561 2660 1691 2690 rationi·

962 2714 1019 2742 bus
1034 2718 1247 2752 oppugnatur,
1263 2723 1334 2753 quae
1349 2713 1573 2743 divinationem
1587 2715 1691 2741 meam

963 2774 1001 2793 ex
1016 2763 1156 2793 Lucretii
1172 2764 1268 2803 ipsius
1283 2765 1464 2795 auctoritate
1480 2772 1603 2792 summo
1618 2772 1693 2801 ope-

963 2825 996 2845 re
1011 2815 1179 2845 stabiliunt.
1225 2815 1258 2845 Si
1281 2821 1311 2846 te
1335 2815 1374 2845 ad
1389 2814 1526 2843 indicem
1548 2813 1689 2852 recipias,

961 2866 1065 2896 statim
1080 2865 1290 2905 deprehendes
1300 2865 1491 2894 locutionem
1502 2866 1626 2895 reddere
1642 2876 1690 2895 re-

960 2920 1026 2958 bus,
1050 2924 1081 2949 et
1109 2926 1273 2959 germanas
1297 2916 1426 2956 multas,
1457 2917 1556 2956 po'etae
1586 2923 1692 2948 nostro
