1894 3253
743 257 802 302 T.
846 254 1226 303 LUCRETII

383 389 498 438 Quin
517 388 764 428 intercurrat
783 386 976 442 quaedam
997 386 1190 427 distantia
1209 385 1366 428 formis:

383 461 728 517 Concharumque
747 476 877 518 genus
897 461 1016 516 parili
1038 461 1197 501 ratione
1216 460 1400 502 videmus

269 539 348 577 375
363 563 365 565 ·
382 535 558 592 Pingere
577 535 729 578 telluris
749 535 971 592 gremium,

1004 533 1084 590 qua
1105 533 1294 575 mollibus
1314 534 1434 575 undis

380 610 534 651 Litoris
553 610 711 651 incurvi
731 609 913 650 bibulam
932 609 1044 664 pavit
1065 623 1208 664 aequor
1229 623 1408 649 arenam.

381 684 477 733 Qua
500 699 544 725 re
563 685 686 725 etiam
707 692 827 740 atque
847 684 970 725 etiam
992 683 1111 724 simili
1133 683 1292 723 ratione
1312 697 1473 723 necesse
1493 692 1567 733 est,

379 758 539 800 Natura
560 759 755 814 quoniam
776 767 980 810 constant,

284 918 355 948 Ver.
386 921 458 948 575.
503 919 602 952 Quin.-
641 917 678 948 P.
709 918 750 948 V.
774 918 821 948 ed.
855 924 894 948 Π.
926 923 961 950 Σ.

241 972 386 1006 Quand0‚·
412 969 461 999 M.
482 970 521 1001 Ο.
539 975 572 1000 Δ.
594 972 683 1004 Quid.
729 968 892 1000 Bentleius
913 969 960 999 in-

235 1033 337 1061 super,
368 1027 403 1051 ut
431 1021 552 1051 amicus
582 1022 793 1060 Havercampi
822 1020 961 1062 quidam,

234 1074 382 1113 proponit
392 1074 573 1114 legendum,
590 1076 818 1109 intercurrant;
843 1073 875 1103 in
893 1073 962 1103 ani-

234 1135 289 1154 mo
314 1126 461 1155 habentes
484 1124 618 1155 similem
646 1131 833 1154 structuram
858 1135 962 1163 supra,

236 1186 296 1206 ver.
311 1179 385 1206 534.
434 1175 494 1206 Sed
515 1176 613 1206 oratio
627 1176 676 1206 his
697 1176 895 1206 varietatibus
916 1175 962 1205 lo-

234 1227 399 1256 cutionum
412 1227 638 1267 jucundissime
653 1227 884 1266 conspergitur:
909 1237 964 1256 ne-

233 1288 295 1318 que
311 1278 421 1308 saltem
435 1279 469 1308 id
490 1279 580 1317 pretii
596 1284 641 1308 est
659 1278 852 1314 mutationis,
877 1278 962 1318 quod

235 1329 410 1370 neglectam
426 1329 570 1359 omnium
584 1329 735 1359 librorum
759 1335 963 1368 vetustorum,

235 1391 329 1411 omne
345 1391 456 1421 genus,
473 1380 567 1411 fidem
583 1381 650 1421 quit
664 1381 825 1412 redimere.

280 1432 362 1462 Ibid.
378 1434 565 1462 intercurrat
580 1434 729 1462 distantia
735 1432 861 1473 formis.
889 1432 964 1462 Pari

236 1493 310 1513 cum
337 1482 490 1522 regimine
518 1483 565 1513 M.
589 1482 726 1521 Tullius,
751 1484 844 1513 Tusc.
867 1484 964 1523 dispp.

235 1535 267 1565 ii.
287 1538 335 1565 14.
367 1538 389 1553 “
406 1535 494 1574 Ergo
503 1534 552 1564 his
562 1534 724 1565 laboriosis
738 1538 964 1565 exercitationi-

236 1590 257 1604 “
274 1587 326 1616 bus
351 1590 382 1615 et
403 1587 486 1615 dolor
499 1587 677 1616 intercurrit
695 1586 964 1626 nonnumquam.'²

237 1636 361 1667 Plinius
375 1636 482 1674 etiam,
506 1642 570 1666 nat.
593 1636 665 1667 hist.
681 1634 794 1667 xxxvii.
820 1641 847 1668 8.
871 1640 893 1655 “
912 1637 967 1668 Ad

236 1692 258 1706 ‘⁶
275 1689 334 1717 hoc
349 1689 528 1727 quibusdam
545 1690 726 1718 intercurrit
742 1688 921 1719 umbra—.‘'

280 1738 354 1769 Ver.
368 1741 441 1769 574.
459 1741 593 1778 Pingere
605 1754 614 1769 .·
635 1745 675 1770 H.
689 1741 963 1780 Pinguior.—gre-

235 1792 329 1820 mium
339 1804 348 1820 .-
375 1790 416 1819 V.
432 1789 479 1819 ed.
492 1801 640 1830 gremum.

280 1841 359 1872 Ibid.
386 1843 518 1881 Pingere
534 1843 652 1873 telluris
658 1845 809 1882 gremium
827 1845 961 1874 Concha-

468 1894 589 1923 Auctor
619 1893 710 1931 Ciris,
734 1893 774 1924 ad
800 1904 862 1924 ver.
893 1898 963 1925 103.

235 1956 299 1975 non
316 1945 474 1986 ignobilis,
498 1946 555 1974 hos
576 1955 683 1975 versus
698 1945 819 1976 calamo
832 1945 963 1976 feliciter

237 1997 352 2026 aemulo
367 1996 569 2035 praestrinxit:

234 1905 271 1924 'ru
277 1905 303 1923 ΤΠ,
316 1904 373 1933 gen
379 1905 421 1924 HS.

298 2055 407 2079 Actaeos
418 2054 486 2078 inter
497 2054 581 2084 collis,
598 2058 624 2079 et
637 2056 750 2080 candida
761 2056 860 2081 Thesei

300 2093 439 2125 Purpureis
450 2093 504 2117 late
514 2093 623 2117 ridentia
633 2094 707 2118 litora
719 2096 822 2119 conchis.

238 2159 345 2194 Quam
359 2167 431 2187 vero
446 2156 582 2187 infauste
597 2157 839 2188 Friesemannus
854 2158 895 2188 ibi
913 2170 965 2188 ra-

236 2211 372 2246 diantia,
394 2218 451 2247 pro
470 2210 620 2245 ridentia,
643 2208 808 2238 rescribere
831 2209 964 2246 volebat,

238 2267 269 2292 te
292 2260 449 2291 docebunt
475 2259 564 2289 nobis
589 2269 664 2289 mox
684 2259 817 2290 dicenda
843 2260 882 2290 ad
905 2270 966 2290 ver.

239 2317 310 2344 501.
357 2312 418 2341 Illa
432 2321 491 2341 vox
518 2311 618 2341 tritior
641 2317 686 2341 est
708 2311 742 2341 in
764 2312 822 2342 hoc
837 2323 909 2349 usu,
932 2318 962 2342 et

237 2364 344 2394 minus
359 2363 478 2402 po‘e'tice
493 2362 638 2393 colorata.
664 2363 732 2392 Nos
742 2362 876 2393 vicissim
892 2374 962 2402 pro-

236 2415 367 2455 posituri
397 2414 540 2444 videmur
565 2413 683 2454 aliquid
706 2414 818 2444 rectius
840 2415 963 2455 excogi-

236 2473 349 2503 tatum,
372 2471 466 2506 atque
487 2465 573 2495 haud
594 2464 724 2495 dubiam
737 2466 893 2505 scriptoris
914 2465 959 2505 ip-

236 2519 300 2550 sius
314 2528 459 2548 manum:

298 2576 436 2608 Purpureis
446 2575 502 2600 laete
512 2575 625 2601 ridentia
636 2575 714 2600 litora
725 2576 843 2600 conchis.

238 2641 290 2670 De
315 2640 377 2680 qua
405 2639 634 2679 permutatione
657 2639 728 2679 plus
757 2640 852 2670 semel
878 2640 961 2671 alibi.

241 2692 320 2722 Suas
334 2698 511 2723 venustates
533 2703 571 2722 ex
597 2692 745 2722 Lucretio
770 2693 962 2732 apertissime

239 2743 334 2773 etiam
351 2745 485 2775 Ovidius
498 2745 612 2784 hausit,
631 2745 670 2775 ad
686 2755 784 2776 amor.
800 2746 832 2775 ii.
852 2749 900 2776 ll.
914 2750 961 2777 15.

271 2804 324 2827 Nec
335 2804 438 2828 medius
449 2809 543 2830 tenues
553 2805 666 2835 conchas,
680 2805 811 2838 pictosque
820 2806 933 2838 lapillos,

301 2844 399 2866 Pontus
411 2844 505 2869 habet:
523 2845 600 2869 bibuli
610 2845 688 2870 litoris
699 2846 742 2870 illa
753 2853 829 2871 mora
840 2851 888 2871 est.

239 2891 281 2922 In
304 2890 485 2921 suavissimo
507 2893 639 2924 disticho
660 2895 820 2925 diversitas
842 2907 878 2926 ea
900 2896 961 2926 lec-

240 2943 345 2980 tionis,
360 2945 459 2974 varios
475 2944 601 2982 scilicet,
618 2945 751 2986 glossam
767 2948 846 2986 sapit
862 2958 961 2988 genu-

972 3009 992 3034 5

1013 773 1151 814 neque
1170 757 1277 800 facta
1297 772 1424 799 manu
1444 765 1538 799 sunt

1004 917 1065 947 inae
1078 919 1194 957 pictos:
1221 915 1290 946 vide
1305 926 1362 946 nos
1378 914 1417 945 ad
1432 925 1492 946 ver.
1509 918 1580 946 244.
1603 914 1735 956 hujusce

1006 967 1085 998 libri.
1132 967 1229 997 Adsit.
1242 967 1435 1006 Propertius,
1458 966 1477 996 i.
1494 970 1522 996 2.
1540 970 1590 996 15.

1069 1028 1153 1052 Litora
1165 1027 1270 1051 nativos
1281 1033 1327 1058 per
1338 1033 1365 1051 se
1377 1027 1442 1051 dent
1451 1026 1519 1058 picta
1530 1026 1642 1057 lapillos.

1010 1075 1224 1106 Pulcherrime
1242 1074 1448 1112 Claudianus,
1471 1073 1504 1103 in
1522 1074 1629 1104 Rufin.
1648 1073 1667 1103 i.
1683 1073 1736 1104 fin.

1355 1135 1525 1164 pontumque
1536 1139 1584 1164 per
1594 1139 1704 1158 omnem

1037 1172 1162 1196 Ridebunt
1172 1172 1266 1197 virides
1277 1172 1392 1203 gemmis
1404 1171 1572 1196 nascentibus
1582 1171 1656 1203 algae.

1010 1236 1122 1275 Neque
1138 1235 1236 1265 oculis
1251 1234 1347 1264 nullis
1357 1234 1499 1274 adspexit
1507 1240 1651 1265 nostrum
1665 1244 1737 1265 auc—

1008 1292 1056 1315 tor
1078 1285 1313 1326 epigrammatis
1335 1289 1385 1316 65.
1412 1286 1445 1315 in
1470 1286 1523 1316 lib.
1545 1286 1590 1317 iii.
1608 1285 1739 1316 Anthol..

1008 1338 1077 1367 Lat.
1095 1338 1205 1367 Burm.

1040 1411 1107 1434 Ecce
1119 1410 1191 1435 inter
1201 1409 1297 1434 virides
1307 1410 1425 1440 Jactatur
1435 1411 1544 1441 Mitylus
1555 1411 1638 1443 algas,

1070 1451 1102 1473 Et
1114 1456 1195 1473 rauco
1208 1449 1323 1473 trahitur
1334 1449 1436 1473 lubrica
1446 1450 1536 1474 concha
1547 1450 1616 1475 sinu.

1039 1490 1118 1518 Ecce,
1135 1492 1300 1513 recurrentes
1312 1489 1364 1518 qua
1376 1493 1463 1514 versat
1476 1490 1573 1514 fluctus
1583 1498 1687 1521 arenas,

1072 1528 1190 1553 Discolor
1201 1528 1300 1552 adtrita
1312 1529 1430 1553 calculus
1441 1530 1499 1554 exit
1512 1530 1606 1555 humo.

1011 1591 1169 1631 Denique,
1184 1602 1282 1631 quum
1290 1594 1454 1631 gremium,
1465 1598 1501 1622 ut
1511 1599 1627 1623 veteres
1636 1604 1739 1634 gram-

1010 1643 1116 1673 matici
1148 1654 1217 1673 vere
1243 1644 1387 1674 videntur
1413 1645 1601 1683 exposuisse,
1631 1646 1670 1676 sit
1693 1657 1742 1676 ear-

1004 1709 1139 1737 pansum
1154 1700 1243 1728 vestis
1257 1699 1493 1737 receptaculum,
1517 1698 1650 1728 suaviter
1672 1699 1742 1729 Lu-

1009 1748 1123 1778 cretius
1138 1748 1251 1779 alludit
1266 1749 1306 1779 ad
1316 1752 1476 1789 picturata
1491 1753 1677 1788 vestimenta,
1701 1751 1741 1781 de

1008 1801 1123 1841 quibus
1149 1812 1206 1831 nos
1234 1802 1389 1832 nonnulla
1420 1802 1608 1841 protulimus
1631 1813 1741 1842 nuper,

1007 1852 1040 1882 in
1056 1862 1116 1882 ver.
1132 1856 1183 1884 55.

1054 1903 1135 1934 Ibid.
1148 1906 1297 1943 gremium
1309 1906 1436 1935 telluris.

1006 1956 1049 1986 iii.
1067 1959 1140 1987 509.

1037 2015 1187 2039 Sternimur
1201 2019 1304 2047 optatae
1318 2015 1411 2047 gremio
1422 2015 1528 2045 telluris,
1545 2016 1578 2039 ad
1589 2016 1700 2040 undam.

1480 1904 1649 1945 Virgilius,
1664 1905 1738 1935 AEn.

1053 2063 1135 2094 Ibid.
1159 2066 1298 2095 mollibus
1320 2067 1430 2095 undis:
1457 2066 1476 2095 i.
1492 2076 1518 2095 e.
1544 2067 1583 2095 ob
1599 2065 1739 2095 vicinita-

1008 2121 1073 2145 tem
1088 2121 1179 2145 terrae
1196 2116 1312 2145 sensim
1334 2116 1579 2153 mitescentibus‚
1603 2122 1634 2145 et
1648 2127 1679 2146 se
1694 2116 1738 2146 le-

1008 2167 1077 2195 vius
1092 2166 1175 2196 litori
1192 2166 1443 2207 afsringentibus.
1478 2167 1600 2196 Locum
1616 2178 1738 2206 expres-

1011 2217 1050 2246 sit
1069 2216 1154 2247 idem
1170 2217 1274 2255 Maro,
1296 2217 1334 2248 ad
1351 2218 1425 2247 AEn.
1442 2217 1481 2248 ix.
1494 2217 1546 2248 fin.

1327 2283 1372 2308 ille
1383 2290 1431 2308 suo
1442 2290 1505 2308 cum
1518 2285 1624 2316 gurgite
1637 2285 1708 2309 flavo

1037 2323 1151 2355 Adcepit
1164 2324 1330 2353 venientem,
1346 2331 1377 2349 ac
1389 2324 1502 2348 mollibus
1514 2324 1614 2348 extulit
1627 2325 1711 2349 undis.

1010 2386 1031 2401 “
1051 2386 1126 2414 Cam
1153 2384 1310 2424 gurgite”
1345 2390 1450 2413 autem
1472 2394 1528 2422 pro
1563 2386 1584 2401 “
1602 2386 1634 2414 in
1662 2393 1738 2423 gur-

1009 2438 1030 2452 “
1047 2435 1149 2475 gite:'⁷
1170 2435 1239 2465 vide
1250 2435 1290 2465 ad
1303 2445 1361 2464 ver.
1381 2438 1449 2466 147.
1494 2436 1736 2464 Mulle'timnma·

1005 2488 1048 2515 ris
1065 2485 1217 2516 Aurelius
1234 2485 1503 2521 Victor-nominat,
1521 2485 1560 2515 de
1571 2485 1626 2515 vir.
1643 2484 1735 2514 illust.

1005 2537 1079 2567 xxii.
1094 2541 1124 2567 5.
1149 2538 1203 2567 ubi
1226 2537 1314 2577 larga
1336 2548 1434 2567 manu
1451 2537 1618 2567 conferunt
1638 2536 1731 2565 inter-

1006 2594 1106 2627 pretes
1120 2600 1187 2619 rem
1202 2589 1397 2619 illustrantia.

1050 2641 1124 2671 Ver.
1148 2644 1221 2672 376.
1244 2642 1394 2671 bibulam:
1422 2646 1463 2670 Π.
1487 2640 1733 2678 bibulum—pa-

1005 2693 1065 2723 vit:
1092 2693 1127 2722 P.
1143 2694 1229 2730 lavit,
1247 2698 1283 2721 ut
1303 2692 1431 2721 Nonius
1442 2690 1547 2726 etiam,
1570 2688 1602 2718 in
1619 2690 1730 2724 Lavit;

1007 2743 1184 2773 infeliciter:
1204 2753 1312 2773 vocem
1329 2752 1440 2781 nempe
1456 2740 1685 2780 exquisitiorcm
1698 2751 1733 2771 ac

1007 2795 1157 2825 rariorem
1173 2794 1382 2834 pervulgatior
1399 2792 1505 2832 ejecit:
1533 2790 1602 2820 vide
1618 2791 1657 2820 ad
1674 2802 1733 2822 ver.

1010 2849 1077 2877 195.
1124 2846 1212 2875 Hinc
1227 2844 1397 2875 identidem
1413 2841 1553 2871 dubitare
1568 2841 1663 2879 soleo,
1691 2852 1732 2871 an

1007 2895 1123 2926 librarii
1148 2897 1206 2925 hoc
1230 2893 1351 2924 facinus
1377 2893 1409 2922 in
1430 2903 1462 2923 se
1487 2892 1668 2923 admiserint
1693 2893 1732 2922 ad

1008 2948 1131 2987 Papinii
1147 2948 1245 2977 Theb.
1263 2946 1300 2976 vi.
1318 2949 1389 2976 401.
