1894 3253
223 300 313 339 122

715 291 776 338 T.
831 287 1211 338 LUCRETII

361 425 481 474 Sunt,
507 437 600 478 quae
620 430 864 464 conservant
884 430 1076 464 naturam
1097 437 1259 478 semper
1277 422 1480 473 eamdem,

367 499 559 546 Quorum
580 496 708 547 abitu,
731 505 802 538 aut
822 497 952 547 aditu,
974 504 1216 552 mutatoque
1235 497 1397 547 ordine,
1418 504 1579 539 mutant

367 572 570 612 Naturam
590 586 668 621 res,
692 580 733 613 et
756 579 1005 613 convortunt
1024 587 1199 627 corpora
1218 587 1321 623 sese3

248 651 330 686 680
363 646 476 687 Scire
495 645 602 695 licet,
624 661 710 686 non
732 663 817 688 esse
837 647 927 687 haec
948 647 1070 703 ignea
1090 662 1266 702 corpora
1285 662 1437 688 rerum.

365 718 481 760 Nihil
500 719 668 761 referret
689 721 815 771 enim,
840 720 1031 777 quaedam
1051 720 1263 771 decedere,
1286 721 1415 771 abire,

359 794 498 850 Atque
518 795 597 835 alio
617 796 814 846 adtribui,
843 796 1078 852 mutarique
1093 796 1254 845 ordine,
1277 795 1483 851 quaedam,

364 868 407 909 Si
428 877 564 909 tamen
587 870 745 910 ardoris
768 878 959 911 naturam
980 879 1129 912 cuncta
1147 878 1348 912 tenerent:

360 942 473 998 Ignis
494 943 604 984 enim
624 943 729 984 foret
749 945 1013 994 omnimodis,
1037 945 1360 1001 quodquomque
1381 950 1550 985 crearet.

213 1112 290 1143 sime
306 1112 390 1143 idem
407 1114 610 1145 Burmannus
629 1116 786 1155 exposuit3
810 1117 861 1146 cui
877 1115 945 1146 laus

214 1165 318 1195 omnis
332 1165 572 1205 elegantissimae
586 1167 790 1197 restitutionis
804 1167 945 1198 deferen-

215 1216 256 1246 da
270 1223 322 1247 est.
369 1217 487 1257 Vulgo,
503 1220 659 1257 delapsus:
687 1225 717 1249 et
732 1220 828 1257 probo
838 1226 945 1259 portas

215 1268 365 1306 Bentleii,
385 1275 421 1298 ut
436 1269 500 1308 ipse
516 1277 626 1308 sponte
641 1280 847 1300 correxeram:
872 1281 943 1309 por-

215 1326 264 1351 tus
281 1321 380 1350 tenori
397 1321 547 1351 orationis
562 1332 625 1351 non
642 1322 785 1352 concinit.

259 1371 332 1402 Ver.
347 1375 419 1402 689.
442 1374 520 1403 alio:
547 1373 589 1402 sic
611 1373 647 1403 P.
666 1373 760 1403 Vind.
779 1374 820 1404 V.
839 1374 885 1404 ed.
906 1375 942 1405 L.

217 1423 264 1453 ΪΜ.
283 1429 317 1453 A.
336 1430 375 1453 Π.
391 1423 497 1463 vulgo,
520 1426 602 1454 alia:
628 1435 665 1454 ex
681 1425 869 1455 correctione
890 1435 944 1455 cu-

211 1475 338 1515 jusdam
365 1477 515 1516 majorem
542 1477 793 1516 perspicuitatem
824 1478 945 1508 efficere

216 1527 384 1565 studentis;
408 1528 462 1558 sed
484 1529 661 1559 inconsulto
683 1536 775 1570 atque
790 1529 944 1559 infructu-

216 1590 276 1609 ose.
321 1581 392 1610 Alio
419 1582 573 1610 adtribui:
606 1581 626 1610 i.
643 1591 667 1610 e.
692 1581 764 1610 “in
791 1581 852 1611 alio
878 1581 946 1611 loco

217 1634 239 1649 “
255 1642 303 1661 res
321 1631 404 1668 addi,
423 1632 501 1662 dum
525 1643 562 1662 ex
586 1632 646 1662 alio
663 1632 831 1663 decedunt:
858 1640 889 1663 et
905 1633 947 1663 ita

219 1688 241 1703 “
257 1685 375 1715 scilicet
404 1686 561 1726 utrinque,
600 1687 719 1716 vicibus
752 1687 945 1726 permutatis,

218 1741 240 1756 “
256 1737 338 1775 fieri;
369 1738 442 1768 hinc
469 1739 568 1768 auctis
583 1740 685 1774 rebus,
712 1739 799 1769 illinc
825 1739 945 1769 decres-

218 1793 237 1808 “
254 1789 424 1820 centibus.‘'
487 1791 567 1826 Quae
597 1790 735 1820 dilucida
762 1791 834 1820 satis
864 1797 946 1827 sunt,

217 1847 248 1871 et
274 1841 423 1872 orationis
443 1842 567 1872 solertia
589 1842 715 1883 longius
738 1849 824 1873 extra
838 1843 948 1883 vulga-

216 1903 283 1923 rem
300 1904 393 1923 usum
411 1893 518 1932 posita.

260 1945 333 1974 Ver.
349 1948 421 1974 683.
444 1952 563 1975 tamen:
591 1946 628 1976 P.
647 1946 685 1976 V.
709 1946 758 1976 ed.
785 1946 824 1976 O.
847 1951 881 1976 Δ.
907 1952 947 1976 Π.

216 2002 354 2031 tantum;
379 1996 403 2024 si
427 1997 504 2035 quid
522 1997 654 2033 videam,
681 1998 767 2028 haud
795 1998 942 2028 deterius:

217 2047 359 2078 ardorem
372 2047 489 2077 scilicet
504 2049 738 2085 tantummodo;
757 2049 837 2078 nihil
852 2049 948 2079 aliud.

216 2100 398 2129 —arcloris:
429 2098 468 2128 G.
491 2099 538 2128 M.
561 2100 883 2130 arbans—tenerent:
910 2101 947 2130 B.

218 2156 342 2181 teneret.

261 2202 335 2231 Ver.
362 2204 434 2232 684.
458 2203 655 2232 omnimodis:
690 2202 725 2231 P.
749 2203 947 2232 omnimodus.

217 2260 394 2285 —crearet.·
427 2253 519 2283 ardor
540 2253 670 2284 scilicet:
705 2253 749 2282 ita
772 2253 806 2283 P.
828 2252 867 2282 V.
893 2253 943 2283 ed.

218 2306 256 2335 B.
272 2305 308 2335 L.
323 2305 371 2335 M.
389 2311 429 2334 H.
452 2314 510 2334 nec
526 2314 667 2334 caussam
681 2304 771 2334 video
786 2304 945 2344 rejiciendi

217 2357 385 2387 lectionem
401 2356 444 2386 sic
458 2355 625 2386 firmatam.
664 2355 782 2395 Vulgo,
798 2363 945 2386 crearent.

261 2407 334 2438 Ver.
350 2410 422 2438 685.
446 2409 489 2438 ita
511 2414 552 2438 est
564 2422 573 2438 :
600 2409 713 2437 absunt
730 2413 770 2437 Π.
786 2413 817 2436 et
831 2407 865 2437 in
880 2417 946 2437 ver-

217 2470 254 2490 su
269 2459 409 2499 proxime
426 2459 583 2497 veniente,
598 2460 715 2498 praebet
732 2465 777 2489 Ω.
796 2466 887 2490 motu.

270 2511 344 2542 Ver.
371 2513 443 2542 687.
475 2512 645 2554 Eqfi'cz'unt.
692 2510 744 2540 Ita
773 2511 946 2549 scribimus,

218 2570 265 2602 ut,
288 2564 321 2593 in
342 2569 497 2604 quantum
522 2563 587 2593 fieri
601 2562 709 2602 possit,
733 2569 763 2592 et
778 2563 948 2601 proprietas

219 2615 364 2653 patiatur,
377 2614 607 2654 nobismetipsis
616 2624 674 2644 nos
682 2619 872 2644 constemus:
887 2614 950 2644 illis

218 2672 335 2701 autem,
365 2666 479 2706 quibus
508 2677 573 2696 non
599 2676 659 2696 usu
685 2665 818 2705 contigit
846 2676 945 2695 mem-

218 2717 329 2746 branas
354 2725 470 2748 veteres
499 2718 629 2755 trivisse,
655 2728 738 2758 aegre
763 2727 946 2756 persuasum

218 2766 307 2801 foret,
335 2778 429 2806 quam
451 2768 509 2799 sibi
524 2769 583 2808 ipsi
599 2769 706 2799 scribae
722 2768 945 2806 contradicant,

219 2822 250 2846 et
272 2817 461 2857 antiquiores
482 2819 633 2849 formulas
655 2819 759 2850 studio
781 2820 869 2860 quasi
891 2821 945 2850 ob-

218 2867 418 2898 literaverint.
462 2869 610 2909 Exempli
626 2871 737 2911 gratia,
752 2877 788 2902 ut
803 2870 946 2901 librarius

217 2919 341 2950 literam
356 2920 581 2958 praepositionis
602 2921 730 2952 finalem
750 2922 790 2953 ad
805 2922 947 2952 vocabuli

216 2973 419 3012 praecedentis
439 2974 573 3013 primam
595 2975 758 3006 commode
780 2975 944 3013 emolliret,

988 1116 1029 1146 ad
1054 1114 1142 1146 statii
1158 1114 1256 1144 Theb.
1279 1123 1306 1144 v.
1331 1116 1404 1144 208.
1430 1112 1464 1143 in
1489 1112 1596 1144 codice
1621 1114 1716 1146 seculi

988 1166 1040 1197 xii.
1072 1177 1166 1207 quem
1197 1166 1262 1205 ipse
1292 1165 1391 1195 oculis
1416 1165 1576 1204 usurpavi,
1602 1175 1658 1204 pro
1681 1169 1715 1197 in

1427 1217 1507 1247 Sunt
1530 1217 1648 1248 interea
1677 1218 1718 1248 de

1385 1269 1538 1299 Nondum
1561 1270 1652 1301 nobis
1676 1271 1716 1302 de

988 1325 1045 1353 hac
1074 1323 1226 1362 scriptura
1256 1333 1438 1362 persuasum
1463 1329 1530 1352 erat
1554 1324 1588 1354 in
1617 1324 1718 1362 operis

987 1376 1091 1414 initio;
1121 1376 1206 1406 unde
1231 1375 1271 1405 ad
1296 1385 1372 1405 verr.
1398 1378 1450 1412 21,
1476 1379 1526 1406 50.
1550 1375 1717 1407 infeliciter

987 1429 1105 1458 obtinet
1119 1427 1364 1468 praecedentium
1381 1426 1536 1457 editorum
1552 1438 1629 1458 mos.

1033 1481 1105 1511 Ver.
1122 1484 1194 1511 688.
1217 1482 1374 1510 similata:
1401 1479 1444 1508 sic
1460 1479 1494 1509 P.
1509 1479 1547 1509 V.
1565 1479 1612 1509 ed.
1628 1480 1666 1510 B.
1684 1486 1718 1511 Σ.

989 1540 1020 1564 et
1031 1534 1211 1565 collationes
1223 1533 1425 1570 Heinsianae;
1445 1531 1484 1562 ad
1497 1532 1717 1572 antiquiorem,

988 1593 1025 1616 ut
1040 1586 1169 1616 arbitrer
1191 1595 1278 1622 sane,
1303 1594 1414 1621 usum;
1439 1583 1570 1624 ideoque
1586 1584 1720 1625 vulgatae

990 1638 1183 1678 reliquorum
1212 1637 1323 1666 formae
1359 1637 1503 1666 simulata
1535 1646 1718 1675 praeponen—

989 1689 1067 1720 dum
1082 1688 1300 1719 duxi—ullau-
1328 1687 1362 1717 P.
1380 1686 1476 1717 Vind.
1494 1687 1534 1717 V.
1549 1687 1597 1717 ed.
1616 1694 1656 1717 11.
1674 1694 1718 1718 Ω.

989 1743 1056 1771 ulli.
1105 1740 1154 1770 Sic
1175 1745 1281 1769 autem
1301 1738 1508 1778 loquebantur
1531 1745 1657 1775 veteres,
1683 1744 1719 1769 ut

992 1793 1133 1828 Plautus,
1150 1791 1243 1822 Truc.
1261 1791 1293 1820 ii.
1309 1795 1339 1820 2.
1358 1794 1409 1820 58.

989 1221 1075 1256 mole,
1106 1219 1224 1258 scripsit
1252 1219 1378 1248 immole.

988 1272 1046 1301 hoc
1069 1281 1182 1311 genere
1207 1270 1340 1300 infinita.

1023 1872 1098 1895 Itane
1111 1868 1254 1894 erubuisti?
1273 1867 1422 1899 quasivero
1440 1868 1546 1900 corpori
1555 1868 1691 1900 reliqueris

1023 1921 1086 1944 Tuo
1097 1922 1260 1952 potestatem
1271 1918 1358 1944 coloris
1369 1918 1415 1943 ulli
1426 1919 1558 1950 capiendi,
1569 1919 1657 1944 mala!

1027 1997 1102 2028 Ver.
1112 2001 1185 2029 689.
1200 1999 1259 2028 rei:
1278 1997 1322 2027 sic
1333 1997 1369 2028 P.
1378 1997 1474 2028 Vind.
1482 1997 1523 2028 V.
1536 1997 1583 2028 ed.
1595 2003 1627 2027 et
1635 1997 1723 2028 codd.

992 2049 1102 2078 nostri:
1128 2048 1224 2088 vulgo
1240 2048 1405 2088 geminant
1430 2048 1562 2084 literam,
1588 2048 1723 2078 scriben—

991 2104 1036 2128 tes
1051 2101 1126 2134 mi,-
1152 2098 1276 2138 qualem
1292 2099 1478 2137 scripturam
1501 2099 1535 2128 in
1553 2098 1659 2136 nullis,
1687 2109 1722 2128 o-

991 2150 1095 2189 pinor,
1122 2149 1208 2179 libris
1231 2150 1360 2179 vetustis
1382 2149 1544 2180 collatores
1564 2149 1721 2181 invenere.

990 2202 1123 2240 —possit
1133 2214 1143 2230 .·
1172 2201 1206 2231 P.
1223 2201 1264 2230 V.
1281 2200 1329 2230 ed.
1340 2207 1449 2240 posset.

1037 2252 1109 2282 Ver.
1125 2256 1198 2283 690.
1221 2252 1341 2292 adjectu
1351 2266 1360 2281 .·
1388 2251 1483 2282 Vind.
1501 2251 1539 2283 V.
1555 2251 1605 2282 ed.
1624 2258 1658 2284 A.
1676 2258 1719 2283 Π.

990 2308 1023 2333 et
1039 2308 1073 2333 Σ.
1090 2303 1206 2342 ajeccu‚·
1233 2303 1272 2333 O.
1292 2303 1438 2343 ajactum.

1036 2354 1118 2384 Ibid.
1134 2355 1265 2395 adjectu.
1311 2354 1384 2384 Hoc
1404 2354 1595 2384 substantivo
1612 2353 1721 2384 Vitru-

989 2405 1058 2434 vius
1070 2416 1146 2435 usus
1161 2411 1218 2442 est,
1232 2405 1272 2435 ix.
1283 2408 1381 2437 9.——“
1398 2416 1531 2446 quarum
1545 2405 1720 2441 brevitates,

991 2460 1012 2474 “
1029 2463 1084 2487 aut
1099 2457 1292 2494 crescentias,
1307 2467 1483 2487 cuneorum
1496 2457 1644 2497 adjectus,
1665 2460 1720 2485 aut

993 2512 1015 2528 “
1033 2516 1208 2548 exemptus,
1231 2509 1263 2539 in
1280 2509 1413 2549 singulis
1429 2509 1538 2539 diebus
1559 2514 1591 2539 et
1604 2507 1717 2538 mensi-

994 2564 1014 2579 “
1031 2562 1099 2597 bus,
1117 2561 1263 2600 perficere
1279 2560 1396 2601 cogit.'’

1036 2614 1112 2644 Ver.
1129 2617 1200 2645 691.
1218 2625 1310 2653 porro
1327 2615 1444 2653 ignem:
1471 2616 1505 2642 Δ.
1520 2606 1604 2651 sique
1614 2620 1720 2649 neque.

992 2668 1135 2706 ——z'gnem
1146 2680 1155 2695 :
1175 2666 1215 2696 V.
1231 2665 1278 2695 ed.
1294 2667 1379 2705 sequi
1382 2680 1394 2701 ;
1419 2664 1456 2694 B.
1471 2665 1499 2693 si
1512 2672 1596 2702 quae;
1622 2660 1716 2691 Vind.

988 2720 1089 2757 sz'que,·
1132 2723 1172 2747 Π.
1195 2719 1224 2747 si
1248 2728 1357 2756 (ματη,-
1391 2719 1426 2746 Σ.
1452 2715 1480 2744 si
1507 2723 1714 2752 quemn—res:

991 2768 1084 2798 Vind.
1101 2768 1139 2798 V.
1156 2767 1203 2798 ed.
1220 2769 1257 2798 B.
1272 2779 1334 2798 rem
1349 2775 1508 2797 reste-esse
1523 2764 1609 2793 abest
1619 2762 1716 2793 Vind.

991 2820 1030 2851 V.
1046 2820 1092 2850 ed.
1117 2821 1154 2850 B.
1178 2824 1215 2850 A.
1231 2826 1271 2849 11.
1288 2824 1323 2850 Σ.
1367 2816 1454 2852 Quid
1479 2815 1537 2846 sibi
1562 2814 1716 2845 voluerint

989 2873 1039 2902 hae
1054 2871 1224 2906 varietates,
1245 2880 1310 2899 non
1325 2868 1404 2898 clare
1419 2867 1527 2904 video;
1551 2872 1582 2896 et
1596 2865 1717 2896 inutilis

990 2929 1069 2954 esset
1082 2922 1206 2959 laboris,
1221 2927 1312 2961 atque
1328 2920 1424 2950 etiam
1435 2918 1642 2957 inceffissimi,
1658 2917 1714 2948 ali-

989 2973 1041 3005 cui
1067 2971 1266 3004 extundendo
1292 2971 1451 3009 insudare,
1481 2981 1556 3002 cum
1636 2974 1715 3000 oatae
