1894 3253
638 268 872 317 LIBER
916 267 1227 317 PRIMUS.

1597 279 1686 324 173

330 401 463 456 Copia
482 400 656 443 ferretur
675 417 873 459 magnum
893 416 967 457 per
987 401 1124 452 inane,
1147 401 1298 451 soluta;

334 476 428 518 Sive
448 476 551 517 adeo
571 478 707 531 potius
727 491 954 532 numquam
974 485 1167 518 concreta
1186 484 1360 518 creasset

331 549 468 592 Ullam
489 565 592 601 rem,
614 551 809 606 quoniam
831 551 927 607 cogi
947 550 1114 606 disjecta
1134 551 1351 606 nequisset.

180 706 331 746 Evulgari
347 706 424 736 solet
439 713 534 737 tecta:
562 706 668 736 confer
688 716 748 738 ver.
767 710 819 738 85.
829 707 909 747 ibid.

180 757 339 798 Denique,
356 757 512 787 distichon
529 757 750 788 dulcissimum
765 769 803 788 ex
819 769 910 799 egre-

177 809 230 849 gio
245 809 400 848 poleatio
416 809 448 838 in
466 810 564 839 Anth.
589 810 657 840 Lat.
679 811 788 841 Burm.
803 811 842 841 iv.
863 815 910 842 15.

177 864 226 891 28.
251 861 299 890 his
315 860 478 901 elegantiis
491 860 728 891 admiscebitur:

194 937 262 961 Nam
275 944 319 962 me
330 941 423 961 sanem
434 939 522 962 Venus
532 937 605 962 sedes
618 944 673 962 non
685 944 760 962 nosse
769 938 894 963 silentum

226 976 317 1007 Jussit,
328 980 355 1001 et
365 977 391 1000 in
403 976 456 1000 cca-Ii
469 976 552 1000 Imma
565 976 655 1008 templa
667 977 739 1001 tulit.

179 1043 242 1073 Pro
267 1050 307 1081 ct,
339 1043 438 1073 nolim
463 1043 608 1084 equidem
632 1044 910 1074 Burmanuianum

177 1102 223 1132 at,
250 1106 320 1135 quae
336 1096 492 1126 minorem
509 1105 572 1134 prae
588 1107 619 1125 se
635 1095 693 1125 fert
710 1096 908 1134 i'acilitatcm;

177 1154 207 1177 et
220 1149 278 1177 hoc
294 1148 450 1188 epitaphio
468 1147 546 1177 nihil
562 1148 734 1187 simplicius
750 1148 797 1178 vel
808 1149 909 1188 puris-

177 1200 257 1229 sima
269 1200 461 1240 antiquitatis
476 1200 579 1230 secula
587 1200 779 1239 jactaverint.

219 1252 294 1281 Ver.
329 1254 418 1281 1014.
455 1263 579 1290 corpora
610 1257 726 1281 sancta.
771 1251 908 1289 Ennius,

172 1302 257 1342 apud
275 1302 340 1332 Cic.
361 1302 400 1332 de
417 1302 475 1332 div.
492 1303 511 1332 i.
528 1305 577 1332 48.

204 1369 311 1394 Cedunt
323 1368 356 1392 de
368 1368 439 1392 coelo
453 1371 494 1392 ter
506 1371 624 1398 quatuor
635 1372 739 1400 corpora
751 1372 838 1392 sancia
848 1377 857 1394 .-

173 1435 204 1459 et
219 1434 325 1458 noster
340 1429 372 1458 in
389 1428 549 1467 prooemio,
566 1439 627 1458 ver.
639 1432 690 1460 59.

202 1503 280 1527 Hunc
293 1506 334 1531 tu,
346 1501 425 1531 diva,
437 1506 485 1526 tuo
498 1502 675 1526 recubantem
687 1506 786 1534 corpore
797 1505 882 1526 sumto

205 1541 374 1566 Circumfusa
383 1549 502 1572 super—.

219 1605 294 1635 Ver.
330 1608 420 1635 1015.
456 1606 614 1644 Exiguum
651 1606 741 1635 ἀοι-αϊ
770 1611 903 1644 tempus.-

174 1667 277 1688 unum
310 1662 511 1686 momentum
552 1656 680 1687 scilicet.
742 1657 906 1693 Horatius,

174 1715 230 1739 sat.
248 1708 266 1738 i.
283 1712 308 1738 1.
328 1712 355 1739 Τ.

554 1781 739 1805 concurritur:
760 1781 827 1805 horae

204 1823 329 1845 Momento
340 1821 393 1844 cita
403 1827 475 1844 mors
486 1821 571 1849 venit,
583 1824 630 1844 aut
643 1821 755 1845 victoria
767 1821 846 1845 laeta:

171 1894 266 1924 quam
280 1883 473 1913 locutionem
488 1883 531 1912 sic
546 1882 632 1912 idem
647 1883 755 1922 variat,
773 1884 859 1923 epist,
871 1884 904 1914 ii.

176 1939 205 1965 2.
225 1939 292 1966 17¹2.

489 2005 583 2034 puncto
597 2004 670 2034 quod
682 2003 788 2028 mobilis
799 2003 879 2029 horae:

173 2059 317 2089 Graecam
350 2059 488 2097 phrasim
517 2059 748 2098 interpretatus,
788 2073 903 2102 στιγμῃ

168 2124 267 2154 χρονε,
293 2111 321 2141 S.
339 2110 415 2140 Luc.
432 2111 470 2141 iv,
488 2114 516 2142 5.
539 2112 683 2141 conferas
710 2112 751 2142 Is.
769 2112 853 2142 xxix.
870 2116 901 2143 5.

169 2163 277 2194 Lxx.
304 2162 454 2192 Similiter
464 2163 574 2193 dicunt
589 2164 629 2193 de
644 2164 746 2203 spatio
758 2164 903 2203 paullum

168 2214 296 2254 majore,
307 2216 452 2244 horarum
463 2221 622 2246 momento:
638 2215 708 2245 vide
720 2216 743 2246 J
745 2215 900 2253 ustinum,

172 2265 204 2296 ii.
223 2269 272 2296 14.

213 2316 294 2345 lbid.
317 2318 435 2347 sistere:
471 2317 491 2346 i.
522 2328 547 2348 e.
578 2318 754 2354 consistere,
781 2318 815 2348 in
842 2318 900 2349 sui

171 2366 304 2396 statione
319 2365 381 2396 fixa
400 2377 590 2406 permanere.
635 2369 803 2410 Virgilius,
828 2370 903 2400 AEn.

173 2428 217 2448 111.
238 2434 259 2447 ι.

234 2476 343 2505 Incerti,
354 2482 408 2506 quo
421 2476 478 2500 fata
488 2476 589 2507 ferant,
600 2477 646 2502 ubi
656 2477 742 2502 sistere
752 2479 841 2503 detur.

217 2525 290 2554 Ver.
317 2528 408 2555 1016.
431 2527 585 2564 dispulsa:
621 2533 661 2556 H.
685 2528 825 2566 ‹lipulsa;
850 2537 904 2557 vo·

170 2575 230 2606 luit
246 2575 374 2605 sortasse
389 2577 528 2614 depulsa,
541 2577 647 2606 minus
662 2577 837 2616 efficaciter,
848 2588 904 2608 nec

173 2637 247 2656 cum
263 2629 413 2657 violentiae
429 2633 521 2667 atque
544 2627 673 2667 impellis
695 2628 760 2667 pari
785 2629 903 2669 signifi-

171 2678 308 2708 catione:
335 2678 405 2707 vide
429 2688 486 2707 nos
509 2678 549 2708 ad
570 2689 631 2708 ver.
658 2682 730 2709 614.
753 2680 903 2718 superius.

175 2730 248 2761 Hac
278 2730 401 2771 signata
431 2731 568 2761 dictione
598 2730 728 2761 feliciter
758 2742 833 2762 usus
859 2738 905 2762 est

173 2781 340 2822 Virgilius,
357 2782 434 2812 [En.
452 2783 471 2811 i.
489 2785 561 2813 512.

493 2858 552 2881 ater
563 2862 629 2886 quos
641 2861 753 2887 aequore
762 2856 842 2880 turbo

205 2893 370 2926 Dispulerat:

180 2955 201 2987 ἰ.
209 2966 234 2988 e.
257 2967 321 2989 nou
333 2966 546 3001 segregaverat
555 2959 788 2999 tantummodo,
800 2958 855 2990 sed
869 2958 903 2990 in

953 717 1063 737 omnes
1078 713 1179 746 partes
1191 706 1343 737 violenter
1358 707 1497 749 undique
1508 708 1682 750 disjecerat:

954 759 1058 788 videas
1073 759 1190 789 ibidem
1210 760 1362 790 Servium.
1396 761 1484 791 Bene
1495 761 1684 802 glossarium

954 816 1055 840 vetus:
1082 812 1237 850 Dis-pulit,
1255 810 1423 842 διεσκεδασε.

998 861 1082 892 lbid.
1105 864 1141 893 cle
1158 868 1252 893 coetu:
1278 863 1316 893 B.
1332 865 1478 894 detectum
1486 879 1497 900 ;
1525 865 1562 896 P.
1574 868 1611 896 de
1622 868 1685 897 coi-

954 919 999 949 tu,
1017 919 1052 943 ut
1065 913 1161 943 etiam
1176 913 1217 944 V.
1235 913 1282 944 ed.
1300 920 1330 944 et
1345 914 1384 944 ad
1400 915 1492 954 latus,
1517 923 1614 953 motu,-
1640 924 1683 949 Π.

955 966 991 994 de
1013 971 1072 995 toto
1078 979 1089 999 ;
1117 965 1152 995 L.
1178 965 1226 995 M.
1249 967 1286 996 de
1309 972 1430 1005 coetum,
1456 967 1687 1000 adhaerescente

954 1015 1083 1053 scilicet,
1107 1023 1142 1045 ut
1157 1015 1192 1046 fit
1206 1016 1388 1055 solenniter,
1412 1018 1513 1057 prima
1535 1020 1621 1049 verbi
1636 1030 1685 1050 se-

955 1068 1079 1107 quentis
1094 1067 1191 1098 litera.
1237 1068 1299 1098 Sed
1314 1073 1410 1101 coitus
1433 1081 1497 1101 una
1520 1078 1566 1102 est
1590 1078 1685 1113 atque

954 1120 1064 1149 eadem
1076 1130 1135 1149 vox
1151 1131 1224 1150 eum
1240 1128 1349 1152 coetus:
1375 1123 1460 1163 quod
1482 1134 1547 1154 non
1571 1124 1685 1166 effugit

953 1171 1093 1210 glossarii
1108 1172 1218 1201 veteiis
1233 1173 1456 1212 confectorem,
1473 1175 1516 1205 sic
1531 1175 1683 1216 interpre-

953 1230 1085 1254 tantem:
1115 1229 1134 1242 “
1154 1228 1264 1262 Coetus,
1281 1239 1396 1256 σννεσιοι
1413 1241 1519 1262 κομι-κς.
1568 1232 1684 1270 Coilus,

955 1279 976 1293 “
993 1275 1140 1306 ‹rummoeJ'
1188 1276 1284 1306 Silius
1302 1277 1442 1316 Italicus,
1460 1279 1479 1309 i.
1495 1284 1568 1312 658.

984 1350 1026 1379 Et,
1039 1356 1121 1380 quem
1133 1349 1223 1374 insana
1234 1349 1314 1381 freta,
1331 1355 1379 1375 eut
1390 1355 1467 1376 coetus
1477 1360 1596 1385 genuere
1613 1355 1682 1381 fera-

1078 1396 1150 1419 rum,

983 1429 1103 1453 Vidimus
1115 1430 1306 1455 Hannibalem:

950 1492 969 1522 i.
994 1502 1020 1524 e.
1057 1495 1153 1524 coitus
1182 1494 1321 1523 ferarum
1350 1505 1496 1535 genuere.
1554 1499 1684 1532 Addam

953 1543 1100 1582 Statium,
1116 1554 1202 1581 mox,
1224 1551 1259 1575 ut
1273 1556 1406 1585 sperem,
1431 1558 1541 1579 meum
1548 1561 1558 1588 3
1583 1551 1682 1583 Theb.

951 1594 990 1625 iv.
1007 1598 1078 1625 214.

981 1668 1122 1692 Taenareis
1132 1668 1171 1691 his
1182 1668 1266 1693 celsus
1277 1669 1361 1700 equis,
1373 1677 1455 1701 quam
1469 1672 1572 1704 dispare
1584 1678 1648 1699 coetu

982 1711 1104 1742 Cyllarus
1114 1711 1207 1742 ignaro
1218 1716 1359 1743 generarat
1371 1714 1481 1739 Castore
1492 1716 1609 1746 prolem,

981 1752 1093 1782 Quassat
1105 1752 1232 1776 humum.

950 1817 972 1832 “
994 1815 1078 1845 Caeczc
1102 1827 1121 1845 a
1143 1816 1286 1846 coeundo
1309 1816 1389 1846 dixit
1418 1817 1453 1847 in
1484 1818 1682 1852 Venerem:''

947 1865 1021 1896 ibid.
1037 1867 1230 1898 Lactantius.
1276 1869 1451 1908 Ausonius,
1468 1871 1548 1912 epig.
1568 1874 1649 1905 cviii.

967 1941 1117 1971 Verbaque,
1125 1941 1236 1967 lascivos
1246 1944 1421 1969 meretricum
1433 1945 1567 1972 imitantia
1576 1952 1665 1980 coetus,

968 1980 1075 2005 Vibrat:

951 2042 982 2067 et
1001 2037 1076 2068 ibid.
1092 2038 1166 2069 lxxi.

977 2107 1078 2130 Praeter
1088 2106 1202 2138 legitimi
1213 2107 1339 2139 genitalia
1350 2108 1456 2134 foedera
1467 2111 1554 2141 coetzzs,

978 2146 1104 2177 Repperit
1116 2147 1256 2172 obscoenas
1269 2155 1379 2175 veneres
1391 2150 1487 2175 vitiosa
1497 2151 1588 2177 libido.

947 2205 991 2235 Et
1005 2216 1132 2237 rursum
1147 2207 1283 2249 denique
1298 2209 1331 2239 in
1347 2211 1470 2249 ephem.
1487 2211 1544 2241 ult.
1567 2215 1613 2242 11.

961 2284 1085 2310 Infandas
1096 2287 1179 2311 etiam
1193 2294 1311 2318 veneres,
1323 2288 1477 2319 incestaque
1488 2290 1573 2314 noctis

963 2326 1112 2356 Dedecora‚
1123 2330 1150 2352 et
1162 2328 1277 2359 tragicos
1288 2329 1407 2359 patimur
1417 2336 1465 2360 per
1475 2331 1579 2354 somnia
1590 2334 1676 2358 coetus.

952 2386 1123 2425 Arnobius,
1140 2386 1193 2417 lib.
1209 2387 1247 2417 iv.
1264 2398 1292 2426 p.
1312 2392 1382 2418 141.
1430 2393 1449 2406 “
1466 2389 1534 2419 Nec
1549 2397 1678 2421 conten-

950 2440 973 2454 “
988 2443 1038 2466 tus
1055 2430 1227 2469 hos'coelns
1249 2439 1393 2479 gravitati
1420 2441 1595 2471 attribuisse
1624 2442 1678 2472 Sa-

950 2491 973 2506 “
990 2489 1113 2527 turniae,
1141 2490 1236 2519 etiam
1252 2490 1356 2529 ipsum
1371 2502 1478 2531 regem
1493 2493 1606 2522 mundi
1622 2493 1678 2524 fla-

950 2545 973 2559 “
988 2542 1132 2582 gitiosius
1147 2543 1259 2573 liberos
1281 2555 1466 2583 procreasse,
1495 2556 1591 2585 quam
1613 2547 1679 2586 ipse

951 2597 974 2612 “
988 2601 1034 2624 est
1063 2601 1155 2625 natus
1192 2602 1286 2636 atque
1323 2596 1435 2632 editus,
1473 2597 1678 2636 praedicatis.”

949 2646 1057 2686 Atque
1090 2646 1205 2676 iterum
1233 2646 1374 2683 inferius,
1405 2647 1456 2677 lib.
1486 2658 1514 2679 V.
1548 2660 1578 2688 p.
1606 2653 1676 2681 187.

949 2701 971 2715 “
988 2697 1078 2735 Esto,
1101 2698 1135 2727 in
1157 2698 1246 2728 Jovis
1260 2703 1291 2727 et
1309 2697 1431 2728 Cereris
1445 2706 1521 2730 caetu
1538 2700 1678 2741 irrigatio

949 2752 970 2767 “
987 2749 1027 2778 sit
1041 2748 1216 2788 significata
1232 2748 1384 2780 telluris.”

993 2799 1065 2828 Ver.
1096 2802 1186 2830 1017.
1199 2799 1357 2840 ferretur:
1385 2804 1405 2819 “
1421 2801 1548 2842 quippe,
1576 2813 1677 2843 quum

949 2855 972 2870 “
988 2850 1076 2880 nulla
1090 2850 1170 2881 foret
1185 2852 1274 2882 vacui
1299 2858 1330 2882 et
1355 2854 1501 2893 corporis,
1524 2865 1580 2894 per
1594 2855 1678 2894 posi-

949 2910 968 2923 “
985 2911 1069 2935 turas
1085 2905 1236 2946 quasdam
1263 2906 1400 2946 alternis,
1427 2908 1674 2945 succedentium,

948 2959 970 2976 “
986 2962 1079 2998 atque
1087 2956 1263 2989 seinvicem
1273 2959 1506 2999 excipientium,
1515 2959 1677 2989 infinitum
