1894 3253
190 253 282 295 326

662 242 725 288 T.
770 237 1151 286 LUCRETII

391 377 612 423 Praeterea,
634 371 831 428 quoniam
851 377 1061 426 nequeunt
1081 369 1168 410 sine
1187 368 1277 412 luce
1298 370 1453 411 colores

221 455 301 495 795
334 452 449 500 Esse,
471 463 604 504 neque
623 447 667 487 in
687 447 821 487 lucem
841 445 1041 486 exsistunt
1061 443 1289 499 primordia
1308 459 1465 493 rerum3

338 525 452 566 Scire
470 523 579 572 licet,
603 535 727 578 quam
749 520 830 560 sint
849 518 961 560 nullo
982 517 1113 559 velata
1133 517 1282 559 colore.

337 598 482 648 Qualis
502 598 612 639 enirn
633 596 751 638 caecis
770 595 923 651 poterit
943 594 1055 636 color
1076 609 1162 634 esse
1182 593 1376 643 tenebris,

193 787 278 815 εχειν·
303 779 376 803 κτλ·
403 781 473 812 quae
491 770 583 810 apud‘
601 770 704 810 ipsum
730 770 922 801 Chaeronen-

194 836 260 856 sem
275 823 443 866 quaerenda
457 829 539 854 sunt.

239 878 312 908 Ver.
344 879 414 908 796.
448 878 563 907 velata:
589 875 608 905 i.
638 885 664 905 e.
690 874 816 912 induta;
839 874 924 904 unde

197 929 375 966 auctoritas,
391 933 422 958 et
437 926 693 962 stabilimentum,
711 925 924 955 emendationi

198 981 378 1011 criticorum
394 979 434 1009 ad
449 989 510 1009 ver.
527 982 598 1009 753.
622 976 790 1012 accederet,
810 976 835 1006 si
858 976 923 1005 suf-

196 1032 296 1073 fragio
310 1041 368 1061 suo
382 1029 503 1060 codices
517 1029 561 1059 ibi
576 1029 825 1067 comprobarent:
852 1027 926 1057 hinc

196 1084 303 1120 etiam,
331 1092 401 1123 quae
427 1091 484 1110 nos
499 1079 621 1110 dudum
643 1078 870 1118 disputavimus
884 1078 924 1107 ad

198 1134 287 1174 Virg.
313 1143 381 1174 ge0.
403 1132 422 1163 i.
440 1135 511 1163 467.
534 1131 674 1162 Lucretii
700 1136 776 1160 tunc
802 1129 925 1168 penitus

199 1188 410 1223 immemores,
423 1184 619 1225 aliquatenus
627 1183 840 1213 infirmantur:
860 1181 926 1219 sed,

198 1244 235 1268 ut
249 1242 393 1276 erumpat
407 1247 479 1266 vera
494 1246 552 1266 vox
568 1246 585 1265 e
601 1241 735 1274 pectore,
752 1236 818 1263 haec
833 1233 928 1263 dictio

197 1292 294 1321 velata
310 1289 389 1319 mihi
411 1287 501 1317 valde
527 1293 572 1316 est
597 1291 754 1324 suspecta;
778 1290 808 1314 et
831 1285 926 1323 scrip-

200 1348 281 1372 tores
295 1339 424 1377 librarii‚
449 1338 483 1368 ni
509 1337 611 1373 fallor,
639 1336 769 1376 aliquid,
791 1337 859 1376 jam
874 1335 927 1365 de-

199 1391 421 1432 promendum,
445 1390 479 1419 in
502 1389 596 1428 longe
612 1387 846 1423 venustissimis,
873 1398 926 1426 pa-

200 1454 272 1474 rum
281 1443 421 1478 assecuti,
429 1440 711 1481 frugesglandibus
720 1444 927 1470 mutaverunt.

205 1495 330 1534 Scripsit
345 1494 453 1534 utique
468 1492 647 1523 Lucretius:

551 1559 624 1583 nullo
636 1559 737 1583 violata
750 1560 839 1584 colore
851 1567 857 1583 ε

202 1630 222 1660 i.
238 1639 263 1659 e.
287 1629 398 1666 tinctaj,
421 1633 526 1667 atque,
542 1637 615 1656 cum
631 1627 689 1656 hac
705 1626 831 1665 insuper
847 1637 931 1656 com.

203 1681 416 1717 mendatione,
454 1679 674 1709 stomachantis
704 1680 790 1719 quasi
821 1680 932 1718 po'e'tae,

203 1735 376 1765 violentiam
387 1731 545 1772 quandam
558 1731 748 1770 simplicibus
760 1731 827 1771 ejus
839 1737 933 1771 atque

205 1785 290 1825 puris
305 1783 467 1814 elementis
482 1783 602 1813 illatam
629 1793 705 1819 esse,
733 1782 805 1812 fuco
834 1792 933 1812 mere-

206 1837 295 1868 tricio
309 1836 487 1875 deturpatis.
535 1835 595 1865 Sed
622 1841 721 1864 exstat
736 1834 864 1875 Virgilii
887 1834 933 1864 lo-

207 1900 262 1919 cus
287 1895 351 1919 tam
377 1888 546 1928 appositus,
564 1894 599 1917 ut
625 1887 666 1917 ad
690 1888 770 1916 hanc
795 1887 934 1916 Lucretii

206 1940 397 1971 locutionem
422 1939 641 1969 illustrandam
664 1939 757 1968 unice
772 1938 872 1968 factus
888 1938 934 1967 vi-

161 2034 165 2035 ⁷
208 1992 272 2022 deri
287 1991 394 2030 possit,
410 1991 443 2020 in
460 1991 535 2020 AEn.
552 1990 603 2020 xii.
623 1993 673 2021 67.

271 2064 368 2088 Indum
379 2063 524 2094 sanguineo
536 2063 619 2087 veluti
631 2062 780 2087 violaverit
790 2066 862 2086 ostro

272 2104 298 2128 Si
308 2104 365 2134 quis
376 2103 456 2128 ebur:

210 2169 229 2199 i.
245 2178 271 2198 e.
293 2177 409 2206 purum
425 2166 492 2206 ejus
507 2166 641 2196 nitorem
657 2165 796 2203 tinxerit,
813 2171 843 2195 et
865 2175 935 2195 cor-

211 2219 331 2260 ruperit
344 2219 532 2255 castitatem;
555 2228 593 2248 ex
610 2218 773 2247 Homereo
788 2231 881 2259 μιῃνῃ,
900 2216 940 2246 Il.

213 2279 251 2303 Δ.
271 2275 339 2301 141.
355 2271 402 2301 uti
420 2269 544 2300 Servius
559 2268 738 2299 observavit.

255 2324 331 2354 Ver.
355 2325 426 2354 798.
457 2321 602 2352 Editores
631 2320 798 2358 temerarii,
827 2320 940 2360 quibus

213 2375 293 2406 nihil
304 2373 393 2405 ardui
405 2379 451 2404 est
461 2372 494 2402 in
507 2372 645 2403 Lucretii
655 2371 775 2411 scriptis
784 2370 940 2409 vitiandis,

216 2438 253 2458 ex
268 2425 394 2457 arbitrio
408 2434 497 2455 voces
511 2423 710 2463 transpositas
727 2423 852 2454 dedere:

276 2495 392 2520 Lumine
403 2493 450 2525 qui
460 2497 576 2518 mutatur
587 2493 613 2517 in
624 2493 718 2525 ipso-.-

219 2547 319 2592 Supra
330 2562 395 2582 rem
407 2551 580 2591 tetigimuS,
590 2556 792 2589 provocantes
803 2549 842 2579 ad
852 2548 943 2589 Virg.

218 2604 272 2633 ecl.
295 2603 357 2633 viii.
382 2606 451 2633 108.
474 2601 593 2632 Videas
615 2601 709 2632 etiam
732 2611 793 2630 ver.
821 2603 892 2631 755.
915 2606 946 2629 et

219 2665 245 2685 ν.
262 2658 289 2686 7.

262 2707 335 2736 Ver.
352 2709 424 2738 799.
443 2716 621 2745 percussus:
650 2711 691 2735 Π.
714 2706 889 2744 perculsum
915 2707 945 2732 et

222 2757 263 2786 V.
282 2757 328 2786 ed.
347 2760 508 2797 percussis.

266 2807 346 2838 Ibid.
374 2820 535 2847 percussus
566 2809 713 2850 refulget:
754 2809 773 2837 i.
798 2818 824 2837 e.
862 2806 946 2837 color

224 2859 375 2896 cernitur;
398 2870 453 2898 pro
485 2862 576 2891 rebus
604 2860 688 2900 ipsis,
711 2860 784 2890 hinc
810 2858 946 2889 colorem

226 2919 317 2942 tuum
332 2911 439 2949 nactis,
466 2911 514 2941 vel
529 2912 770 2944 ostendentibus
818 2911 862 2942 Et
876 2909 945 2950 pul-

966 770 1038 800 chre
1062 779 1236 810 percussus,
1260 768 1299 798 ob
1325 766 1387 797 diei
1413 767 1484 803 tela,
1508 765 1527 795 i.
1555 768 1622 796 148.
1646 765 1695 796 vel

966 824 1082 862 spicula
1100 822 1189 859 lucis,
1205 820 1356 850 ferientia.
1400 818 1571 858 Eleganter
1587 818 1690 853 Silius,

967 875 1010 904 iii.
1025 879 1096 906 694.
1119 883 1214 914 quem
1229 872 1418 902 accuratiore
1440 870 1590 910 scriptura
1621 880 1695 901 con.

968 926 1130 956 cinnatum
1146 925 1310 955 exhibebo:

1000 1010 1127 1038 Dumque
1140 1014 1171 1032 ea
1182 1006 1323 1035 miramur,
1339 1005 1426 1030 subito
1440 1004 1562 1034 stridore,
1579 1008 1697 1030 tremen-

1092 1047 1158 1071 dum
1169 1047 1174 1071 !

999 1087 1126 1119 Impulsae
1138 1091 1250 1118 patuere
1261 1085 1347 1111 sores:
1366 1085 1504 1116 majorque
1517 1087 1628 1116 repente

1000 1131 1059 1152 Lux
1071 1126 1241 1158 oculosferit.

973 1201 1124 1231 Conferas
1146 1200 1186 1230 ix.
1211 1203 1282 1230 651.
1308 1198 1426 1229 Similis
1452 1199 1588 1241 ακριξεια,
1612 1197 1698 1238 quic-

972 1254 1050 1295 quid
1065 1259 1109 1283 est
1120 1253 1286 1283 hominum
1303 1251 1517 1282 venustiorum
1529 1261 1580 1280 me
1591 1249 1701 1280 laudat-

971 1305 1029 1342 bit,
1054 1304 1078 1333 si
1095 1310 1201 1334 auctor
1216 1303 1287 1341 sim,
1315 1309 1351 1333 ut
1369 1303 1437 1343 jam
1462 1301 1590 1332 tandem
1612 1301 1701 1332 adhi-

972 1357 1081 1386 beatur
1095 1355 1135 1385 ad
1150 1355 1188 1385 vi.
1204 1358 1276 1385 205.
1299 1354 1471 1384 eorundem
1488 1354 1698 1384 Punicorum:

1003 1434 1081 1456 Hunc
1093 1431 1182 1456 medio
1194 1431 1289 1455 invasit
1300 1431 1384 1455 fluctu
1394 1439 1401 1460 3
1419 1430 1540 1461 ripaeque
1551 1429 1648 1454 relatos

1005 1473 1062 1495 Heu
1073 1471 1078 1494 !
1102 1473 1194 1502 (genus
1205 1470 1348 1494 infandum
1361 1470 1408 1494 leti
1418 1470 1437 1499 !)
1456 1469 1608 1500 depascitur
1618 1472 1701 1493 artus.

977 1538 1043 1568 Nec
1058 1537 1164 1566 minus
1179 1536 1220 1567 ad
1235 1546 1263 1567 x.
1278 1538 1352 1567 565.

1006 1616 1041 1639 Et
1061 1614 1135 1639 densi
1155 1618 1219 1639 ante
1240 1614 1341 1644 oculos,
1363 1614 1516 1645 iterumque
1540 1614 1706 1647 iterumque,

1099 1655 1290 1680 tremendum!

1007 1695 1153 1719 Vibrabunt
1166 1695 1249 1726 ignes.

980 1760 1045 1790 Adi
1061 1761 1151 1800 Virg.
1163 1771 1230 1801 geo.
1243 1761 1262 1790 i.
1279 1764 1351 1792 479.
1370 1761 1444 1791 Stat.
1458 1761 1557 1791 Theb.
1570 1761 1621 1792 vii.
1634 1765 1706 1792 415.

979 1822 1036 1842 nos
1052 1811 1092 1842 ad
1107 1812 1151 1842 iii.
1172 1816 1243 1843 298.
1266 1812 1433 1842 Valerium
1449 1812 1599 1843 Flaccum
1620 1823 1705 1843 ema-

979 1863 1126 1894 culanteS.
1163 1864 1224 1894 llle
1238 1863 1367 1902 Statius,
1383 1863 1461 1893 dum
1471 1864 1503 1893 in
1516 1865 1576 1894 hoc
1587 1874 1707 1903 sumus,

978 1917 1051 1948 hinc
1066 1915 1282 1946 emendandus
1298 1921 1355 1953 est,
1371 1915 1411 1945 ad
1425 1915 1490 1945 silv.
1507 1915 1538 1945 ii.
1557 1918 1584 1946 7.
1604 1920 1672 1948 100.

1074 2002 1114 2026 Sic
1126 2005 1152 2026 et
1165 2005 1195 2025 tu
1207 2000 1304 2029 rabido,
1316 1999 1405 2025 nefas!
1423 2003 1542 2031 tyranno,

1073 2043 1161 2072 Jussus
1172 2040 1341 2072 praecipitem
1354 2039 1441 2064 subire
1454 2039 1569 2068 Lethen,

1074 2083 1145 2105 Dum
1158 2087 1270 2112 pugnaS,
1279 2080 1390 2103 canis--

987 2157 1176 2188 Committas
1188 2156 1313 2191 ibidem,
1328 2155 1364 2185 vi.
1377 2158 1405 2184 3.
1419 2160 1450 2184 et
1461 2153 1550 2194 Virg.
1562 2154 1639 2183 ΖΕΗ.
1651 2153 1711 2183 viii.

987 2212 1057 2239 688.
1083 2208 1189 2247 Vulgo
1208 2207 1337 2247 legitur:

1077 2276 1116 2302 Sic
1128 2280 1154 2301 et
1166 2279 1196 2301 tu
1212 2275 1303 2307 <rabidi
1315 2275 1389 2300 nefas
1397 2275 1554 2307 tyranni)—.

984 2337 1036 2366 De
1052 2335 1208 2365 locutione
1224 2340 1330 2364 autem
1352 2334 1428 2372 ipsa,
1449 2345 1612 2373 percussus
1634 2336 1712 2373 luce,

985 2398 1081 2428 quam
1101 2386 1319 2417 illustrandam
1342 2385 1545 2424 sumpsimus,
1571 2386 1717 2416 Draken-

987 2440 1152 2470 borchium
1169 2439 1208 2469 ad
1224 2439 1361 2478 primum
1384 2437 1451 2467 Silii
1465 2437 1571 2467 locum
1587 2437 1671 2467 haud
1687 2443 1718 2467 te

988 2492 1147 2532 poenitebit
1162 2490 1364 2523 consuluisse.

990 2545 1100 2582 Porro,
1127 2545 1184 2573 hos
1206 2553 1311 2573 versus
1334 2540 1539 2572 Lucretianos
1564 2540 1598 2570 in
1621 2539 1718 2570 oculis

989 2597 1054 2627 suis
1072 2597 1190 2626 Seneca
1211 2595 1330 2630 habuit,
1358 2593 1398 2623 ad
1421 2598 1482 2623 nat.
1508 2597 1626 2633 quaestt.
1649 2591 1668 2620 i.
1685 2593 1715 2620 4.

989 2652 1058 2672 -“
1073 2647 1234 2685 animalia,
1257 2656 1392 2687 quorum
1415 2644 1501 2674 color
1522 2649 1576 2673 aut
1590 2652 1628 2672 ex
1642 2641 1716 2680 ipsis

991 2704 1013 2718 “
1030 2704 1282 2736 mutatur,—aut
1310 2696 1462 2736 positione
1490 2697 1584 2728 lucis;
1619 2702 1714 2732 quam

990 2756 1012 2770 “
1029 2757 1122 2791 prout
1136 2758 1249 2782 rectam
1262 2752 1307 2781 vel
1317 2751 1466 2789 obliquam
1481 2743 1662 2784 receperint,
1673 2744 1716 2774 ita

991 2806 1011 2821 “
1029 2802 1235 2833 colorantur.’'

1036 2854 1117 2885 Ibid.
1141 2852 1261 2894 obliquet
1284 2855 1358 2883 luce.
1403 2847 1568 2888 Virgilius,
1593 2857 1660 2887 geo.
1676 2846 1715 2877 iv.

992 2910 1062 2939 5298.
