<?xml version="1.0" encoding="UTF-8"?>
<!DOCTYPE html PUBLIC "-//W3C//DTD XHTML 1.0 Transitional//EN"
    "http://www.w3.org/TR/xhtml1/DTD/xhtml1-transitional.dtd">
<html xmlns="http://www.w3.org/1999/xhtml" xml:lang="en" lang="en">
 <head>
  <title>
</title>
<meta http-equiv="Content-Type" content="text/html;charset=utf-8" />
  <meta name='ocr-system' content='tesseract 3.04.00' />
  <meta name='ocr-capabilities' content='ocr_page ocr_carea ocr_par ocr_line ocrx_word'/>
</head>
<body>
  <div class='ocr_page' id='page_1' title='image "./tlucretiicarider01lucruoft_0138.png"; bbox 0 0 1894 3253; ppageno 0'>
   <div class='ocr_carea' id='block_1_1' title="bbox 161 259 222 304">
    <p class='ocr_par' dir='ltr' id='par_1_1' title="bbox 161 259 222 304">
     <span class='ocr_line' id='line_1_1' title="bbox 161 259 222 304; baseline -0.082 0"><span class='ocrx_word' id='word_1_1' title='bbox 161 259 222 304; x_wconf 83' lang='lat'>78</span> 
     </span>
    </p>
   </div>
   <div class='ocr_carea' id='block_1_2' title="bbox 665 246 1217 297">
    <p class='ocr_par' dir='ltr' id='par_1_2' title="bbox 665 246 1217 297">
     <span class='ocr_line' id='line_1_2' title="bbox 665 246 1217 297; baseline -0.009 0"><span class='ocrx_word' id='word_1_2' title='bbox 665 250 727 297; x_wconf 92' lang='lat' dir='ltr'>T.</span> <span class='ocrx_word' id='word_1_3' title='bbox 781 246 1164 296; x_wconf 88' lang='lat' dir='ltr'>LUCRETII</span> <span class='ocrx_word' id='word_1_4' title='bbox 1214 248 1217 249; x_wconf 69' lang='grc'>’</span> 
     </span>
    </p>
   </div>
   <div class='ocr_carea' id='block_1_3' title="bbox 190 379 1451 507">
    <p class='ocr_par' dir='ltr' id='par_1_3' title="bbox 190 379 1451 507">
     <span class='ocr_line' id='line_1_3' title="bbox 190 379 1451 439; baseline -0.006 -13"><span class='ocrx_word' id='word_1_5' title='bbox 190 388 272 425; x_wconf 79' lang='grc'>335</span> <span class='ocrx_word' id='word_1_6' title='bbox 304 383 594 439; x_wconf 82' lang='lat' dir='ltr'>[Quapropter</span> <span class='ocrx_word' id='word_1_7' title='bbox 612 381 725 421; x_wconf 83' lang='lat' dir='ltr'>locus</span> <span class='ocrx_word' id='word_1_8' title='bbox 745 387 805 421; x_wconf 90' lang='lat' dir='ltr'>est</span> <span class='ocrx_word' id='word_1_9' title='bbox 825 380 1001 421; x_wconf 85' lang='lat' dir='ltr'>intactus</span> <span class='ocrx_word' id='word_1_10' title='bbox 1020 379 1161 428; x_wconf 84' lang='lat' dir='ltr'>inane,</span> <span class='ocrx_word' id='word_1_11' title='bbox 1181 381 1451 434; x_wconf 60' lang='lat' dir='ltr'>vacansque]¹</span> 
     </span>
     <span class='ocr_line' id='line_1_4' title="bbox 307 453 1238 507; baseline -0.006 -8"><span class='ocrx_word' id='word_1_12' title='bbox 307 457 450 507; x_wconf 79' lang='lat' dir='ltr'>Quod,</span> <span class='ocrx_word' id='word_1_13' title='bbox 473 457 505 497; x_wconf 84' lang='lat' dir='ltr'>si</span> <span class='ocrx_word' id='word_1_14' title='bbox 525 469 611 496; x_wconf 90' lang='lat' dir='ltr'>nou</span> <span class='ocrx_word' id='word_1_15' title='bbox 632 463 749 505; x_wconf 87' lang='lat' dir='ltr'>esset,</span> <span class='ocrx_word' id='word_1_16' title='bbox 771 454 881 496; x_wconf 66' lang='lat' dir='ltr'>nulla</span> <span class='ocrx_word' id='word_1_17' title='bbox 902 454 1062 496; x_wconf 85' lang='lat' dir='ltr'>ratione</span> <span class='ocrx_word' id='word_1_18' title='bbox 1080 453 1238 494; x_wconf 84' lang='lat' dir='ltr'>moveri</span> 
     </span>
    </p>
   </div>
   <div class='ocr_carea' id='block_1_4' title="bbox 311 526 1557 736">
    <p class='ocr_par' dir='ltr' id='par_1_4' title="bbox 311 526 1557 736">
     <span class='ocr_line' id='line_1_5' title="bbox 311 526 1557 586; baseline -0.003 -15"><span class='ocrx_word' id='word_1_19' title='bbox 311 533 394 573; x_wconf 84' lang='lat' dir='ltr'>Res</span> <span class='ocrx_word' id='word_1_20' title='bbox 414 537 599 586; x_wconf 82' lang='lat' dir='ltr'>possent3</span> <span class='ocrx_word' id='word_1_21' title='bbox 632 544 827 585; x_wconf 86' lang='lat' dir='ltr'>namque,</span> <span class='ocrx_word' id='word_1_22' title='bbox 850 529 1048 570; x_wconf 91' lang='lat' dir='ltr'>obficium</span> <span class='ocrx_word' id='word_1_23' title='bbox 1069 527 1182 584; x_wconf 92' lang='lat' dir='ltr'>quod</span> <span class='ocrx_word' id='word_1_24' title='bbox 1203 526 1387 582; x_wconf 88' lang='lat' dir='ltr'>corporis</span> <span class='ocrx_word' id='word_1_25' title='bbox 1408 532 1557 576; x_wconf 80' lang='lat' dir='ltr'>exstat,</span> 
     </span>
     <span class='ocr_line' id='line_1_6' title="bbox 311 600 1495 660; baseline -0.006 -13"><span class='ocrx_word' id='word_1_26' title='bbox 311 604 504 647; x_wconf 89' lang='lat' dir='ltr'>Obficere</span> <span class='ocrx_word' id='word_1_27' title='bbox 525 613 648 660; x_wconf 83' lang='lat' dir='ltr'>atque</span> <span class='ocrx_word' id='word_1_28' title='bbox 669 604 846 655; x_wconf 78' lang='lat' dir='ltr'>obstare,</span> <span class='ocrx_word' id='word_1_29' title='bbox 870 604 913 645; x_wconf 86' lang='lat' dir='ltr'>id</span> <span class='ocrx_word' id='word_1_30' title='bbox 933 605 977 645; x_wconf 91' lang='lat' dir='ltr'>in</span> <span class='ocrx_word' id='word_1_31' title='bbox 998 603 1112 645; x_wconf 90' lang='lat' dir='ltr'>omni</span> <span class='ocrx_word' id='word_1_32' title='bbox 1133 610 1320 657; x_wconf 85' lang='lat' dir='ltr'>tempore</span> <span class='ocrx_word' id='word_1_33' title='bbox 1336 600 1495 641; x_wconf 82' lang='lat' dir='ltr'><strong>adesset</strong></span> 
     </span>
     <span class='ocr_line' id='line_1_7' title="bbox 311 676 1527 736; baseline -0.004 -16"><span class='ocrx_word' id='word_1_34' title='bbox 311 679 534 720; x_wconf 87' lang='lat' dir='ltr'>Onmibus:</span> <span class='ocrx_word' id='word_1_35' title='bbox 569 678 683 720; x_wconf 89' lang='lat' dir='ltr'>haud</span> <span class='ocrx_word' id='word_1_36' title='bbox 703 679 830 736; x_wconf 83' lang='lat' dir='ltr'>igitur</span> <span class='ocrx_word' id='word_1_37' title='bbox 851 678 1080 735; x_wconf 81' lang='lat' dir='ltr'>quidquam</span> <span class='ocrx_word' id='word_1_38' title='bbox 1100 676 1326 733; x_wconf 85' lang='lat' dir='ltr'>procedere</span> <span class='ocrx_word' id='word_1_39' title='bbox 1345 683 1527 730; x_wconf 85' lang='lat' dir='ltr'>possent,</span> 
     </span>
    </p>
   </div>
   <div class='ocr_carea' id='block_1_5' title="bbox 168 844 908 1484">
    <p class='ocr_par' dir='ltr' id='par_1_5' title="bbox 168 844 901 991">
     <span class='ocr_line' id='line_1_8' title="bbox 210 844 900 884; baseline 0 -9"><span class='ocrx_word' id='word_1_40' title='bbox 210 846 285 875; x_wconf 78' lang='lat' dir='ltr'>Ver.</span> <span class='ocrx_word' id='word_1_41' title='bbox 311 847 384 875; x_wconf 75' lang='lat'>330.</span> <span class='ocrx_word' id='word_1_42' title='bbox 416 846 547 884; x_wconf 74' lang='lat' dir='ltr'>stipata.-</span> <span class='ocrx_word' id='word_1_43' title='bbox 584 844 604 874; x_wconf 87' lang='lat' dir='ltr'>i.</span> <span class='ocrx_word' id='word_1_44' title='bbox 628 854 653 874; x_wconf 90' lang='lat' dir='ltr'>e.</span> <span class='ocrx_word' id='word_1_45' title='bbox 681 851 900 884; x_wconf 70' lang='grc' dir='ltr'>συμπιλεμενα,</span> 
     </span>
     <span class='ocr_line' id='line_1_9' title="bbox 168 896 901 936; baseline -0.003 -8"><span class='ocrx_word' id='word_1_46' title='bbox 168 897 214 928; x_wconf 81' lang='lat' dir='ltr'>vel</span> <span class='ocrx_word' id='word_1_47' title='bbox 233 909 408 930; x_wconf 63' lang='grc' dir='ltr'>πυκνεμενα·</span> <span class='ocrx_word' id='word_1_48' title='bbox 433 907 503 936; x_wconf 85' lang='lat' dir='ltr'>quae</span> <span class='ocrx_word' id='word_1_49' title='bbox 518 902 591 926; x_wconf 89' lang='lat' dir='ltr'>sunt</span> <span class='ocrx_word' id='word_1_50' title='bbox 608 896 786 926; x_wconf 86' lang='lat' dir='ltr'>Aristotelis</span> <span class='ocrx_word' id='word_1_51' title='bbox 799 907 901 934; x_wconf 79' lang='lat' dir='ltr'>voces,</span> 
     </span>
     <span class='ocr_line' id='line_1_10' title="bbox 169 947 816 991; baseline -0.006 -11"><span class='ocrx_word' id='word_1_52' title='bbox 169 962 235 991; x_wconf 69' lang='grc' dir='ltr'>περι</span> <span class='ocrx_word' id='word_1_53' title='bbox 252 957 317 988; x_wconf 71' lang='lat' dir='ltr'>&lt;puc-</span> <span class='ocrx_word' id='word_1_54' title='bbox 335 962 387 978; x_wconf 76' lang='grc' dir='ltr'>ακ·</span> <span class='ocrx_word' id='word_1_55' title='bbox 404 947 442 977; x_wconf 87' lang='lat' dir='ltr'>iv.</span> <span class='ocrx_word' id='word_1_56' title='bbox 460 952 487 979; x_wconf 87' lang='lat'>9.</span> <span class='ocrx_word' id='word_1_57' title='bbox 512 947 625 977; x_wconf 89' lang='lat' dir='ltr'>eodem</span> <span class='ocrx_word' id='word_1_58' title='bbox 635 953 816 986; x_wconf 81' lang='lat' dir='ltr'>spectantes.</span> 
     </span>
    </p>

    <p class='ocr_par' dir='ltr' id='par_1_6' title="bbox 171 998 903 1147">
     <span class='ocr_line' id='line_1_11' title="bbox 216 998 902 1036; baseline -0.004 -5"><span class='ocrx_word' id='word_1_59' title='bbox 216 1000 296 1031; x_wconf 89' lang='lat' dir='ltr'>Ibid.</span> <span class='ocrx_word' id='word_1_60' title='bbox 312 1006 474 1030; x_wconf 77' lang='lat' dir='ltr'>tenentur:</span> <span class='ocrx_word' id='word_1_61' title='bbox 500 999 519 1029; x_wconf 86' lang='lat' dir='ltr'>i.</span> <span class='ocrx_word' id='word_1_62' title='bbox 535 1009 561 1029; x_wconf 90' lang='lat' dir='ltr'>e.</span> <span class='ocrx_word' id='word_1_63' title='bbox 586 998 800 1036; x_wconf 86' lang='lat' dir='ltr'>continentur,</span> <span class='ocrx_word' id='word_1_64' title='bbox 828 1009 902 1029; x_wconf 91' lang='lat' dir='ltr'>con-</span> 
     </span>
     <span class='ocr_line' id='line_1_12' title="bbox 171 1050 903 1093; baseline -0.003 -11"><span class='ocrx_word' id='word_1_65' title='bbox 171 1051 349 1093; x_wconf 77' lang='lat' dir='ltr'>globantur,</span> <span class='ocrx_word' id='word_1_66' title='bbox 368 1057 399 1081; x_wconf 89' lang='lat' dir='ltr'>et</span> <span class='ocrx_word' id='word_1_67' title='bbox 414 1051 495 1080; x_wconf 88' lang='lat' dir='ltr'>inter</span> <span class='ocrx_word' id='word_1_68' title='bbox 511 1061 543 1080; x_wconf 88' lang='lat' dir='ltr'>se</span> <span class='ocrx_word' id='word_1_69' title='bbox 558 1051 725 1081; x_wconf 85' lang='lat' dir='ltr'>cohaerent.</span> <span class='ocrx_word' id='word_1_70' title='bbox 771 1050 903 1090; x_wconf 84' lang='lat' dir='ltr'>Virgili-</span> 
     </span>
     <span class='ocr_line' id='line_1_13' title="bbox 171 1106 448 1147; baseline -0.011 -9"><span class='ocrx_word' id='word_1_71' title='bbox 171 1118 220 1145; x_wconf 88' lang='lat' dir='ltr'>us,</span> <span class='ocrx_word' id='word_1_72' title='bbox 241 1117 310 1147; x_wconf 86' lang='lat' dir='ltr'>geo.</span> <span class='ocrx_word' id='word_1_73' title='bbox 327 1106 359 1136; x_wconf 88' lang='lat' dir='ltr'>ii.</span> <span class='ocrx_word' id='word_1_74' title='bbox 374 1108 448 1136; x_wconf 84' lang='grc'><strong>571.</strong></span> 
     </span>
    </p>

    <p class='ocr_par' dir='ltr' id='par_1_7' title="bbox 170 1171 906 1267">
     <span class='ocr_line' id='line_1_14' title="bbox 170 1171 903 1205; baseline -0.005 -6"><span class='ocrx_word' id='word_1_75' title='bbox 170 1176 316 1200; x_wconf 77' lang='lat' dir='ltr'>Texendae</span> <span class='ocrx_word' id='word_1_76' title='bbox 328 1180 413 1205; x_wconf 85' lang='lat' dir='ltr'>saepes</span> <span class='ocrx_word' id='word_1_77' title='bbox 424 1173 517 1202; x_wconf 85' lang='lat' dir='ltr'>etiam,</span> <span class='ocrx_word' id='word_1_78' title='bbox 529 1176 556 1197; x_wconf 84' lang='lat' dir='ltr'>et</span> <span class='ocrx_word' id='word_1_79' title='bbox 567 1179 649 1204; x_wconf 84' lang='lat' dir='ltr'>pecus</span> <span class='ocrx_word' id='word_1_80' title='bbox 661 1178 742 1196; x_wconf 91' lang='lat' dir='ltr'>omne</span> <span class='ocrx_word' id='word_1_81' title='bbox 753 1171 903 1196; x_wconf 78' lang='lat' dir='ltr'>tenendum.-</span> 
     </span>
     <span class='ocr_line' id='line_1_15' title="bbox 172 1229 906 1267; baseline -0.003 -5"><span class='ocrx_word' id='word_1_82' title='bbox 172 1232 194 1262; x_wconf 83' lang='lat' dir='ltr'>i.</span> <span class='ocrx_word' id='word_1_83' title='bbox 209 1242 235 1261; x_wconf 92' lang='lat' dir='ltr'>e.</span> <span class='ocrx_word' id='word_1_84' title='bbox 251 1230 472 1267; x_wconf 55' lang='lat' dir='ltr'>courcendum,</span> <span class='ocrx_word' id='word_1_85' title='bbox 487 1235 518 1259; x_wconf 88' lang='lat' dir='ltr'>et</span> <span class='ocrx_word' id='word_1_86' title='bbox 530 1229 659 1259; x_wconf 83' lang='lat' dir='ltr'>stabulis</span> <span class='ocrx_word' id='word_1_87' title='bbox 670 1229 906 1260; x_wconf 90' lang='lat' dir='ltr'>continendum.</span> 
     </span>
    </p>

    <p class='ocr_par' dir='ltr' id='par_1_8' title="bbox 175 1288 906 1382">
     <span class='ocr_line' id='line_1_16' title="bbox 218 1288 906 1328; baseline 0 -9"><span class='ocrx_word' id='word_1_88' title='bbox 218 1291 294 1320; x_wconf 76' lang='lat' dir='ltr'>Ver.</span> <span class='ocrx_word' id='word_1_89' title='bbox 321 1293 392 1319; x_wconf 75' lang='lat'>552.</span> <span class='ocrx_word' id='word_1_90' title='bbox 416 1299 570 1328; x_wconf 73' lang='lat' dir='ltr'>cognosse:</span> <span class='ocrx_word' id='word_1_91' title='bbox 597 1288 635 1318; x_wconf 88' lang='lat' dir='ltr'>B.</span> <span class='ocrx_word' id='word_1_92' title='bbox 661 1300 838 1323; x_wconf 76' lang='lat' dir='ltr'>commune,-</span> <span class='ocrx_word' id='word_1_93' title='bbox 867 1295 906 1319; x_wconf 87' lang='grc' dir='ltr'>Π.</span> 
     </span>
     <span class='ocr_line' id='line_1_17' title="bbox 175 1352 324 1382; baseline -0.02 -8"><span class='ocrx_word' id='word_1_94' title='bbox 175 1352 324 1382; x_wconf 82' lang='lat' dir='ltr'>cognosce.</span> 
     </span>
    </p>

    <p class='ocr_par' dir='ltr' id='par_1_9' title="bbox 175 1391 908 1484">
     <span class='ocr_line' id='line_1_18' title="bbox 219 1391 907 1424; baseline -0.004 0"><span class='ocrx_word' id='word_1_95' title='bbox 219 1393 293 1424; x_wconf 89' lang='lat' dir='ltr'>Ver.</span> <span class='ocrx_word' id='word_1_96' title='bbox 309 1396 382 1423; x_wconf 85' lang='grc'><strong>555.</strong></span> <span class='ocrx_word' id='word_1_97' title='bbox 406 1393 505 1423; x_wconf 78' lang='lat' dir='ltr'>sinet:</span> <span class='ocrx_word' id='word_1_98' title='bbox 533 1391 572 1422; x_wconf 88' lang='lat' dir='ltr'>V.</span> <span class='ocrx_word' id='word_1_99' title='bbox 595 1392 642 1422; x_wconf 91' lang='lat' dir='ltr'>ed.</span> <span class='ocrx_word' id='word_1_100' title='bbox 669 1394 743 1423; x_wconf 79' lang='lat' dir='ltr'>sine.</span> <span class='ocrx_word' id='word_1_101' title='bbox 789 1393 907 1422; x_wconf 84' lang='lat' dir='ltr'>Absor-</span> 
     </span>
     <span class='ocr_line' id='line_1_19' title="bbox 175 1443 908 1484; baseline -0.005 -8"><span class='ocrx_word' id='word_1_102' title='bbox 175 1446 240 1477; x_wconf 84' lang='lat' dir='ltr'>beri</span> <span class='ocrx_word' id='word_1_103' title='bbox 256 1444 353 1484; x_wconf 79' lang='lat' dir='ltr'>possit</span> <span class='ocrx_word' id='word_1_104' title='bbox 374 1444 474 1479; x_wconf 88' lang='lat' dir='ltr'>litera,</span> <span class='ocrx_word' id='word_1_105' title='bbox 498 1448 529 1473; x_wconf 90' lang='lat' dir='ltr'>et</span> <span class='ocrx_word' id='word_1_106' title='bbox 555 1443 711 1482; x_wconf 82' lang='lat' dir='ltr'>scripsisse</span> <span class='ocrx_word' id='word_1_107' title='bbox 732 1444 908 1481; x_wconf 86' lang='lat' dir='ltr'>Lucretius,</span> 
     </span>
    </p>
   </div>
   <div class='ocr_carea' id='block_1_6' title="bbox 176 1495 908 1587">
    <p class='ocr_par' dir='ltr' id='par_1_10' title="bbox 176 1495 908 1587">
     <span class='ocr_line' id='line_1_20' title="bbox 176 1495 908 1537; baseline -0.004 -9"><span class='ocrx_word' id='word_1_108' title='bbox 176 1497 317 1537; x_wconf 83' lang='lat' dir='ltr'>pleniore</span> <span class='ocrx_word' id='word_1_109' title='bbox 331 1496 531 1527; x_wconf 86' lang='lat' dir='ltr'>distinctione</span> <span class='ocrx_word' id='word_1_110' title='bbox 547 1495 587 1525; x_wconf 87' lang='lat' dir='ltr'>ad</span> <span class='ocrx_word' id='word_1_111' title='bbox 602 1495 700 1526; x_wconf 87' lang='lat' dir='ltr'>finem</span> <span class='ocrx_word' id='word_1_112' title='bbox 711 1495 816 1526; x_wconf 69' lang='lat' dir='ltr'>versus</span> <span class='ocrx_word' id='word_1_113' title='bbox 830 1506 908 1535; x_wconf 84' lang='lat' dir='ltr'>prae-</span> 
     </span>
     <span class='ocr_line' id='line_1_21' title="bbox 177 1547 445 1587; baseline -0.011 -7"><span class='ocrx_word' id='word_1_114' title='bbox 177 1548 317 1580; x_wconf 80' lang='lat' dir='ltr'>cedentis</span> <span class='ocrx_word' id='word_1_115' title='bbox 330 1547 445 1587; x_wconf 73' lang='lat' dir='ltr'>posita:</span> 
     </span>
    </p>
   </div>
   <div class='ocr_carea' id='block_1_7' title="bbox 182 1613 885 1778">
    <p class='ocr_par' dir='ltr' id='par_1_11' title="bbox 182 1613 885 1778">
     <span class='ocr_line' id='line_1_22' title="bbox 271 1613 714 1639; baseline -0.002 -1"><span class='ocrx_word' id='word_1_116' title='bbox 271 1616 326 1639; x_wconf 87' lang='lat' dir='ltr'>Nec</span> <span class='ocrx_word' id='word_1_117' title='bbox 337 1614 389 1638; x_wconf 80' lang='lat' dir='ltr'>sine</span> <span class='ocrx_word' id='word_1_118' title='bbox 400 1617 423 1638; x_wconf 80' lang='lat' dir='ltr'>te</span> <span class='ocrx_word' id='word_1_119' title='bbox 434 1617 570 1639; x_wconf 83' lang='lat' dir='ltr'>errantem</span> <span class='ocrx_word' id='word_1_120' title='bbox 582 1613 714 1639; x_wconf 83' lang='lat' dir='ltr'>dubitare.</span> 
     </span>
     <span class='ocr_line' id='line_1_23' title="bbox 182 1679 496 1715; baseline -0.01 -4"><span class='ocrx_word' id='word_1_121' title='bbox 182 1679 342 1715; x_wconf 85' lang='lat' dir='ltr'>Similiter,</span> <span class='ocrx_word' id='word_1_122' title='bbox 358 1689 385 1709; x_wconf 82' lang='lat' dir='ltr'>v.</span> <span class='ocrx_word' id='word_1_123' title='bbox 405 1682 496 1709; x_wconf 76' lang='lat'>1128.</span> 
     </span>
     <span class='ocr_line' id='line_1_24' title="bbox 194 1745 885 1778; baseline -0.004 -6"><span class='ocrx_word' id='word_1_124' title='bbox 194 1747 317 1777; x_wconf 84' lang='lat' dir='ltr'>Proinde,</span> <span class='ocrx_word' id='word_1_125' title='bbox 328 1746 381 1771; x_wconf 83' lang='lat' dir='ltr'>sine</span> <span class='ocrx_word' id='word_1_126' title='bbox 391 1746 524 1771; x_wconf 83' lang='lat' dir='ltr'>incassum</span> <span class='ocrx_word' id='word_1_127' title='bbox 535 1745 630 1770; x_wconf 77' lang='lat' dir='ltr'>defessi</span> <span class='ocrx_word' id='word_1_128' title='bbox 640 1746 769 1778; x_wconf 78' lang='lat' dir='ltr'>sanguine</span> <span class='ocrx_word' id='word_1_129' title='bbox 780 1746 885 1770; x_wconf 86' lang='lat' dir='ltr'>sudent.</span> 
     </span>
    </p>
   </div>
   <div class='ocr_carea' id='block_1_8' title="bbox 181 1801 928 2933">
    <p class='ocr_par' dir='ltr' id='par_1_12' title="bbox 181 1801 917 2043">
     <span class='ocr_line' id='line_1_25' title="bbox 223 1801 912 1834; baseline 0 0"><span class='ocrx_word' id='word_1_130' title='bbox 223 1804 299 1834; x_wconf 88' lang='lat' dir='ltr'>Ver.</span> <span class='ocrx_word' id='word_1_131' title='bbox 314 1807 386 1834; x_wconf 80' lang='lat'>554.</span> <span class='ocrx_word' id='word_1_132' title='bbox 431 1805 481 1834; x_wconf 83' lang='lat' dir='ltr'>De</span> <span class='ocrx_word' id='word_1_133' title='bbox 496 1801 632 1834; x_wconf 78' lang='lat' dir='ltr'>summci:</span> <span class='ocrx_word' id='word_1_134' title='bbox 660 1803 699 1833; x_wconf 92' lang='lat' dir='ltr'>B.</span> <span class='ocrx_word' id='word_1_135' title='bbox 724 1804 765 1833; x_wconf 88' lang='lat' dir='ltr'>In</span> <span class='ocrx_word' id='word_1_136' title='bbox 780 1813 912 1834; x_wconf 81' lang='lat' dir='ltr'>summa:</span> 
     </span>
     <span class='ocr_line' id='line_1_26' title="bbox 181 1855 914 1895; baseline -0.001 -9"><span class='ocrx_word' id='word_1_137' title='bbox 181 1856 281 1886; x_wconf 84' lang='lat' dir='ltr'>voluit</span> <span class='ocrx_word' id='word_1_138' title='bbox 303 1857 424 1895; x_wconf 87' lang='lat' dir='ltr'>opinor,</span> <span class='ocrx_word' id='word_1_139' title='bbox 451 1858 491 1887; x_wconf 84' lang='lat' dir='ltr'>In</span> <span class='ocrx_word' id='word_1_140' title='bbox 518 1866 687 1893; x_wconf 79' lang='lat' dir='ltr'>snmmam‚·</span> <span class='ocrx_word' id='word_1_141' title='bbox 712 1865 770 1885; x_wconf 89' lang='lat' dir='ltr'>nec</span> <span class='ocrx_word' id='word_1_142' title='bbox 793 1855 914 1894; x_wconf 90' lang='lat' dir='ltr'>inscite,</span> 
     </span>
     <span class='ocr_line' id='line_1_27' title="bbox 183 1908 915 1949; baseline -0.001 -11"><span class='ocrx_word' id='word_1_143' title='bbox 183 1918 284 1949; x_wconf 88' lang='lat' dir='ltr'>quum</span> <span class='ocrx_word' id='word_1_144' title='bbox 305 1915 398 1938; x_wconf 85' lang='lat' dir='ltr'>castae</span> <span class='ocrx_word' id='word_1_145' title='bbox 412 1908 593 1938; x_wconf 76' lang='lat' dir='ltr'>Latinitatis</span> <span class='ocrx_word' id='word_1_146' title='bbox 615 1914 756 1938; x_wconf 85' lang='lat' dir='ltr'>auctores</span> <span class='ocrx_word' id='word_1_147' title='bbox 774 1918 838 1938; x_wconf 92' lang='lat' dir='ltr'>non</span> <span class='ocrx_word' id='word_1_148' title='bbox 854 1909 915 1938; x_wconf 90' lang='lat' dir='ltr'>mi-</span> 
     </span>
     <span class='ocr_line' id='line_1_28' title="bbox 184 1964 917 2001; baseline 0 -10"><span class='ocrx_word' id='word_1_149' title='bbox 184 1972 244 1991; x_wconf 85' lang='lat' dir='ltr'>nus</span> <span class='ocrx_word' id='word_1_150' title='bbox 259 1964 292 1991; x_wconf 82' lang='lat' dir='ltr'>z&#39;n</span> <span class='ocrx_word' id='word_1_151' title='bbox 308 1973 370 1992; x_wconf 84' lang='lat' dir='ltr'>rem</span> <span class='ocrx_word' id='word_1_152' title='bbox 388 1971 537 2001; x_wconf 79' lang='lat' dir='ltr'>quaerere,</span> <span class='ocrx_word' id='word_1_153' title='bbox 553 1972 651 2001; x_wconf 86' lang='lat' dir='ltr'>quam</span> <span class='ocrx_word' id='word_1_154' title='bbox 667 1964 703 1992; x_wconf 85' lang='lat' dir='ltr'>de</span> <span class='ocrx_word' id='word_1_155' title='bbox 717 1973 751 1992; x_wconf 81' lang='lat' dir='ltr'>re</span> <span class='ocrx_word' id='word_1_156' title='bbox 766 1972 917 2001; x_wconf 82' lang='lat' dir='ltr'>quaerere,</span> 
     </span>
     <span class='ocr_line' id='line_1_29' title="bbox 184 2013 476 2043; baseline -0.003 0"><span class='ocrx_word' id='word_1_157' title='bbox 184 2013 318 2043; x_wconf 82' lang='lat' dir='ltr'>subinde</span> <span class='ocrx_word' id='word_1_158' title='bbox 332 2013 476 2043; x_wconf 85' lang='lat' dir='ltr'>dixerint.</span> 
     </span>
    </p>

    <p class='ocr_par' dir='ltr' id='par_1_13' title="bbox 185 2065 925 2674">
     <span class='ocr_line' id='line_1_30' title="bbox 227 2065 920 2103; baseline -0.001 -9"><span class='ocrx_word' id='word_1_159' title='bbox 227 2065 303 2094; x_wconf 89' lang='lat' dir='ltr'>Ver.</span> <span class='ocrx_word' id='word_1_160' title='bbox 319 2067 389 2095; x_wconf 86' lang='grc'><strong>555.</strong></span> <span class='ocrx_word' id='word_1_161' title='bbox 440 2065 647 2103; x_wconf 72' lang='lat' dir='ltr'>Quapropter:</span> <span class='ocrx_word' id='word_1_162' title='bbox 674 2074 775 2103; x_wconf 89' lang='lat' dir='ltr'>quum</span> <span class='ocrx_word' id='word_1_163' title='bbox 795 2073 920 2102; x_wconf 87' lang='lat' dir='ltr'>prorsus</span> 
     </span>
     <span class='ocr_line' id='line_1_31' title="bbox 185 2115 919 2156; baseline -0.001 -10"><span class='ocrx_word' id='word_1_164' title='bbox 185 2116 267 2147; x_wconf 86' lang='lat' dir='ltr'>nihil</span> <span class='ocrx_word' id='word_1_165' title='bbox 292 2116 494 2156; x_wconf 81' lang='lat' dir='ltr'>praecesserit,</span> <span class='ocrx_word' id='word_1_166' title='bbox 520 2126 558 2146; x_wconf 77' lang='lat' dir='ltr'>ex</span> <span class='ocrx_word' id='word_1_167' title='bbox 585 2126 647 2156; x_wconf 89' lang='lat' dir='ltr'>quo</span> <span class='ocrx_word' id='word_1_168' title='bbox 673 2115 726 2145; x_wconf 87' lang='lat' dir='ltr'>fiat</span> <span class='ocrx_word' id='word_1_169' title='bbox 749 2116 919 2155; x_wconf 84' lang='lat' dir='ltr'>conclusio,</span> 
     </span>
     <span class='ocr_line' id='line_1_32' title="bbox 186 2168 921 2206; baseline -0.001 -7"><span class='ocrx_word' id='word_1_170' title='bbox 186 2178 246 2199; x_wconf 83' lang='lat' dir='ltr'>nec</span> <span class='ocrx_word' id='word_1_171' title='bbox 278 2168 362 2198; x_wconf 81' lang='lat' dir='ltr'>facili</span> <span class='ocrx_word' id='word_1_172' title='bbox 392 2168 432 2198; x_wconf 86' lang='lat' dir='ltr'>sit</span> <span class='ocrx_word' id='word_1_173' title='bbox 460 2168 511 2198; x_wconf 91' lang='lat' dir='ltr'>hic</span> <span class='ocrx_word' id='word_1_174' title='bbox 536 2178 642 2198; x_wconf 83' lang='lat' dir='ltr'>versus</span> <span class='ocrx_word' id='word_1_175' title='bbox 679 2169 921 2206; x_wconf 83' lang='lat' dir='ltr'>constructione,</span> 
     </span>
     <span class='ocr_line' id='line_1_33' title="bbox 187 2218 922 2260; baseline -0.001 -10"><span class='ocrx_word' id='word_1_176' title='bbox 187 2220 242 2250; x_wconf 89' lang='lat' dir='ltr'>sed</span> <span class='ocrx_word' id='word_1_177' title='bbox 257 2219 428 2259; x_wconf 88' lang='lat' dir='ltr'>impeditus</span> <span class='ocrx_word' id='word_1_178' title='bbox 453 2221 674 2260; x_wconf 83' lang='lat' dir='ltr'>obscurusque,</span> <span class='ocrx_word' id='word_1_179' title='bbox 698 2218 838 2250; x_wconf 86' lang='lat' dir='ltr'>oratione</span> <span class='ocrx_word' id='word_1_180' title='bbox 857 2230 922 2250; x_wconf 89' lang='lat' dir='ltr'>sca-</span> 
     </span>
     <span class='ocr_line' id='line_1_34' title="bbox 187 2270 924 2310; baseline -0.003 -8"><span class='ocrx_word' id='word_1_181' title='bbox 187 2271 304 2307; x_wconf 84' lang='lat' dir='ltr'>biosus,</span> <span class='ocrx_word' id='word_1_182' title='bbox 334 2277 365 2301; x_wconf 88' lang='lat' dir='ltr'>et</span> <span class='ocrx_word' id='word_1_183' title='bbox 394 2281 432 2301; x_wconf 87' lang='lat' dir='ltr'>ex</span> <span class='ocrx_word' id='word_1_184' title='bbox 462 2271 550 2301; x_wconf 90' lang='lat' dir='ltr'>omni</span> <span class='ocrx_word' id='word_1_185' title='bbox 579 2276 667 2310; x_wconf 88' lang='lat' dir='ltr'>parte</span> <span class='ocrx_word' id='word_1_186' title='bbox 695 2270 924 2310; x_wconf 84' lang='lat' dir='ltr'>putidissimus,</span> 
     </span>
     <span class='ocr_line' id='line_1_35' title="bbox 189 2323 925 2354; baseline -0.001 -1"><span class='ocrx_word' id='word_1_187' title='bbox 189 2323 223 2353; x_wconf 88' lang='lat' dir='ltr'>in</span> <span class='ocrx_word' id='word_1_188' title='bbox 268 2323 405 2354; x_wconf 84' lang='lat' dir='ltr'>Bentleii</span> <span class='ocrx_word' id='word_1_189' title='bbox 449 2323 637 2353; x_wconf 83' lang='lat' dir='ltr'>sententiam</span> <span class='ocrx_word' id='word_1_190' title='bbox 678 2323 765 2353; x_wconf 88' lang='lat' dir='ltr'>haud</span> <span class='ocrx_word' id='word_1_191' title='bbox 809 2323 925 2353; x_wconf 75' lang='lat' dir='ltr'>invitus</span> 
     </span>
     <span class='ocr_line' id='line_1_36' title="bbox 190 2375 925 2415; baseline -0.001 -10"><span class='ocrx_word' id='word_1_192' title='bbox 190 2376 408 2414; x_wconf 85' lang='lat' dir='ltr'>concesserim,</span> <span class='ocrx_word' id='word_1_193' title='bbox 445 2375 587 2415; x_wconf 83' lang='lat' dir='ltr'>spurium</span> <span class='ocrx_word' id='word_1_194' title='bbox 625 2375 865 2415; x_wconf 88' lang='lat' dir='ltr'>pronunciantis</span> <span class='ocrx_word' id='word_1_195' title='bbox 895 2381 925 2405; x_wconf 88' lang='lat' dir='ltr'>et</span> 
     </span>
     <span class='ocr_line' id='line_1_37' title="bbox 191 2427 924 2468; baseline 0 -11"><span class='ocrx_word' id='word_1_196' title='bbox 191 2428 373 2468; x_wconf 81' lang='lat' dir='ltr'>rejiculum3</span> <span class='ocrx_word' id='word_1_197' title='bbox 408 2427 492 2468; x_wconf 88' lang='lat' dir='ltr'>quod</span> <span class='ocrx_word' id='word_1_198' title='bbox 528 2427 653 2457; x_wconf 86' lang='lat' dir='ltr'>uncinis</span> <span class='ocrx_word' id='word_1_199' title='bbox 683 2428 831 2467; x_wconf 87' lang='lat' dir='ltr'>appositis</span> <span class='ocrx_word' id='word_1_200' title='bbox 870 2428 924 2458; x_wconf 85' lang='lat' dir='ltr'>de-</span> 
     </span>
     <span class='ocr_line' id='line_1_38' title="bbox 191 2479 923 2520; baseline 0.001 -12"><span class='ocrx_word' id='word_1_201' title='bbox 191 2479 313 2510; x_wconf 83' lang='lat' dir='ltr'>claravi.</span> <span class='ocrx_word' id='word_1_202' title='bbox 360 2479 449 2509; x_wconf 87' lang='lat' dir='ltr'>Nihil</span> <span class='ocrx_word' id='word_1_203' title='bbox 464 2485 528 2509; x_wconf 87' lang='lat' dir='ltr'>erat</span> <span class='ocrx_word' id='word_1_204' title='bbox 550 2479 651 2520; x_wconf 84' lang='lat' dir='ltr'>magis</span> <span class='ocrx_word' id='word_1_205' title='bbox 666 2479 923 2518; x_wconf 83' lang='lat' dir='ltr'>exspectandum,</span> 
     </span>
     <span class='ocr_line' id='line_1_39' title="bbox 191 2530 925 2569; baseline 0.001 -10"><span class='ocrx_word' id='word_1_206' title='bbox 191 2540 286 2569; x_wconf 87' lang='lat' dir='ltr'>quam</span> <span class='ocrx_word' id='word_1_207' title='bbox 303 2531 370 2561; x_wconf 86' lang='lat' dir='ltr'>haec</span> <span class='ocrx_word' id='word_1_208' title='bbox 389 2530 545 2561; x_wconf 84' lang='lat' dir='ltr'>axiomata</span> <span class='ocrx_word' id='word_1_209' title='bbox 570 2530 682 2561; x_wconf 88' lang='lat' dir='ltr'>sciolos</span> <span class='ocrx_word' id='word_1_210' title='bbox 704 2541 771 2561; x_wconf 88' lang='lat' dir='ltr'>esse</span> <span class='ocrx_word' id='word_1_211' title='bbox 792 2531 925 2561; x_wconf 87' lang='lat' dir='ltr'>illituros</span> 
     </span>
     <span class='ocr_line' id='line_1_40' title="bbox 193 2581 923 2620; baseline 0.004 -11"><span class='ocrx_word' id='word_1_212' title='bbox 193 2581 390 2620; x_wconf 79' lang='lat' dir='ltr'>marginibus</span> <span class='ocrx_word' id='word_1_213' title='bbox 411 2582 579 2619; x_wconf 87' lang='lat' dir='ltr'>librorum;</span> <span class='ocrx_word' id='word_1_214' title='bbox 604 2588 634 2612; x_wconf 90' lang='lat' dir='ltr'>et</span> <span class='ocrx_word' id='word_1_215' title='bbox 661 2592 697 2612; x_wconf 87' lang='lat' dir='ltr'>ea</span> <span class='ocrx_word' id='word_1_216' title='bbox 718 2582 847 2612; x_wconf 76' lang='lat' dir='ltr'>tandem</span> <span class='ocrx_word' id='word_1_217' title='bbox 870 2582 923 2612; x_wconf 85' lang='lat' dir='ltr'>de-</span> 
     </span>
     <span class='ocr_line' id='line_1_41' title="bbox 194 2633 839 2674; baseline 0.008 -15"><span class='ocrx_word' id='word_1_218' title='bbox 194 2640 285 2660; x_wconf 89' lang='lat' dir='ltr'>cursu</span> <span class='ocrx_word' id='word_1_219' title='bbox 302 2633 452 2671; x_wconf 86' lang='lat' dir='ltr'>temporis</span> <span class='ocrx_word' id='word_1_220' title='bbox 466 2633 498 2663; x_wconf 89' lang='lat' dir='ltr'>in</span> <span class='ocrx_word' id='word_1_221' title='bbox 520 2639 641 2664; x_wconf 74' lang='lat' dir='ltr'>textum</span> <span class='ocrx_word' id='word_1_222' title='bbox 656 2633 839 2674; x_wconf 85' lang='lat' dir='ltr'>migratura.</span> 
     </span>
    </p>

    <p class='ocr_par' dir='ltr' id='par_1_14' title="bbox 195 2682 928 2933">
     <span class='ocr_line' id='line_1_42' title="bbox 239 2682 926 2726; baseline 0.007 -15"><span class='ocrx_word' id='word_1_223' title='bbox 239 2682 313 2713; x_wconf 75' lang='lat' dir='ltr'>Ver.</span> <span class='ocrx_word' id='word_1_224' title='bbox 344 2688 416 2715; x_wconf 76' lang='lat'>336.</span> <span class='ocrx_word' id='word_1_225' title='bbox 450 2686 524 2715; x_wconf 86' lang='lat' dir='ltr'>Hoc</span> <span class='ocrx_word' id='word_1_226' title='bbox 550 2686 780 2725; x_wconf 78' lang='lat' dir='ltr'>Epicureorum</span> <span class='ocrx_word' id='word_1_227' title='bbox 810 2686 926 2726; x_wconf 86' lang='lat' dir='ltr'>dogma</span> 
     </span>
     <span class='ocr_line' id='line_1_43' title="bbox 198 2732 925 2777; baseline 0.007 -16"><span class='ocrx_word' id='word_1_228' title='bbox 198 2732 310 2762; x_wconf 79' lang='lat' dir='ltr'>Sextus</span> <span class='ocrx_word' id='word_1_229' title='bbox 334 2734 513 2773; x_wconf 85' lang='lat' dir='ltr'>Empiricus</span> <span class='ocrx_word' id='word_1_230' title='bbox 538 2737 582 2767; x_wconf 80' lang='lat' dir='ltr'>sic</span> <span class='ocrx_word' id='word_1_231' title='bbox 608 2737 745 2767; x_wconf 84' lang='lat' dir='ltr'>dilucide</span> <span class='ocrx_word' id='word_1_232' title='bbox 771 2737 925 2777; x_wconf 78' lang='lat' dir='ltr'>exposuit,</span> 
     </span>
     <span class='ocr_line' id='line_1_44' title="bbox 195 2783 925 2825; baseline 0.01 -11"><span class='ocrx_word' id='word_1_233' title='bbox 195 2783 262 2814; x_wconf 79' lang='lat' dir='ltr'>adv.</span> <span class='ocrx_word' id='word_1_234' title='bbox 287 2783 415 2824; x_wconf 75' lang='lat' dir='ltr'>log’iCOS,</span> <span class='ocrx_word' id='word_1_235' title='bbox 442 2786 461 2816; x_wconf 85' lang='lat' dir='ltr'>i.</span> <span class='ocrx_word' id='word_1_236' title='bbox 481 2791 552 2818; x_wconf 77' lang='lat'>213.</span> <span class='ocrx_word' id='word_1_237' title='bbox 598 2795 645 2822; x_wconf 76' lang='lat' dir='ltr'>Mn</span> <span class='ocrx_word' id='word_1_238' title='bbox 673 2803 748 2824; x_wconf 62' lang='lat' dir='ltr'>ovs-0,-</span> <span class='ocrx_word' id='word_1_239' title='bbox 779 2802 854 2825; x_wconf 72' lang='grc' dir='ltr'><strong>κενε,</strong></span> <span class='ocrx_word' id='word_1_240' title='bbox 881 2788 925 2820; x_wconf 65' lang='lat'>835</span> 
     </span>
     <span class='ocr_line' id='line_1_45' title="bbox 197 2843 928 2881; baseline 0.011 -17"><span class='ocrx_word' id='word_1_241' title='bbox 197 2847 300 2868; x_wconf 62' lang='grc' dir='ltr'>κινήσας</span> <span class='ocrx_word' id='word_1_242' title='bbox 326 2843 440 2875; x_wconf 78' lang='grc' dir='ltr'>ωφειλεν</span> <span class='ocrx_word' id='word_1_243' title='bbox 469 2850 544 2872; x_wconf 69' lang='lat' dir='ltr'>emm,</span> <span class='ocrx_word' id='word_1_244' title='bbox 571 2853 658 2871; x_wconf 65' lang='lat' dir='ltr'>‘ron-&#39;or</span> <span class='ocrx_word' id='word_1_245' title='bbox 682 2855 725 2880; x_wconf 77' lang='grc' dir='ltr'>μη</span> <span class='ocrx_word' id='word_1_246' title='bbox 750 2854 866 2881; x_wconf 60' lang='lat' dir='ltr'>exora-05</span> <span class='ocrx_word' id='word_1_247' title='bbox 891 2853 928 2871; x_wconf 62' lang='grc' dir='ltr'>τε</span> 
     </span>
     <span class='ocr_line' id='line_1_46' title="bbox 197 2891 928 2933; baseline 0.01 -16"><span class='ocrx_word' id='word_1_248' title='bbox 197 2899 328 2927; x_wconf 59' lang='grc' dir='ltr'>κΙνέμξνε</span> <span class='ocrx_word' id='word_1_249' title='bbox 342 2900 476 2926; x_wconf 56' lang='grc' dir='ltr'>σωμαγθς</span> <span class='ocrx_word' id='word_1_250' title='bbox 494 2903 527 2923; x_wconf 63' lang='grc' dir='ltr'>Εἰς</span> <span class='ocrx_word' id='word_1_251' title='bbox 555 2891 581 2921; x_wconf 62' lang='grc' dir='ltr'>ὃν</span> <span class='ocrx_word' id='word_1_252' title='bbox 598 2904 807 2933; x_wconf 47' lang='grc' dir='ltr'>πξρισδῗῆὄξταί,</span> <span class='ocrx_word' id='word_1_253' title='bbox 833 2892 879 2923; x_wconf 60' lang='grc' dir='ltr'>δία</span> <span class='ocrx_word' id='word_1_254' title='bbox 895 2907 928 2923; x_wconf 65' lang='grc'>*70</span> 
     </span>
    </p>
   </div>
   <div class='ocr_carea' id='block_1_9' title="bbox 200 2945 925 2984">
    <p class='ocr_par' dir='ltr' id='par_1_15' title="bbox 200 2945 925 2984">
     <span class='ocr_line' id='line_1_47' title="bbox 200 2945 925 2984; baseline 0.008 -15"><span class='ocrx_word' id='word_1_255' title='bbox 200 2952 300 2970; x_wconf 65' lang='grc' dir='ltr'><strong><em>ταντα</em></strong></span> <span class='ocrx_word' id='word_1_256' title='bbox 317 2946 412 2981; x_wconf 49' lang='lat' dir='ltr'>*ss-&gt;soff</span> <span class='ocrx_word' id='word_1_257' title='bbox 429 2953 502 2977; x_wconf 77' lang='grc' dir='ltr'><em>ειναι,</em></span> <span class='ocrx_word' id='word_1_258' title='bbox 523 2955 572 2972; x_wconf 78' lang='grc' dir='ltr'>και</span> <span class='ocrx_word' id='word_1_259' title='bbox 590 2957 699 2974; x_wconf 56' lang='lat' dir='ltr'>myra:</span> <span class='ocrx_word' id='word_1_260' title='bbox 723 2945 744 2975; x_wconf 86' lang='lat' dir='ltr'>i.</span> <span class='ocrx_word' id='word_1_261' title='bbox 760 2955 785 2975; x_wconf 81' lang='lat' dir='ltr'>e.</span> <span class='ocrx_word' id='word_1_262' title='bbox 801 2946 925 2984; x_wconf 67' lang='lat' dir='ltr'>stipala,</span> 
     </span>
    </p>
   </div>
   <div class='ocr_carea' id='block_1_10' title="bbox 944 837 1702 1907">
    <p class='ocr_par' dir='ltr' id='par_1_16' title="bbox 944 837 1691 1282">
     <span class='ocr_line' id='line_1_48' title="bbox 944 837 1682 878; baseline -0.005 -5"><span class='ocrx_word' id='word_1_263' title='bbox 944 848 981 873; x_wconf 87' lang='lat' dir='ltr'>ut</span> <span class='ocrx_word' id='word_1_264' title='bbox 996 842 1092 872; x_wconf 91' lang='lat' dir='ltr'>modo</span> <span class='ocrx_word' id='word_1_265' title='bbox 1119 846 1234 878; x_wconf 82' lang='lat' dir='ltr'>noster,</span> <span class='ocrx_word' id='word_1_266' title='bbox 1258 849 1320 870; x_wconf 84' lang='lat' dir='ltr'>ver.</span> <span class='ocrx_word' id='word_1_267' title='bbox 1347 842 1419 869; x_wconf 87' lang='grc'><strong>550.</strong></span> <span class='ocrx_word' id='word_1_268' title='bbox 1445 844 1478 868; x_wconf 90' lang='lat' dir='ltr'>et</span> <span class='ocrx_word' id='word_1_269' title='bbox 1503 837 1552 868; x_wconf 90' lang='lat' dir='ltr'>his</span> <span class='ocrx_word' id='word_1_270' title='bbox 1578 837 1682 869; x_wconf 80' lang='lat' dir='ltr'>multa</span> 
     </span>
     <span class='ocr_line' id='line_1_49' title="bbox 946 889 1684 930; baseline -0.003 -7"><span class='ocrx_word' id='word_1_271' title='bbox 946 893 1007 924; x_wconf 91' lang='lat' dir='ltr'>alia</span> <span class='ocrx_word' id='word_1_272' title='bbox 1027 892 1204 923; x_wconf 85' lang='lat' dir='ltr'>consimilia</span> <span class='ocrx_word' id='word_1_273' title='bbox 1227 891 1316 921; x_wconf 88' lang='lat' dir='ltr'>nullo</span> <span class='ocrx_word' id='word_1_274' title='bbox 1340 889 1467 930; x_wconf 82' lang='lat' dir='ltr'>negotio</span> <span class='ocrx_word' id='word_1_275' title='bbox 1489 901 1526 920; x_wconf 86' lang='lat' dir='ltr'>ex</span> <span class='ocrx_word' id='word_1_276' title='bbox 1542 890 1684 929; x_wconf 86' lang='lat' dir='ltr'>pluribus</span> 
     </span>
     <span class='ocr_line' id='line_1_50' title="bbox 949 941 1686 981; baseline -0.004 -7"><span class='ocrx_word' id='word_1_277' title='bbox 949 945 1134 974; x_wconf 82' lang='lat' dir='ltr'>Graecorum</span> <span class='ocrx_word' id='word_1_278' title='bbox 1163 942 1284 981; x_wconf 86' lang='lat' dir='ltr'>scriptis</span> <span class='ocrx_word' id='word_1_279' title='bbox 1322 941 1513 971; x_wconf 86' lang='lat' dir='ltr'>accumulari</span> <span class='ocrx_word' id='word_1_280' title='bbox 1543 951 1686 980; x_wconf 86' lang='lat' dir='ltr'>possent;</span> 
     </span>
     <span class='ocr_line' id='line_1_51' title="bbox 947 992 1683 1036; baseline -0.011 -11"><span class='ocrx_word' id='word_1_281' title='bbox 947 996 1060 1036; x_wconf 84' lang='lat' dir='ltr'>quibus</span> <span class='ocrx_word' id='word_1_282' title='bbox 1074 1001 1182 1024; x_wconf 89' lang='lat' dir='ltr'>tamen</span> <span class='ocrx_word' id='word_1_283' title='bbox 1203 993 1343 1023; x_wconf 88' lang='lat' dir='ltr'>Lucretii</span> <span class='ocrx_word' id='word_1_284' title='bbox 1357 992 1446 1022; x_wconf 90' lang='lat' dir='ltr'>locus</span> <span class='ocrx_word' id='word_1_285' title='bbox 1461 992 1599 1022; x_wconf 81' lang='lat' dir='ltr'>maxime</span> <span class='ocrx_word' id='word_1_286' title='bbox 1613 1003 1683 1032; x_wconf 84' lang='lat' dir='ltr'>per.</span> 
     </span>
     <span class='ocr_line' id='line_1_52' title="bbox 948 1043 1682 1086; baseline -0.004 -9"><span class='ocrx_word' id='word_1_287' title='bbox 948 1047 1085 1086; x_wconf 84' lang='lat' dir='ltr'>spicuus,</span> <span class='ocrx_word' id='word_1_288' title='bbox 1109 1052 1140 1076; x_wconf 87' lang='lat' dir='ltr'>et</span> <span class='ocrx_word' id='word_1_289' title='bbox 1154 1045 1252 1075; x_wconf 81' lang='lat' dir='ltr'>lector</span> <span class='ocrx_word' id='word_1_290' title='bbox 1273 1054 1338 1074; x_wconf 89' lang='lat' dir='ltr'>non</span> <span class='ocrx_word' id='word_1_291' title='bbox 1354 1043 1538 1081; x_wconf 83' lang='lat' dir='ltr'>desidiosus,</span> <span class='ocrx_word' id='word_1_292' title='bbox 1561 1043 1682 1082; x_wconf 86' lang='lat' dir='ltr'>patien-</span> 
     </span>
     <span class='ocr_line' id='line_1_53' title="bbox 949 1093 1687 1133; baseline -0.007 -5"><span class='ocrx_word' id='word_1_293' title='bbox 949 1098 1069 1128; x_wconf 73' lang='lat' dir='ltr'>tissime</span> <span class='ocrx_word' id='word_1_294' title='bbox 1095 1096 1211 1127; x_wconf 85' lang='lat' dir='ltr'>carebit</span> <span class='ocrx_word' id='word_1_295' title='bbox 1217 1108 1226 1133; x_wconf 90' lang='lat'>;</span> <span class='ocrx_word' id='word_1_296' title='bbox 1254 1093 1476 1125; x_wconf 83' lang='lat' dir='ltr'>tantummodo</span> <span class='ocrx_word' id='word_1_297' title='bbox 1503 1094 1543 1124; x_wconf 90' lang='lat' dir='ltr'>ad</span> <span class='ocrx_word' id='word_1_298' title='bbox 1573 1105 1687 1125; x_wconf 67' lang='lat' dir='ltr'>vanam</span> 
     </span>
     <span class='ocr_line' id='line_1_54' title="bbox 950 1145 1690 1189; baseline -0.005 -10"><span class='ocrx_word' id='word_1_299' title='bbox 950 1149 1166 1189; x_wconf 87' lang='lat' dir='ltr'>puerilemque</span> <span class='ocrx_word' id='word_1_300' title='bbox 1183 1146 1426 1177; x_wconf 80' lang='lat' dir='ltr'>ostentationem</span> <span class='ocrx_word' id='word_1_301' title='bbox 1443 1145 1628 1176; x_wconf 84' lang='lat' dir='ltr'>eruditionis</span> <span class='ocrx_word' id='word_1_302' title='bbox 1643 1146 1690 1176; x_wconf 90' lang='lat' dir='ltr'>fa-</span> 
     </span>
     <span class='ocr_line' id='line_1_55' title="bbox 952 1198 1691 1238; baseline -0.005 -7"><span class='ocrx_word' id='word_1_303' title='bbox 952 1201 1116 1236; x_wconf 73' lang='lat' dir='ltr'>cientibus,</span> <span class='ocrx_word' id='word_1_304' title='bbox 1145 1206 1176 1230; x_wconf 86' lang='lat' dir='ltr'>et</span> <span class='ocrx_word' id='word_1_305' title='bbox 1201 1199 1319 1229; x_wconf 88' lang='lat' dir='ltr'>molem</span> <span class='ocrx_word' id='word_1_306' title='bbox 1342 1198 1540 1238; x_wconf 88' lang='lat' dir='ltr'>pretiumque</span> <span class='ocrx_word' id='word_1_307' title='bbox 1556 1198 1691 1228; x_wconf 85' lang='lat' dir='ltr'>volumi-</span> 
     </span>
     <span class='ocr_line' id='line_1_56' title="bbox 951 1251 1267 1282; baseline -0.006 0"><span class='ocrx_word' id='word_1_308' title='bbox 951 1253 1000 1282; x_wconf 82' lang='lat' dir='ltr'>nis</span> <span class='ocrx_word' id='word_1_309' title='bbox 1016 1251 1267 1282; x_wconf 85' lang='lat' dir='ltr'>accendentibus.</span> 
     </span>
    </p>

    <p class='ocr_par' dir='ltr' id='par_1_17' title="bbox 954 1304 1702 1907">
     <span class='ocr_line' id='line_1_57' title="bbox 996 1304 1689 1342; baseline 0 -9"><span class='ocrx_word' id='word_1_310' title='bbox 996 1304 1069 1333; x_wconf 64' lang='lat' dir='ltr'>Ver.</span> <span class='ocrx_word' id='word_1_311' title='bbox 1089 1307 1162 1334; x_wconf 79' lang='lat'>557.</span> <span class='ocrx_word' id='word_1_312' title='bbox 1186 1313 1339 1342; x_wconf 75' lang='lat' dir='ltr'>namque:</span> <span class='ocrx_word' id='word_1_313' title='bbox 1367 1308 1408 1331; x_wconf 88' lang='grc' dir='ltr'><strong>Π.</strong></span> <span class='ocrx_word' id='word_1_314' title='bbox 1425 1308 1689 1341; x_wconf 77' lang='lat' dir='ltr'>neque.-—e.rstat.·</span> 
     </span>
     <span class='ocr_line' id='line_1_58' title="bbox 956 1353 1687 1393; baseline -0.004 -6"><span class='ocrx_word' id='word_1_315' title='bbox 956 1358 995 1387; x_wconf 91' lang='lat' dir='ltr'>G.</span> <span class='ocrx_word' id='word_1_316' title='bbox 1011 1362 1096 1387; x_wconf 75' lang='lat' dir='ltr'>estat.</span> <span class='ocrx_word' id='word_1_317' title='bbox 1141 1355 1177 1384; x_wconf 93' lang='lat' dir='ltr'>L.</span> <span class='ocrx_word' id='word_1_318' title='bbox 1194 1360 1225 1384; x_wconf 89' lang='lat' dir='ltr'>et</span> <span class='ocrx_word' id='word_1_319' title='bbox 1241 1354 1289 1383; x_wconf 82' lang='lat' dir='ltr'>M.</span> <span class='ocrx_word' id='word_1_320' title='bbox 1316 1359 1357 1383; x_wconf 82' lang='lat' dir='ltr'>es!</span> <span class='ocrx_word' id='word_1_321' title='bbox 1375 1359 1407 1383; x_wconf 83' lang='lat' dir='ltr'>ut</span> <span class='ocrx_word' id='word_1_322' title='bbox 1421 1367 1429 1382; x_wconf 93' lang='lat'><em>:</em></span> <span class='ocrx_word' id='word_1_323' title='bbox 1457 1363 1552 1393; x_wconf 88' lang='lat' dir='ltr'>quam</span> <span class='ocrx_word' id='word_1_324' title='bbox 1580 1353 1687 1384; x_wconf 89' lang='lat' dir='ltr'>lectio-</span> 
     </span>
     <span class='ocr_line' id='line_1_59' title="bbox 954 1405 1694 1446; baseline -0.003 -8"><span class='ocrx_word' id='word_1_325' title='bbox 954 1419 1037 1444; x_wconf 86' lang='lat' dir='ltr'>nem,</span> <span class='ocrx_word' id='word_1_326' title='bbox 1051 1406 1151 1446; x_wconf 62' lang='lat' dir='ltr'>posita</span> <span class='ocrx_word' id='word_1_327' title='bbox 1167 1406 1227 1436; x_wconf 83' lang='lat' dir='ltr'>levi</span> <span class='ocrx_word' id='word_1_328' title='bbox 1244 1405 1443 1436; x_wconf 86' lang='lat' dir='ltr'>distinctione</span> <span class='ocrx_word' id='word_1_329' title='bbox 1459 1405 1499 1435; x_wconf 85' lang='lat' dir='ltr'>ad</span> <span class='ocrx_word' id='word_1_330' title='bbox 1514 1412 1570 1444; x_wconf 80' lang='lat' dir='ltr'>est,</span> <span class='ocrx_word' id='word_1_331' title='bbox 1583 1407 1694 1444; x_wconf 83' lang='lat' dir='ltr'>probat</span> 
     </span>
     <span class='ocr_line' id='line_1_60' title="bbox 955 1456 1688 1497; baseline -0.004 -7"><span class='ocrx_word' id='word_1_332' title='bbox 955 1461 1210 1497; x_wconf 82' lang='lat' dir='ltr'>Ilavercampus:</span> <span class='ocrx_word' id='word_1_333' title='bbox 1238 1457 1292 1487; x_wconf 88' lang='lat' dir='ltr'>sed</span> <span class='ocrx_word' id='word_1_334' title='bbox 1309 1456 1409 1496; x_wconf 85' lang='lat' dir='ltr'>qualis</span> <span class='ocrx_word' id='word_1_335' title='bbox 1432 1456 1506 1486; x_wconf 85' lang='lat' dir='ltr'>iude</span> <span class='ocrx_word' id='word_1_336' title='bbox 1527 1463 1688 1487; x_wconf 87' lang='lat' dir='ltr'>construc-</span> 
     </span>
     <span class='ocr_line' id='line_1_61' title="bbox 956 1509 1693 1552; baseline -0.004 -10"><span class='ocrx_word' id='word_1_337' title='bbox 956 1512 1000 1542; x_wconf 90' lang='lat' dir='ltr'>tio</span> <span class='ocrx_word' id='word_1_338' title='bbox 1016 1511 1157 1552; x_wconf 81' lang='lat' dir='ltr'>legitima</span> <span class='ocrx_word' id='word_1_339' title='bbox 1172 1509 1324 1540; x_wconf 79' lang='lat' dir='ltr'>sermonis</span> <span class='ocrx_word' id='word_1_340' title='bbox 1340 1515 1548 1545; x_wconf 88' lang='lat' dir='ltr'>enasceretur,</span> <span class='ocrx_word' id='word_1_341' title='bbox 1568 1509 1693 1539; x_wconf 87' lang='lat' dir='ltr'>utinam</span> 
     </span>
     <span class='ocr_line' id='line_1_62' title="bbox 955 1559 1692 1600; baseline -0.003 -7"><span class='ocrx_word' id='word_1_342' title='bbox 955 1563 1123 1593; x_wconf 82' lang='lat' dir='ltr'>lectoribus</span> <span class='ocrx_word' id='word_1_343' title='bbox 1132 1561 1184 1591; x_wconf 89' lang='lat' dir='ltr'>ille</span> <span class='ocrx_word' id='word_1_344' title='bbox 1196 1561 1378 1600; x_wconf 85' lang='lat' dir='ltr'>aperuisset:</span> <span class='ocrx_word' id='word_1_345' title='bbox 1407 1566 1534 1600; x_wconf 88' lang='lat' dir='ltr'>egomet</span> <span class='ocrx_word' id='word_1_346' title='bbox 1548 1559 1692 1591; x_wconf 84' lang='lat' dir='ltr'>divinare</span> 
     </span>
     <span class='ocr_line' id='line_1_63' title="bbox 957 1611 1694 1656; baseline -0.004 -10"><span class='ocrx_word' id='word_1_347' title='bbox 957 1625 1088 1656; x_wconf 89' lang='lat' dir='ltr'>nequeo.</span> <span class='ocrx_word' id='word_1_348' title='bbox 1128 1614 1220 1651; x_wconf 85' lang='lat' dir='ltr'>Sane,</span> <span class='ocrx_word' id='word_1_349' title='bbox 1231 1623 1329 1652; x_wconf 90' lang='lat' dir='ltr'>quum</span> <span class='ocrx_word' id='word_1_350' title='bbox 1346 1612 1396 1641; x_wconf 71' lang='lat' dir='ltr'>rix</span> <span class='ocrx_word' id='word_1_351' title='bbox 1408 1612 1544 1641; x_wconf 86' lang='lat' dir='ltr'>affirmes</span> <span class='ocrx_word' id='word_1_352' title='bbox 1556 1611 1694 1643; x_wconf 84' lang='lat' dir='ltr'>dictione</span> 
     </span>
     <span class='ocr_line' id='line_1_64' title="bbox 957 1664 1695 1703; baseline -0.008 -4"><span class='ocrx_word' id='word_1_353' title='bbox 957 1674 1051 1699; x_wconf 69' lang='lat' dir='ltr'>arslot</span> <span class='ocrx_word' id='word_1_354' title='bbox 1069 1676 1178 1696; x_wconf 87' lang='lat' dir='ltr'>omnes</span> <span class='ocrx_word' id='word_1_355' title='bbox 1194 1674 1343 1694; x_wconf 89' lang='lat' dir='ltr'>numeros</span> <span class='ocrx_word' id='word_1_356' title='bbox 1364 1664 1563 1703; x_wconf 86' lang='lat' dir='ltr'>proprietatis</span> <span class='ocrx_word' id='word_1_357' title='bbox 1585 1670 1617 1693; x_wconf 91' lang='lat' dir='ltr'>et</span> <span class='ocrx_word' id='word_1_358' title='bbox 1632 1664 1695 1694; x_wconf 88' lang='lat' dir='ltr'>ele-</span> 
     </span>
     <span class='ocr_line' id='line_1_65' title="bbox 959 1715 1699 1760; baseline -0.007 -11"><span class='ocrx_word' id='word_1_359' title='bbox 959 1718 1076 1760; x_wconf 56' lang='lat' dir='ltr'>gantia*</span> <span class='ocrx_word' id='word_1_360' title='bbox 1091 1716 1226 1756; x_wconf 89' lang='lat' dir='ltr'>impleri,</span> <span class='ocrx_word' id='word_1_361' title='bbox 1243 1722 1274 1745; x_wconf 90' lang='lat' dir='ltr'>et</span> <span class='ocrx_word' id='word_1_362' title='bbox 1289 1715 1387 1744; x_wconf 83' lang='lat' dir='ltr'>literae</span> <span class='ocrx_word' id='word_1_363' title='bbox 1401 1721 1413 1745; x_wconf 82' lang='lat' dir='ltr'>t</span> <span class='ocrx_word' id='word_1_364' title='bbox 1433 1725 1469 1744; x_wconf 88' lang='lat' dir='ltr'>ac</span> <span class='ocrx_word' id='word_1_365' title='bbox 1484 1726 1499 1745; x_wconf 92' lang='lat' dir='ltr'>c</span> <span class='ocrx_word' id='word_1_366' title='bbox 1522 1715 1601 1745; x_wconf 86' lang='lat' dir='ltr'>adeo</span> <span class='ocrx_word' id='word_1_367' title='bbox 1623 1725 1699 1745; x_wconf 90' lang='lat' dir='ltr'>con-</span> 
     </span>
     <span class='ocr_line' id='line_1_66' title="bbox 959 1768 1701 1807; baseline -0.005 -3"><span class='ocrx_word' id='word_1_368' title='bbox 959 1773 1078 1803; x_wconf 84' lang='lat' dir='ltr'>similes</span> <span class='ocrx_word' id='word_1_369' title='bbox 1094 1772 1156 1802; x_wconf 82' lang='lat' dir='ltr'>sint</span> <span class='ocrx_word' id='word_1_370' title='bbox 1169 1772 1202 1800; x_wconf 91' lang='lat' dir='ltr'>in</span> <span class='ocrx_word' id='word_1_371' title='bbox 1218 1770 1421 1807; x_wconf 85' lang='lat' dir='ltr'>membranis,</span> <span class='ocrx_word' id='word_1_372' title='bbox 1433 1775 1469 1799; x_wconf 91' lang='lat' dir='ltr'>ut</span> <span class='ocrx_word' id='word_1_373' title='bbox 1478 1768 1630 1799; x_wconf 84' lang='lat' dir='ltr'>acerrimo</span> <span class='ocrx_word' id='word_1_374' title='bbox 1645 1770 1701 1800; x_wconf 84' lang='lat' dir='ltr'>ob-</span> 
     </span>
     <span class='ocr_line' id='line_1_67' title="bbox 959 1819 1702 1862; baseline -0.007 -7"><span class='ocrx_word' id='word_1_375' title='bbox 959 1831 1030 1855; x_wconf 88' lang='lat' dir='ltr'>tutu</span> <span class='ocrx_word' id='word_1_376' title='bbox 1056 1823 1221 1854; x_wconf 86' lang='lat' dir='ltr'>oculorum</span> <span class='ocrx_word' id='word_1_377' title='bbox 1247 1822 1299 1851; x_wconf 75' lang='lat' dir='ltr'>vix</span> <span class='ocrx_word' id='word_1_378' title='bbox 1328 1821 1505 1862; x_wconf 82' lang='lat' dir='ltr'>dignoscas,</span> <span class='ocrx_word' id='word_1_379' title='bbox 1530 1831 1593 1850; x_wconf 92' lang='lat' dir='ltr'>non</span> <span class='ocrx_word' id='word_1_380' title='bbox 1618 1819 1702 1851; x_wconf 85' lang='lat' dir='ltr'>male</span> 
     </span>
     <span class='ocr_line' id='line_1_68' title="bbox 960 1882 1092 1907; baseline -0.015 0"><span class='ocrx_word' id='word_1_381' title='bbox 960 1882 1092 1907; x_wconf 81' lang='lat' dir='ltr'>tentem:</span> 
     </span>
    </p>
   </div>
   <div class='ocr_carea' id='block_1_11' title="bbox 1224 1946 1659 1979">
    <p class='ocr_par' dir='ltr' id='par_1_18' title="bbox 1224 1946 1659 1979">
     <span class='ocr_line' id='line_1_69' title="bbox 1224 1946 1659 1979; baseline -0.007 -5"><span class='ocrx_word' id='word_1_382' title='bbox 1224 1948 1353 1974; x_wconf 83' lang='lat' dir='ltr'>obficium</span> <span class='ocrx_word' id='word_1_383' title='bbox 1365 1947 1439 1979; x_wconf 89' lang='lat' dir='ltr'>quod</span> <span class='ocrx_word' id='word_1_384' title='bbox 1451 1946 1568 1978; x_wconf 82' lang='lat' dir='ltr'>corporis</span> <span class='ocrx_word' id='word_1_385' title='bbox 1580 1946 1639 1971; x_wconf 75' lang='lat' dir='ltr'>escit</span> <span class='ocrx_word' id='word_1_386' title='bbox 1649 1955 1659 1972; x_wconf 84' lang='lat'>.-</span> 
     </span>
    </p>
   </div>
   <div class='ocr_carea' id='block_1_12' title="bbox 965 2013 1708 2983">
    <p class='ocr_par' dir='ltr' id='par_1_19' title="bbox 965 2013 1701 2208">
     <span class='ocr_line' id='line_1_70' title="bbox 965 2013 1701 2056; baseline -0.008 -8"><span class='ocrx_word' id='word_1_387' title='bbox 965 2018 984 2048; x_wconf 92' lang='lat' dir='ltr'>i.</span> <span class='ocrx_word' id='word_1_388' title='bbox 1001 2028 1026 2047; x_wconf 90' lang='lat' dir='ltr'>e.</span> <span class='ocrx_word' id='word_1_389' title='bbox 1043 2017 1158 2055; x_wconf 78' lang='lat' dir='ltr'>officio,</span> <span class='ocrx_word' id='word_1_390' title='bbox 1175 2016 1259 2056; x_wconf 90' lang='lat' dir='ltr'>quod</span> <span class='ocrx_word' id='word_1_391' title='bbox 1275 2016 1309 2045; x_wconf 86' lang='lat' dir='ltr'>in</span> <span class='ocrx_word' id='word_1_392' title='bbox 1325 2015 1412 2044; x_wconf 91' lang='lat' dir='ltr'>omni</span> <span class='ocrx_word' id='word_1_393' title='bbox 1425 2020 1565 2052; x_wconf 87' lang='lat' dir='ltr'>tempore</span> <span class='ocrx_word' id='word_1_394' title='bbox 1581 2023 1616 2043; x_wconf 90' lang='lat' dir='ltr'>ac</span> <span class='ocrx_word' id='word_1_395' title='bbox 1631 2013 1701 2043; x_wconf 86' lang='lat' dir='ltr'>loco</span> 
     </span>
     <span class='ocr_line' id='line_1_71' title="bbox 965 2065 1700 2108; baseline -0.007 -9"><span class='ocrx_word' id='word_1_396' title='bbox 965 2079 1077 2108; x_wconf 85' lang='lat' dir='ltr'>corpus</span> <span class='ocrx_word' id='word_1_397' title='bbox 1088 2068 1288 2107; x_wconf 87' lang='lat' dir='ltr'>defungetur.</span> <span class='ocrx_word' id='word_1_398' title='bbox 1321 2068 1411 2097; x_wconf 83' lang='lat' dir='ltr'>Escz&#39;t</span> <span class='ocrx_word' id='word_1_399' title='bbox 1423 2065 1575 2095; x_wconf 82' lang='lat' dir='ltr'>nimirum</span> <span class='ocrx_word' id='word_1_400' title='bbox 1589 2066 1700 2106; x_wconf 73' lang='grc' dir='ltr'><strong><em>αρχαῖ-</em></strong></span> 
     </span>
     <span class='ocr_line' id='line_1_72' title="bbox 967 2115 1700 2158; baseline -0.007 -8"><span class='ocrx_word' id='word_1_401' title='bbox 967 2134 1034 2155; x_wconf 76' lang='grc' dir='ltr'><em>κως,</em></span> <span class='ocrx_word' id='word_1_402' title='bbox 1051 2129 1107 2158; x_wconf 87' lang='lat' dir='ltr'>pro</span> <span class='ocrx_word' id='word_1_403' title='bbox 1121 2121 1191 2155; x_wconf 77' lang='lat' dir='ltr'>eric,</span> <span class='ocrx_word' id='word_1_404' title='bbox 1216 2123 1251 2147; x_wconf 89' lang='lat' dir='ltr'>ut</span> <span class='ocrx_word' id='word_1_405' title='bbox 1274 2123 1392 2147; x_wconf 88' lang='lat' dir='ltr'>norunt</span> <span class='ocrx_word' id='word_1_406' title='bbox 1414 2126 1533 2146; x_wconf 78' lang='lat' dir='ltr'>omneS.</span> <span class='ocrx_word' id='word_1_407' title='bbox 1579 2115 1700 2145; x_wconf 86' lang='lat' dir='ltr'>Melius</span> 
     </span>
     <span class='ocr_line' id='line_1_73' title="bbox 967 2166 1623 2208; baseline -0.006 -8"><span class='ocrx_word' id='word_1_408' title='bbox 967 2177 1073 2200; x_wconf 84' lang='lat' dir='ltr'>tamen</span> <span class='ocrx_word' id='word_1_409' title='bbox 1089 2175 1119 2199; x_wconf 88' lang='lat' dir='ltr'>et</span> <span class='ocrx_word' id='word_1_410' title='bbox 1134 2169 1234 2199; x_wconf 86' lang='lat' dir='ltr'>tutius</span> <span class='ocrx_word' id='word_1_411' title='bbox 1249 2167 1322 2198; x_wconf 86' lang='lat' dir='ltr'>stari</span> <span class='ocrx_word' id='word_1_412' title='bbox 1334 2167 1468 2208; x_wconf 86' lang='lat' dir='ltr'>vulgatis</span> <span class='ocrx_word' id='word_1_413' title='bbox 1483 2166 1623 2197; x_wconf 84' lang='lat' dir='ltr'>arbitror.</span> 
     </span>
    </p>

    <p class='ocr_par' dir='ltr' id='par_1_20' title="bbox 968 2218 1704 2312">
     <span class='ocr_line' id='line_1_74' title="bbox 1012 2218 1704 2262; baseline 0 -12"><span class='ocrx_word' id='word_1_414' title='bbox 1012 2222 1084 2252; x_wconf 86' lang='lat' dir='ltr'>Ver.</span> <span class='ocrx_word' id='word_1_415' title='bbox 1108 2225 1181 2251; x_wconf 84' lang='grc'><strong>558.</strong></span> <span class='ocrx_word' id='word_1_416' title='bbox 1230 2221 1379 2262; x_wconf 75' lang='lat' dir='ltr'>Ol3ficere:</span> <span class='ocrx_word' id='word_1_417' title='bbox 1411 2224 1446 2250; x_wconf 90' lang='grc' dir='ltr'><strong>Δ.</strong></span> <span class='ocrx_word' id='word_1_418' title='bbox 1471 2220 1622 2260; x_wconf 78' lang='lat' dir='ltr'>Efficere5</span> <span class='ocrx_word' id='word_1_419' title='bbox 1649 2218 1704 2250; x_wconf 85' lang='lat' dir='ltr'>sed</span> 
     </span>
     <span class='ocr_line' id='line_1_75' title="bbox 968 2271 1325 2312; baseline -0.006 -9"><span class='ocrx_word' id='word_1_420' title='bbox 968 2272 1047 2304; x_wconf 81' lang='lat' dir='ltr'>illud</span> <span class='ocrx_word' id='word_1_421' title='bbox 1063 2278 1108 2302; x_wconf 89' lang='lat' dir='ltr'>est</span> <span class='ocrx_word' id='word_1_422' title='bbox 1123 2273 1155 2302; x_wconf 91' lang='lat' dir='ltr'>in</span> <span class='ocrx_word' id='word_1_423' title='bbox 1172 2271 1325 2312; x_wconf 86' lang='lat' dir='ltr'>margine.</span> 
     </span>
    </p>

    <p class='ocr_par' dir='ltr' id='par_1_21' title="bbox 968 2320 1706 2561">
     <span class='ocr_line' id='line_1_76' title="bbox 1014 2320 1706 2366; baseline -0.006 -12"><span class='ocrx_word' id='word_1_424' title='bbox 1014 2324 1093 2354; x_wconf 89' lang='lat' dir='ltr'>Ibid.</span> <span class='ocrx_word' id='word_1_425' title='bbox 1115 2326 1246 2366; x_wconf 75' lang='lat' dir='ltr'>Olficere</span> <span class='ocrx_word' id='word_1_426' title='bbox 1264 2329 1356 2363; x_wconf 80' lang='lat' dir='ltr'>atque</span> <span class='ocrx_word' id='word_1_427' title='bbox 1372 2323 1499 2353; x_wconf 84' lang='lat' dir='ltr'>obstare.</span> <span class='ocrx_word' id='word_1_428' title='bbox 1533 2320 1706 2357; x_wconf 85' lang='lat' dir='ltr'>Arnobius,</span> 
     </span>
     <span class='ocr_line' id='line_1_77' title="bbox 968 2372 1706 2415; baseline -0.004 -9"><span class='ocrx_word' id='word_1_429' title='bbox 968 2376 1021 2407; x_wconf 91' lang='lat' dir='ltr'>lib.</span> <span class='ocrx_word' id='word_1_430' title='bbox 1038 2376 1069 2406; x_wconf 92' lang='lat' dir='ltr'>ii.</span> <span class='ocrx_word' id='word_1_431' title='bbox 1086 2387 1117 2415; x_wconf 91' lang='lat' dir='ltr'>p.</span> <span class='ocrx_word' id='word_1_432' title='bbox 1135 2380 1184 2406; x_wconf 79' lang='lat'>45.</span> <span class='ocrx_word' id='word_1_433' title='bbox 1209 2378 1230 2393; x_wconf 76' lang='lat'>‘⁸</span> <span class='ocrx_word' id='word_1_434' title='bbox 1248 2375 1342 2410; x_wconf 84' lang='lat' dir='ltr'>Quod</span> <span class='ocrx_word' id='word_1_435' title='bbox 1357 2374 1383 2403; x_wconf 88' lang='lat' dir='ltr'>si</span> <span class='ocrx_word' id='word_1_436' title='bbox 1397 2384 1462 2404; x_wconf 88' lang='lat' dir='ltr'>non</span> <span class='ocrx_word' id='word_1_437' title='bbox 1482 2373 1597 2403; x_wconf 88' lang='lat' dir='ltr'>mentis</span> <span class='ocrx_word' id='word_1_438' title='bbox 1612 2372 1706 2404; x_wconf 86' lang='lat' dir='ltr'>elatio</span> 
     </span>
     <span class='ocr_line' id='line_1_78' title="bbox 971 2423 1705 2466; baseline -0.004 -9"><span class='ocrx_word' id='word_1_439' title='bbox 971 2431 992 2445; x_wconf 90' lang='lat'><strong>“</strong></span> <span class='ocrx_word' id='word_1_440' title='bbox 1007 2429 1179 2457; x_wconf 82' lang='lat' dir='ltr'>—obstaret</span> <span class='ocrx_word' id='word_1_441' title='bbox 1209 2432 1299 2466; x_wconf 78' lang='lat' dir='ltr'>atque</span> <span class='ocrx_word' id='word_1_442' title='bbox 1337 2426 1480 2466; x_wconf 67' lang='lat' dir='ltr'>officeret,</span> <span class='ocrx_word' id='word_1_443' title='bbox 1513 2423 1705 2464; x_wconf 83' lang='lat' dir='ltr'>jamdudum</span> 
     </span>
     <span class='ocr_line' id='line_1_79' title="bbox 969 2476 1701 2518; baseline -0.005 -10"><span class='ocrx_word' id='word_1_444' title='bbox 969 2482 991 2496; x_wconf 90' lang='lat'><strong>“</strong></span> <span class='ocrx_word' id='word_1_445' title='bbox 1007 2478 1083 2508; x_wconf 90' lang='lat' dir='ltr'>scire</span> <span class='ocrx_word' id='word_1_446' title='bbox 1098 2478 1287 2518; x_wconf 81' lang='lat' dir='ltr'>potuissetis,</span> <span class='ocrx_word' id='word_1_447' title='bbox 1313 2476 1400 2517; x_wconf 83' lang='lat' dir='ltr'>quid,</span> <span class='ocrx_word' id='word_1_448' title='bbox 1426 2482 1482 2506; x_wconf 84' lang='lat' dir='ltr'>aut</span> <span class='ocrx_word' id='word_1_449' title='bbox 1497 2486 1604 2517; x_wconf 84' lang='lat' dir='ltr'>quare,</span> <span class='ocrx_word' id='word_1_450' title='bbox 1629 2484 1701 2514; x_wconf 86' lang='lat' dir='ltr'>pro-</span> 
     </span>
     <span class='ocr_line' id='line_1_80' title="bbox 969 2529 1299 2561; baseline 0 -1"><span class='ocrx_word' id='word_1_451' title='bbox 969 2534 990 2549; x_wconf 84' lang='lat'><strong>“</strong></span> <span class='ocrx_word' id='word_1_452' title='bbox 1006 2530 1140 2561; x_wconf 85' lang='lat' dir='ltr'>hibuerit</span> <span class='ocrx_word' id='word_1_453' title='bbox 1155 2529 1299 2560; x_wconf 81' lang='lat' dir='ltr'>fieri—.”</span> 
     </span>
    </p>

    <p class='ocr_par' dir='ltr' id='par_1_22' title="bbox 968 2575 1708 2983">
     <span class='ocr_line' id='line_1_81' title="bbox 1014 2575 1704 2621; baseline -0.01 -9"><span class='ocrx_word' id='word_1_454' title='bbox 1014 2582 1088 2613; x_wconf 86' lang='lat' dir='ltr'>Ver.</span> <span class='ocrx_word' id='word_1_455' title='bbox 1118 2586 1193 2614; x_wconf 85' lang='grc'><strong>559.</strong></span> <span class='ocrx_word' id='word_1_456' title='bbox 1221 2587 1355 2621; x_wconf 76' lang='lat' dir='ltr'>possent:</span> <span class='ocrx_word' id='word_1_457' title='bbox 1383 2580 1429 2610; x_wconf 89' lang='lat' dir='ltr'>ita</span> <span class='ocrx_word' id='word_1_458' title='bbox 1459 2585 1499 2610; x_wconf 87' lang='grc' dir='ltr'><strong>Π.</strong></span> <span class='ocrx_word' id='word_1_459' title='bbox 1529 2575 1704 2614; x_wconf 82' lang='lat' dir='ltr'>verissime3</span> 
     </span>
     <span class='ocr_line' id='line_1_82' title="bbox 968 2626 1703 2675; baseline -0.012 -10"><span class='ocrx_word' id='word_1_460' title='bbox 968 2634 1052 2675; x_wconf 85' lang='lat' dir='ltr'>quod</span> <span class='ocrx_word' id='word_1_461' title='bbox 1058 2644 1096 2664; x_wconf 86' lang='lat' dir='ltr'>ex</span> <span class='ocrx_word' id='word_1_462' title='bbox 1107 2633 1302 2664; x_wconf 85' lang='lat' dir='ltr'>enarratione</span> <span class='ocrx_word' id='word_1_463' title='bbox 1312 2631 1372 2662; x_wconf 91' lang='lat' dir='ltr'>loci</span> <span class='ocrx_word' id='word_1_464' title='bbox 1384 2626 1703 2667; x_wconf 83' lang='lat' dir='ltr'>manifestuspatebit,</span> 
     </span>
     <span class='ocr_line' id='line_1_83' title="bbox 970 2678 1700 2724; baseline -0.011 -8"><span class='ocrx_word' id='word_1_465' title='bbox 970 2692 1001 2716; x_wconf 90' lang='lat' dir='ltr'>et</span> <span class='ocrx_word' id='word_1_466' title='bbox 1015 2685 1279 2716; x_wconf 82' lang='lat' dir='ltr'>constructionem</span> <span class='ocrx_word' id='word_1_467' title='bbox 1294 2683 1388 2724; x_wconf 86' lang='lat' dir='ltr'>longe</span> <span class='ocrx_word' id='word_1_468' title='bbox 1399 2680 1635 2712; x_wconf 86' lang='lat' dir='ltr'>loculentiorem</span> <span class='ocrx_word' id='word_1_469' title='bbox 1644 2678 1700 2709; x_wconf 83' lang='lat' dir='ltr'>da-</span> 
     </span>
     <span class='ocr_line' id='line_1_84' title="bbox 968 2731 1704 2774; baseline -0.011 -6"><span class='ocrx_word' id='word_1_470' title='bbox 968 2738 1022 2768; x_wconf 90' lang='lat' dir='ltr'>bit.</span> <span class='ocrx_word' id='word_1_471' title='bbox 1068 2741 1090 2756; x_wconf 91' lang='lat'><strong>“</strong></span> <span class='ocrx_word' id='word_1_472' title='bbox 1109 2737 1184 2768; x_wconf 89' lang='lat' dir='ltr'>Sine</span> <span class='ocrx_word' id='word_1_473' title='bbox 1199 2747 1307 2774; x_wconf 85' lang='lat' dir='ltr'>vacuo,</span> <span class='ocrx_word' id='word_1_474' title='bbox 1331 2744 1380 2765; x_wconf 87' lang='lat' dir='ltr'>res</span> <span class='ocrx_word' id='word_1_475' title='bbox 1394 2731 1484 2763; x_wconf 65' lang='lat' dir='ltr'>nulla</span> <span class='ocrx_word' id='word_1_476' title='bbox 1498 2732 1618 2762; x_wconf 86' lang='lat' dir='ltr'>ratione</span> <span class='ocrx_word' id='word_1_477' title='bbox 1633 2741 1704 2761; x_wconf 89' lang='lat' dir='ltr'>mo-</span> 
     </span>
     <span class='ocr_line' id='line_1_85' title="bbox 972 2782 1703 2829; baseline -0.012 -9"><span class='ocrx_word' id='word_1_478' title='bbox 972 2793 992 2808; x_wconf 88' lang='lat'><strong><em>“</em></strong></span> <span class='ocrx_word' id='word_1_479' title='bbox 1008 2790 1072 2820; x_wconf 78' lang='lat' dir='ltr'>veri</span> <span class='ocrx_word' id='word_1_480' title='bbox 1099 2795 1240 2829; x_wconf 85' lang='lat' dir='ltr'>possent:</span> <span class='ocrx_word' id='word_1_481' title='bbox 1281 2796 1356 2817; x_wconf 88' lang='lat' dir='ltr'>nam</span> <span class='ocrx_word' id='word_1_482' title='bbox 1384 2783 1525 2814; x_wconf 87' lang='lat' dir='ltr'>naturale</span> <span class='ocrx_word' id='word_1_483' title='bbox 1562 2782 1703 2813; x_wconf 87' lang='lat' dir='ltr'>officium</span> 
     </span>
     <span class='ocr_line' id='line_1_86' title="bbox 972 2833 1708 2881; baseline -0.015 -8"><span class='ocrx_word' id='word_1_484' title='bbox 972 2845 994 2860; x_wconf 90' lang='lat'>“</span> <span class='ocrx_word' id='word_1_485' title='bbox 1010 2841 1157 2881; x_wconf 85' lang='lat' dir='ltr'>corporis,</span> <span class='ocrx_word' id='word_1_486' title='bbox 1183 2849 1247 2881; x_wconf 91' lang='lat' dir='ltr'>quo</span> <span class='ocrx_word' id='word_1_487' title='bbox 1267 2838 1346 2868; x_wconf 89' lang='lat' dir='ltr'>solet</span> <span class='ocrx_word' id='word_1_488' title='bbox 1366 2835 1465 2865; x_wconf 77' lang='lat' dir='ltr'>cuivis</span> <span class='ocrx_word' id='word_1_489' title='bbox 1487 2833 1651 2864; x_wconf 82' lang='lat' dir='ltr'>extrudere</span> <span class='ocrx_word' id='word_1_490' title='bbox 1676 2838 1708 2864; x_wconf 85' lang='lat' dir='ltr'>et</span> 
     </span>
     <span class='ocr_line' id='line_1_87' title="bbox 973 2883 1704 2932; baseline -0.016 -7"><span class='ocrx_word' id='word_1_491' title='bbox 973 2893 1172 2932; x_wconf 82' lang='lat' dir='ltr'>“impellere</span> <span class='ocrx_word' id='word_1_492' title='bbox 1197 2889 1323 2922; x_wconf 89' lang='lat' dir='ltr'>conanti</span> <span class='ocrx_word' id='word_1_493' title='bbox 1346 2889 1468 2918; x_wconf 89' lang='lat' dir='ltr'>obstare</span> <span class='ocrx_word' id='word_1_494' title='bbox 1490 2892 1583 2926; x_wconf 83' lang='lat' dir='ltr'>atque</span> <span class='ocrx_word' id='word_1_495' title='bbox 1613 2883 1704 2914; x_wconf 87' lang='lat' dir='ltr'>resis-</span> 
     </span>
     <span class='ocr_line' id='line_1_88' title="bbox 972 2936 1701 2983; baseline -0.012 -8"><span class='ocrx_word' id='word_1_496' title='bbox 972 2948 994 2963; x_wconf 89' lang='lat'><strong>“</strong></span> <span class='ocrx_word' id='word_1_497' title='bbox 1009 2950 1085 2983; x_wconf 91' lang='lat' dir='ltr'>tere,</span> <span class='ocrx_word' id='word_1_498' title='bbox 1108 2942 1255 2974; x_wconf 88' lang='lat' dir='ltr'>omnibus</span> <span class='ocrx_word' id='word_1_499' title='bbox 1270 2940 1449 2980; x_wconf 84' lang='lat' dir='ltr'>corporibus</span> <span class='ocrx_word' id='word_1_500' title='bbox 1464 2938 1497 2969; x_wconf 90' lang='lat' dir='ltr'>in</span> <span class='ocrx_word' id='word_1_501' title='bbox 1514 2936 1602 2969; x_wconf 91' lang='lat' dir='ltr'>omni</span> <span class='ocrx_word' id='word_1_502' title='bbox 1621 2941 1701 2967; x_wconf 83' lang='lat' dir='ltr'>tem-</span> 
     </span>
    </p>
   </div>
  </div>
 </body>
</html>
