1894 3253
587 225 822 274 LIBER
869 224 1280 274 SECUNDUS.

1591 237 1685 276 203

326 360 467 409 Quom
489 367 626 401 tamen
647 359 753 400 inter
773 372 829 408 se,
860 357 1077 412 prostratei
1097 357 1140 398 in
1160 357 1348 414 gramine
1367 357 1493 408 molli,

236 439 290 474 :30
322 434 499 490 Propter
519 449 636 490 aquae
657 434 806 483 rivum,
838 432 913 473 sub
935 432 1057 472 ramis
1078 432 1236 473 arboris
1260 432 1369 483 altae,

173 574 312 615 jecturis,
336 573 474 604 multum
498 573 531 602 in
559 574 617 602 hoc
641 581 731 602 versu
753 570 909 600 fluctuan-

178 627 227 662 tis,
251 636 307 664 pro
329 624 456 665 vulgata
474 623 607 654 lectione
618 623 718 663 ficlta.
764 620 908 651 Similem

178 678 415 719 castigationem
438 677 563 707 Avieno
585 675 734 716 equidem
755 674 907 704 adhibue-

176 732 248 769 rim,
271 732 334 761 orb.
350 730 430 761 desc.
447 732 520 760 378.
544 728 778 769 elegantissimo
790 727 872 756 loco:

207 790 281 820 Hcic,
301 790 370 815 inter
380 789 461 814 celsas
471 788 525 813 late
535 787 671 819 surgentia
683 786 778 816 nubes,

203 830 321 862 Templa
332 829 451 861 Sinopitae
461 829 533 860 Jovis
549 827 664 858 adstant,
681 827 747 851 nixa
758 825 904 855 commun,

205 873 295 898 Divite
305 879 435 897 saxorum
447 872 549 897 circum
562 871 659 896 vestita
670 869 796 899 metallo,

205 915 371 947 Aurofttlva
383 915 468 947 gravi,
487 915 565 940 niveo
577 915 705 939 radiantia
717 915 815 940 dente:

172 964 194 994 i.
213 974 238 994 e.
255 974 318 994 non
333 973 411 993 auro
425 964 494 1001 lita,
510 963 564 993 sed
573 963 668 992 etiam
683 962 810 993 laminis
821 973 901 993 cras-

175 1015 316 1050 sioribus,
340 1021 370 1045 et
382 1016 540 1054 gravibus,
564 1014 701 1045 inducta.
750 1014 793 1045 Et
808 1013 905 1055 vulgo

171 1068 287 1107 legitur
315 1067 421 1104 etiam,
461 1069 569 1107 Sinope
605 1068 687 1098 Jove's
721 1068 903 1097 adstabant:

171 1119 415 1150 mendosissime.
461 1119 549 1154 Quin
575 1119 671 1149 etiam
689 1118 905 1157 Apollinarem.

174 1171 341 1202 Sidonium
362 1180 531 1210 apponam,
554 1171 642 1209 epist.
669 1170 700 1200 ii.
727 1173 775 1200 10.
801 1180 901 1209 quum

173 1223 212 1254 sit
227 1224 313 1254 locus
329 1223 575 1257 venustissimus,
598 1228 629 1251 et
640 1222 687 1257 iis,
710 1221 898 1261 quibuscum

173 1285 340 1311 versamur,
351 1274 746 1312 illustrandissummopere
756 1272 895 1303 idoneus:

231 1335 306 1358 Intus
317 1334 366 1359 lux
377 1334 470 1364 micat,
492 1337 575 1364 atque
588 1333 744 1357 bracteatum

233 1376 274 1401 Sol
285 1376 321 1400 sic
331 1375 480 1400 solicitatur
487 1374 521 1399 ad
533 1374 651 1403 lacunar,

232 1415 316 1439 Fulvo
329 1418 359 1439 ut
371 1414 497 1439 concolor
508 1418 577 1438 erret
589 1413 615 1437 in
627 1412 736 1437 metallo.

168 1463 262 1500 Quod
284 1463 338 1494 ille
359 1464 560 1500 bracteatum,
585 1472 738 1492 numerus
770 1461 901 1499 scripto-

169 1525 241 1545 rum
253 1517 443 1552 inauratum,
456 1514 607 1544 nominat,
641 1513 663 1544 J
666 1512 816 1550 uvenalis,
834 1512 899 1542 xiii.

177 1570 247 1598 151.

412 1639 502 1663 minor
512 1641 602 1663 exstat
613 1637 764 1669 sacrilegus,
781 1636 827 1668 qui

183 1679 269 1704 Radat
279 1678 395 1703 inaurati
404 1678 496 1703 femur
508 1678 639 1707 Herculis,
657 1680 685 1701 et
696 1676 794 1701 faciem
805 1677 890 1708 ipsam

185 1718 320 1750 Neptuni,
342 1718 388 1750 qui
398 1717 547 1742 bracteatum
559 1717 593 1742 de
605 1718 717 1741 Castore
728 1716 820 1740 ducat.

169 1765 264 1796 Unde
285 1766 424 1796 virorum
445 1765 697 1795 doctissimorum
722 1764 895 1804 incogitan-

165 1817 242 1847 tiam
264 1817 338 1847 satis
359 1816 465 1846 mirari
488 1826 619 1856 nequeo,
642 1825 756 1844 manus
780 1815 897 1854 impor-

168 1877 262 1900 tunas
276 1870 366 1900 Livio
381 1870 603 1910 injicientium,
627 1871 667 1901 ad
680 1870 734 1901 xli.
753 1875 802 1901 20.
827 1876 899 1902 9.—

169 1926 190 1940 “
206 1922 295 1953 Jovis
312 1921 481 1960 Capitolini
504 1922 710 1962 magnificum
733 1925 898 1964 templum,

166 1979 191 1994 “
209 1985 273 2005 non
286 1977 461 2015 Iaqueatwn
477 1986 554 2006 auro
570 1981 708 2016 tantum,
734 1978 788 2009 sed
802 1979 901 2018 parie-

169 2031 190 2046 “
208 2028 291 2058 tibus
306 2027 377 2056 totis
392 2026 510 2056 lamina
524 2029 747 2060 i›muratum.·'’
778 2031 797 2062 i.
813 2042 838 2062 e.
855 2033 900 2063 la-

170 2079 265 2109 minis
277 2079 379 2108 aureis
394 2080 595 2110 bracteatum.
646 2081 691 2111 At
705 2081 846 2121 displicet
863 2085 900 2114 il-

168 2130 223 2161 lud
239 2134 438 2162 inauratum:
469 2131 558 2170 quasi
574 2132 690 2163 scilicet
705 2133 832 2165 laminis
845 2148 898 2166 ar-

164 2184 262 2222 genti,
296 2182 344 2212 vel
374 2181 454 2212 alius
480 2182 598 2212 metalli
623 2184 799 2224 cujuslibet,
834 2197 899 2218 non

169 2234 283 2264 obduci
297 2234 431 2273 poterat!
474 2234 634 2265 Amobius
650 2246 705 2275 pro
729 2245 898 2269 consuetu-

169 2284 242 2314 dine
260 2284 316 2314 sua.
331 2285 515 2314 Lucretium
530 2286 696 2317 aemulatus
713 2294 774 2328 est,
790 2289 842 2320 lib.
859 2291 897 2321 vi.

167 2345 197 2374 p.
216 2338 285 2367 191.
309 2341 340 2365 et
354 2336 458 2366 lucem
474 2336 560 2367 dabit
581 2339 770 2379 conjecturae
782 2348 896 2371 nostrae

169 2392 283 2424 serant,
305 2387 496 2427 proferant,
520 2388 553 2417 in
577 2389 645 2419 loco
663 2391 898 2424 Claudiani:—

170 2444 189 2456 “
204 2440 399 2478 laquearibus
414 2445 469 2468 aut
483 2442 642 2471 renideant
653 2445 756 2474 aureis
762 2459 772 2479 ;
794 2445 897 2483 splen-

169 2493 191 2508 “
208 2489 302 2519 deant
316 2490 366 2519 hic
381 2500 526 2529 gemmae,
550 2497 581 2520 et
606 2492 740 2523 sidereos
754 2503 898 2527 evomant

169 2545 190 2558 ‘⁸
205 2538 289 2570 varia
305 2542 545 2571 interstinctione
561 2541 732 2583 fulgores.’'

211 2591 292 2622 Ibid.
308 2594 429 2631 templa.
462 2593 653 2630 sslacwbins
674 2596 846 2628 Saturn.vi.
863 2603 892 2628 2.

168 2644 275 2684 utique
289 2650 365 2674 tecta
375 2658 386 2674 .·
409 2650 498 2675 recte.
545 2645 735 2686 Propertius,
746 2648 788 2678 iii.
803 2653 828 2680 l.
842 2654 892 2682 49.

200 2717 279 2748 Quod
299 2723 353 2742 non
372 2718 504 2742 Taenariis
521 2717 608 2742 domus
627 2722 666 2744 est
677 2721 744 2744 mihi
761 2721 831 2746 fulta
850 2729 894 2747 co-

277 2756 385 2787 lumnis‚

231 2797 285 2821 Nec
296 2804 396 2821 camera
408 2801 515 2822 auratas
525 2797 597 2823 inter
608 2799 709 2824 eburna
719 2799 811 2825 trabes.

669 2841 894 2873 BENTLEms.

172 2916 259 2948 Niffil
287 2929 426 2960 unquam
451 2921 513 2952 vidi
538 2921 705 2961 infelicius,
733 2931 786 2955 aut
817 2925 897 2955 tanti

887 2984 916 3014 Ο

952 568 1010 598 viri
1026 568 1257 609 elegantissimo
1273 570 1401 611 ingenio
1416 571 1585 612 indignius.
1632 572 1682 603 Ita

952 630 1026 650 sane
1041 626 1165 660 egomet
1181 620 1259 650 olim
1269 628 1379 660 sponte
1394 623 1602 663 conjeceram,
1613 623 1682 654 loco

953 670 1055 701 Flacci
1071 671 1196 709 ductus,
1213 672 1264 703 od.
1281 672 1313 702 ii.
1333 677 1379 704 16.
1401 677 1447 704 ll.

1207 739 1282 756 curas
1293 732 1412 765 laqueata
1423 734 1526 758 circum

1140 773 1210 795 Tecta
1223 772 1336 796 volantis
1345 780 1350 796 :

948 818 1001 849 sed
1018 819 1073 849 diu
1089 820 1245 859 poenituit,
1269 826 1299 850 et
1315 821 1392 851 nihil
1409 822 1442 852 in
1458 823 1604 853 Lucretio
1620 833 1679 853 no-

946 870 1087 900 vandum
1112 871 1222 902 dicam.
1269 872 1352 902 Rem
1371 873 1486 903 scilieet
1514 874 1678 904 sublimio-

946 933 1013 952 rem
1028 933 1102 953 voce
1124 923 1292 964 magnifica
1314 925 1477 956 nobilitare
1500 933 1604 956 noster
1625 937 1680 957 vo-

950 974 1023 1012 luit;
1054 981 1084 1004 et
1106 975 1267 1015 vulgatam
1289 976 1455 1007 lectionem
1478 978 1552 1008 satis
1575 984 1680 1008 tuetur

950 1026 1107 1063 Lucanus,
1142 1027 1214 1058 Cari
1244 1038 1308 1058 non
1340 1029 1519 1068 immemor,
1554 1041 1582 1060 x.
1608 1033 1678 1060 111.

951 1087 1044 1116 quem
1061 1077 1144 1116 prior
1160 1078 1399 1119 Havercampus
1413 1081 1583 1120 occupavit.

965 1137 1022 1167 lpse
1034 1136 1106 1160 locus
1117 1137 1211 1169 templi,
1227 1139 1299 1169 quod
1314 1140 1362 1163 vix
1373 1141 1524 1171 corruptior
1535 1144 1602 1165 aetas

960 1176 1099 1205 Exstruat,
1119 1176 1202 1200 instar
1227 1181 1299 1207 erat,
1326 1178 1500 1210 laqueataque
1521 1183 1584 1203 tecta
1605 1179 1675 1205 fere-

1052 1214 1117 1238 bant

959 1253 1080 1283 Divitias,
1097 1260 1269 1286 crassumque
1284 1256 1366 1280 trabes
1376 1257 1551 1282 absconderat
1562 1266 1668 1283 aurum.

952 1313 1107 1350 Templum
1135 1322 1250 1352 nempe
1272 1323 1359 1344 more
1384 1315 1575 1346 Lucretiano
1598 1317 1679 1347 valet

945 1369 1281 1401 tegmen—concavum
1290 1364 1434 1403 lacunar;
1448 1372 1483 1396 ut
1495 1373 1600 1397 noster
1611 1369 1680 1398 coelz'

945 1425 1102 1452 cavernas,
1126 1415 1166 1448 iv.
1188 1419 1256 1446 172.
1281 1423 1312 1447 et
1327 1419 1395 1448 caeli
1409 1421 1532 1458 templa,
1548 1419 1568 1449 i.
1587 1422 1678 1450 1015.

944 1466 997 1496 ubi
1013 1477 1070 1496 nos
1085 1467 1225 1498 videndi:
1244 1469 1386 1500 conferas
1398 1470 1494 1501 etiam
1509 1470 1583 1501 ibid.
1602 1474 1674 1503 987.

947 1517 1080 1555 Rursus,
1104 1518 1144 1548 iv.
1161 1522 1235 1549 628.

1006 1577 1122 1601 Humida
1138 1577 1240 1610 linguai
1252 1579 1355 1603 circum
1366 1581 1489 1605 sudantia
1499 1581 1591 1614 templa
1602 1591 1610 1606 .-

944 1628 964 1658 ἰ.
987 1638 1013 1658 e.
1039 1629 1100 1658 oris
1130 1639 1242 1659 cavum
1265 1635 1296 1659 et
1317 1630 1498 1671 laqueatum
1520 1632 1673 1672 tegimen,

946 1679 1030 1720 quod
1053 1693 1144 1722 epam
1176 1681 1281 1711 Graeci
1308 1682 1452 1712 vocitant.
1497 1683 1547 1712 Ibi
1577 1682 1676 1721 plura.

947 1730 1036 1761 Hinc
1065 1732 1098 1760 in
1121 1732 1319 1770 spurcissimo
1348 1733 1488 1772 quodam
1518 1734 1676 1774 epigram-

941 1790 1036 1823 mate,
1059 1785 1207 1815 meretrix
1223 1786 1337 1816 dicitur
1359 1800 1400 1818 τοι
1422 1800 1518 1830 spana
1540 1788 1674 1820 libenter

941 1840 1018 1878 pati:
1042 1851 1112 1880 quae
1128 1840 1243 1870 nollem
1266 1842 1301 1871 in
1316 1843 1376 1872 hoc
1392 1842 1462 1873 loco
1477 1843 1602 1882 planius
1619 1843 1673 1874 de-

942 1890 1064 1921 clarata.
1109 1892 1220 1930 Porro,
1237 1893 1297 1922 nisi
1313 1893 1353 1923 de
1369 1894 1488 1925 aedibus
1503 1895 1671 1925 hominum

942 1942 1272 1982 magnificentioribus,
1297 1944 1387 1974 sicuti
1418 1945 1457 1975 de
1481 1948 1610 1986 templis,
1634 1946 1673 1976 li-

947 2001 1028 2025 ceret
1053 1995 1151 2037 loqui,
1188 1998 1239 2028 vix
1264 1999 1442 2038 probandus
1466 2007 1544 2030 esset
1574 2001 1672 2038 Naso,

946 2046 1033 2086 quasi
1049 2048 1175 2078 vocibus
1190 2049 1275 2079 haud
1291 2050 1531 2081 discriminatim
1546 2061 1672 2082 accura-

944 2098 984 2127 tis
999 2104 1149 2137 uteretur,
1173 2101 1213 2130 ad
1227 2112 1323 2131 amor.
1341 2102 1386 2132 iii.
1404 2107 1433 2134 9.
1450 2106 1499 2133 45.

974 2159 1060 2182 Aurea
1070 2163 1226 2185 sanctorum
1237 2162 1386 2192 potuissent
1397 2161 1491 2193 templa
1503 2161 1607 2185 deorum

1036 2200 1160 2225 Urere—.

942 2247 1064 2277 Locum
1080 2248 1179 2278 Ennii
1193 2249 1495 2286 commodissimum,
1524 2250 1672 2279 Lucretio

942 2308 1006 2327 non
1023 2299 1263 2337 inobservatum,
1292 2299 1521 2340 aliquantulum
1539 2300 1671 2340 castiga-

942 2349 1053 2378 tiorem
1076 2350 1301 2388 praestabimus,
1325 2361 1362 2380 ex
1388 2351 1548 2381 Ciceronis
1574 2352 1669 2382 Tusc.

943 2400 1041 2439 dispp.
1059 2400 1102 2430 iii.
1121 2404 1168 2432 19.

1004 2468 1026 2490 O
1037 2467 1043 2491 !
1056 2470 1142 2498 pater,
1159 2468 1190 2492 o!
1210 2468 1306 2499 patria,
1323 2469 1356 2492 o!
1376 2468 1472 2492 Priami
1489 2468 1603 2500 domus3

1003 2509 1114 2538 Septum
1126 2508 1238 2532 altisono
1251 2508 1358 2533 cardine
1369 2509 1505 2540 templum!

1004 2547 1062 2570 Vidi
1074 2554 1124 2578 ego
1136 2551 1173 2577 te,
1190 2548 1313 2572 adstante
1323 2555 1375 2578 ope
1385 2547 1533 2577 barbarica,

1006 2586 1095 2610 Tecteis
1106 2587 1236 2617 caelateis,
1254 2587 1401 2619 laqueatcis,

1001 2627 1081 2655 Auro,
1098 2626 1188 2656 ebore,
1205 2626 1367 2650 instructum
1380 2625 1517 2657 regificeis!

1001 2667 1067 2689 Haec
1079 2666 1170 2689 omnia
1181 2666 1236 2689 vidi
1247 2665 1418 2689 inflammari.

940 2719 990 2750 Sic
1002 2719 1171 2760 legendum
1184 2731 1239 2760 pro
1251 2723 1383 2762 regcfice,
1400 2721 1440 2752 ad
1460 2733 1667 2754 numerorum

938 2771 1053 2811 legem,
1075 2772 1100 2801 si
1115 2772 1210 2802 modo
1233 2783 1337 2803 versus
1352 2773 1494 2812 ultimus,
1517 2775 1601 2816 quod
1617 2786 1665 2805 ar-

938 2822 1033 2851 bitrer
1059 2822 1217 2862 equidem,
1247 2823 1400 2862 prioribus
1423 2825 1463 2855 sit.
1488 2827 1665 2857 continuus.

939 2873 1012 2902 Vox
1026 2876 1175 2916 regficeis
1190 2881 1360 2916 utrumque
1379 2887 1495 2907 nomen
1511 2877 1665 2917 complec-

939 2924 1025 2964 titur,
1049 2937 1125 2957 auro
1141 2926 1256 2958 scilicet
1271 2933 1362 2969 atque
1384 2931 1477 2961 ebore.
1523 2929 1607 2959 Nam
1630 2929 1664 2958 in

944 2987 963 2995 n

942 2997 960 3013 ,Ἰ
