1894 3253
189 249 253 289 48

698 245 758 292 T.
812 244 1195 293 LUCRETII

336 374 477 425 Quam
497 375 583 417 sine
601 375 815 430 principiis
835 375 958 416 ullam
979 391 1068 418 rem
1089 377 1282 420 exsistere
1303 393 1438 434 posse.

221 452 305 490 200

392 449 601 504 Denique,
623 463 730 504 quur
748 448 938 490 homines
957 458 1095 492 tantos
1118 460 1268 494 natura
1286 469 1435 508 parare

337 523 436 564 Non
456 523 605 578 potuit,
625 523 799 578 pedibus
819 525 913 581 quei
932 534 1108 580 pontum
1128 542 1203 582 per
1223 528 1329 569 vada
1346 536 1514 584 possent

335 597 548 647 Transire,
570 605 611 638 et
629 612 804 655 magnos
824 599 1014 641 manibus
1034 600 1225 643 divellere
1246 603 1442 654 monteis,

336 671 555 728 Multaque
573 672 750 714 vivendo
770 673 908 715 vitalia
927 675 1092 716 vincere
1112 677 1242 727 secla3

338 746 379 787 Si
402 760 503 796 non,
524 748 713 788 materies
733 748 830 803 quia
849 748 970 790 rebus
990 750 1152 791 reddita
1173 760 1284 793 certa
1306 760 1369 794 est

223 824 305 861 205
339 820 596 877 Gignundis,
619 836 643 863 e
662 821 743 878 qu&
767 830 926 864 constat
947 823 1047 879 quid
1067 826 1194 880 possit
1216 826 1342 867 oriri?

195 981 217 998 “
228 989 351 1019 parere,
367 978 452 1018 apud
465 984 583 1009 veteres
602 980 711 1018 parire
732 977 854 1009 dictum
877 989 926 1010 re-

196 1034 218 1049 “
235 1030 387 1070 perimus;
411 1036 446 1060 ut
462 1030 548 1070 apud
564 1030 723 1061 Ennium:

209 1091 229 1103 “
240 1090 297 1113 Ova
304 1089 389 1121 parire
400 1089 466 1114 solet
478 1095 562 1121 genus
572 1089 666 1120 pennis
675 1089 919 1114 condecoratum.”

195 1137 312 1168 Noster
327 1138 393 1177 ipse
408 1137 552 1168 similiter
574 1138 699 1168 locutus
714 1145 760 1168 est
775 1139 871 1168 etiam
894 1139 929 1168 in

194 1199 223 1220 v.
243 1193 314 1220 235.

254 1248 348 1273 Tellus
358 1248 413 1279 ipsa
421 1248 500 1280 parit,
511 1252 660 1279 naturaque
669 1249 774 1273 daedala
786 1256 886 1274 rerum.

236 1299 311 1329 Ver.
340 1302 412 1329 201.
438 1298 613 1329 Commode
635 1298 709 1327 satis
731 1298 923 1328 Lambinus:

194 1354 218 1371 “
236 1348 347 1386 Qualis
362 1350 492 1390 fingitur
507 1350 725 1390 Polyphemus
740 1361 759 1380 a
776 1350 924 1391 Virgilio,

199 1403 274 1433 AEn.
290 1403 334 1433 iii.
352 1406 423 1433 665.

484 1472 503 1484 “
515 1470 690 1502 graditurque
701 1477 748 1501 per
760 1476 856 1501 aequor

227 1512 314 1542 “Jam
325 1511 459 1540 medium,
479 1517 529 1535 nec
550 1511 615 1534 dum
634 1510 732 1534 fluctus
751 1510 834 1535 latera
845 1510 928 1534 ardua

318 1550 433 1573 tinxit.”

237 1598 312 1628 Ver.
345 1602 416 1628 202.
449 1599 590 1628 manibus
628 1599 776 1628 divellere.
834 1597 925 1627 Idem

197 1650 303 1687 iliam,
323 1650 397 1680 [En.
410 1649 441 1679 ii.
459 1653 529 1680 220.

255 1708 301 1732 Ille
311 1708 390 1732 simul
401 1707 517 1732 manibus
528 1708 617 1732 tendit
629 1707 753 1732 divellere
765 1708 858 1732 nodos.

194 1757 239 1787 Et
255 1757 401 1787 credibile
423 1763 469 1787 est
493 1757 678 1787 Lucretium
701 1757 859 1796 praecipue
875 1762 923 1786 at-

194 1809 317 1849 tingere
349 1809 463 1839 Xerxis
492 1809 646 1845 facinora;
685 1809 751 1848 qui,
779 1809 928 1848 gigantea

195 1860 331 1900 quzidam
341 1867 502 1899 permotus
513 1859 720 1895 immanitate,
732 1865 856 1889 montes
865 1859 927 1889 dis.

196 1912 283 1950 cidit,
301 1918 331 1942 et
345 1913 456 1941 itinere
472 1912 607 1950 pedestri
623 1912 766 1941 transivit
777 1911 883 1942 maria.

240 1964 315 1993 Ver.
333 1967 403 1992 203.
427 1965 551 1993 vivendo
568 1965 696 1992 vincere.
744 1962 840 1992 Hanc
851 1973 928 2003 quo-

197 2025 258 2054 que
294 2014 489 2044 locutionem
521 2014 681 2044 transtulit
710 2013 868 2054 Virgilius
897 2015 930 2043 in

202 2066 352 2104 AEneida,
368 2066 409 2096 xi.
426 2069 495 2096 160.

260 2126 363 2149 Contra
373 2131 424 2156 ego
435 2123 558 2148 vivendo
569 2123 625 2147 vici
637 2130 698 2148 mea
709 2122 774 2148 sata.

244 2174 324 2205 Ibid.
347 2176 454 2205 vitalia
480 2175 577 2204 secla:
613 2172 718 2213 qualia
744 2182 858 2212 nempe
883 2173 929 2203 vi-

200 2235 279 2258 vunt
294 2228 472 2258 communis
494 2227 602 2267 plebes
617 2227 800 2257 hominum:
827 2226 929 2257 virilm

199 2282 299 2311 seeula
323 2279 444 2310 vocavit
470 2280 680 2316 Blantuanus,
703 2279 737 2308 in
762 2278 833 2308 loco
855 2278 930 2307 hinc

199 2342 354 2371 expresso,
379 2341 482 2372 neque
499 2330 685 2371 Preigerum
711 2329 838 2367 latente,
861 2339 929 2370 geo.

201 2383 233 2413 ii.
250 2386 321 2414 295.

365 2441 471 2465 inmota
482 2444 585 2470 manet,
596 2439 751 2471 multosque
763 2442 885 2471 nepote8‚

204 2503 206 2507 ,
231 2481 317 2505 Multa
327 2481 419 2506 viram
432 2481 543 2506 volvens
554 2480 675 2505 durando
686 2479 780 2509 secula,
791 2479 892 2503 vincit:

200 2530 255 2560 ubi
271 2531 534 2569 permutationem
551 2531 646 2560 habes
660 2528 798 2558 maxime
813 2527 931 2557 Lucre-

201 2583 330 2618 tianam,
357 2586 473 2614 volvens
488 2585 602 2621 secula,
628 2582 694 2612 vice
715 2581 863 2612 volventia
885 2590 931 2609 se-

201 2637 290 2670 cula,·
316 2636 386 2666 vide
402 2647 460 2666 nos
475 2637 514 2667 ad
529 2647 590 2667 ver.
608 2639 681 2667 475.
696 2635 828 2675 hujusce
842 2633 926 2663 libri:

201 2695 277 2714 nam
292 2685 343 2714 hic
359 2692 404 2715 est
420 2687 497 2717 ordo
512 2689 692 2717 verborum:
721 2690 741 2704 “
758 2685 932 2725 Vincitque

202 2739 225 2754 “
242 2735 360 2765 multos
390 2744 531 2776 nepotes,
561 2739 699 2776 volvens,
727 2737 805 2768 dum
829 2736 931 2773 durat,

201 2791 223 2806 “
234 2798 294 2827 per
308 2787 410 2817 multa
423 2790 528 2820 secula
542 2790 712 2821 virorum.”

246 2838 328 2869 Ibid.
338 2841 435 2870 secla:
454 2841 474 2870 i.
485 2852 510 2871 e.
522 2843 680 2880 portiones
691 2841 845 2882 quasdam
855 2846 933 2870 tem-

202 2891 287 2932 poris
317 2891 350 2921 in
373 2898 477 2929 partes
498 2897 587 2928 secm-
623 2894 708 2924 unde
735 2892 935 2924 scribendum

972 979 1095 1011 videtur
1109 981 1297 1013 vocabulum
1312 993 1367 1021 per
1380 994 1395 1013 e
1411 982 1604 1022 simplicem3
1626 992 1703 1015 nam

973 1039 1077 1073 etyma
1092 1035 1247 1064 Varronis
1262 1041 1293 1064 et
1317 1034 1442 1073 Isidori,
1465 1046 1484 1064 a
1498 1037 1617 1067 senibus
1633 1042 1664 1066 et
1685 1047 1706 1067 a

974 1087 1124 1125 sequendo
1138 1086 1326 1124 petentium,
1350 1096 1407 1124 pro
1432 1086 1633 1125 ineptissimis
1648 1087 1705 1117 ha-

974 1138 1047 1167 bere
1062 1137 1170 1168 nullus
1185 1136 1336 1168 dubitem.

1018 1189 1091 1219 Ver.
1109 1193 1182 1220 204.
1207 1191 1279 1229 qnia
1291 1204 1300 1220 .·
1328 1189 1366 1219 V.
1383 1189 1430 1219 ed.
1454 1200 1540 1229 quoe5
1569 1190 1616 1220 M.
1632 1201 1704 1230 qua.

975 1247 1015 1270 Π.
1032 1241 1158 1270 vocibus
1173 1241 1379 1280 transpositss,
1395 1243 1484 1272 rebus
1498 1243 1571 1281 quia
1581 1255 1591 1271 .-
1617 1247 1648 1271 et
1668 1246 1705 1274 Δ.

972 1291 1090 1321 omittit
1104 1298 1156 1322 est.

1017 1343 1098 1374 Ibid.
1113 1345 1252 1374 reddita:
1279 1343 1298 1374 i.
1315 1354 1340 1374 e.
1357 1343 1539 1383 simpliciter
1553 1343 1635 1380 data,
1659 1350 1706 1374 at-

972 1396 1102 1433 tributa;
1126 1402 1161 1426 ut
1178 1403 1283 1427 noster
1298 1397 1468 1433 multoties,
1492 1403 1523 1427 et
1537 1397 1622 1436 prior
1636 1396 1706 1426 En-

973 1449 1056 1486 nius,
1069 1459 1143 1479 ann.
1160 1449 1223 1479 viii.

1003 1515 1110 1547 Ingenti
1119 1515 1193 1540 vadit
1205 1505 1294 1545 cursu,
1306 1515 1358 1546 qua
1370 1514 1482 1539 redditus
1493 1518 1583 1539 termo
1594 1517 1649 1539 est:

974 1581 1005 1605 et
1016 1580 1134 1613 postea,
1149 1584 1223 1604 cum
1236 1574 1345 1604 multis
1357 1574 1439 1611 aliis,
1451 1573 1620 1614 Virgilius,
1632 1571 1709 1603 AEn.

970 1638 1000 1657 v.
1017 1630 1091 1657 547.

1136 1685 1157 1709 si
1169 1685 1249 1717 primi
1262 1685 1329 1710 Salio
1342 1684 1485 1709 redduntur
1496 1684 1619 1709 honores.

971 1739 992 1755 “
1011 1735 1167 1773 Reddere,
1184 1735 1298 1765 dare:'’
1324 1734 1461 1770 Nonius,
1479 1733 1613 1764 laudans
1628 1732 1707 1763 item

973 1787 1076 1817 Plaut.
1102 1786 1213 1816 Aulul.
1230 1787 1249 1816 i.
1271 1790 1296 1816 1.
1314 1790 1343 1816 6.

975 1839 1025 1869 Sic
1048 1839 1143 1868 etiam
1167 1837 1295 1879 refirre,
1317 1848 1374 1877 pro
1389 1839 1491 1878 ferre,
1507 1842 1615 1867 auctor
1630 1835 1709 1877 eleg.

973 1891 1007 1920 in
1031 1891 1166 1920 Maecen.
1183 1889 1318 1927 obitum,
1344 1899 1406 1919 ver.
1424 1893 1474 1920 90.

1005 1965 1096 1994 Atque
1116 1963 1234 1994 aquilam
1253 1962 1353 1987 misisse
1371 1969 1460 1992 suam,
1476 1967 1539 1993 quae
1561 1963 1710 1993 quaereret,

1098 2011 1189 2034 ecquis

1037 2043 1119 2067 Possit
1130 2046 1255 2067 amatur-o
1270 2041 1332 2065 vina
1344 2041 1436 2072 referre
1447 2040 1515 2071 Jovi.

1017 2100 1092 2129 Ver.
1117 2102 1189 2130 205.
1229 2100 1422 2137 Gignundis:
1458 2098 1495 2127 B.
1519 2099 1705 2137 Signandis‚·

975 2151 1062 2182 unde
1079 2150 1159 2180 nihil
1175 2150 1332 2189 exsculpo.

1017 2203 1092 2232 Ver.
1111 2206 1182 2233 206.
1205 2203 1322 2232 nihilo:
1349 2200 1392 2230 sic
1407 2200 1450 2230 V.
1460 2199 1508 2230 ed.
1521 2200 1557 2230 B.
1572 2203 1606 2230 Δ.
1619 2206 1659 2229 Π.
1673 2203 1711 2230 Σ.

974 2253 1075 2284 Vind.
1093 2253 1149 2294 qui
1164 2258 1195 2283 et
1209 2254 1291 2283 nz'lzil
1308 2251 1371 2282 dat.
1389 2251 1499 2291 Vulgo
1511 2250 1624 2288 editur,
1636 2252 1709 2280 nilo.

975 2305 1065 2337 Alibi
1080 2305 1229 2336 diximus.
1276 2304 1340 2334 Pro
1355 2305 1402 2338 de,
1418 2303 1513 2332 habet
1529 2309 1571 2333 Π.
1586 2313 1610 2332 e.

1018 2358 1094 2387 Ver.
1109 2359 1180 2387 207.
1197 2357 1319 2396 quando
1329 2368 1339 2385 :
1361 2360 1405 2385 Ω.
1420 2356 1707 2394 quin.—Quaeque.·

977 2409 1020 2440 V.
1037 2408 1086 2439 ed.
1104 2419 1182 2449 quoe.

980 2462 1150 2496 Caeterum‚
1178 2458 1365 2489 crediderim
1388 2468 1483 2488 suum
1509 2467 1631 2487 morem
1656 2455 1709 2486 hic

977 2513 1073 2543 etiam
1088 2511 1238 2542 Lucretio
1254 2516 1410 2540 servatum
1426 2519 1502 2545 esse,
1512 2514 1544 2538 et
1553 2506 1709 2546 scripsisse

976 2564 1083 2595 illum:

1039 2631 1140 2656 Semina
1152 2637 1204 2661 qua
1211 2631 1265 2654 ndo
1278 2634 1344 2660 opus
1355 2631 1394 2653 est
1404 2627 1526 2652 rebus—t

976 2681 1061 2722 quod
1076 2685 1256 2720 agnoscent,
1282 2678 1336 2718 qui
1358 2676 1524 2715 diligenter
1538 2669 1708 2702 evolverint

978 2735 1035 2764 hos
1049 2732 1161 2762 libros:
1188 2740 1290 2771 neque
1305 2731 1406 2758 obstat
1421 2725 1522 2755 hilum
1538 2733 1614 2763 quo:
1640 2721 1659 2751 i.
1675 2731 1703 2751 e.

977 2795 1040 2827 quo
1055 2783 1167 2820 modo;
1190 2793 1231 2812 ne
1246 2781 1319 2811 huic
1333 2776 1494 2809 offendant
1508 2772 1692 2803 inscitiores.

1021 2837 1097 2867 Ver.
1116 2838 1187 2865 208.
1205 2837 1344 2874 possent:
1369 2837 1482 2865 nempe
1497 2825 1530 2855 in
1541 2833 1606 2854 aevo
1617 2823 1706 2853 omni

979 2888 1149 2929 praeterito,
1165 2891 1200 2916 ut
1214 2892 1300 2914 nunc
1312 2880 1407 2912 etiam
1419 2877 1634 2919 proferuntur,
1654 2874 1708 2905 Sic
