1894 3253
235 297 304 338 xvi
724 298 815 340 AD
860 297 1254 340 LECTOREM.

293 420 521 470 Secundus,
543 419 644 460 mihi
665 419 847 468 collatus,
867 418 966 459 MS.
990 418 1124 459 codex
1143 419 1187 459 in
1203 418 1368 460 Musaeo
1386 420 1627 465 Britannico
1648 439 1734 466 ser-

233 503 369 544 vatur3
405 494 535 535 forma
567 492 754 543 minima,
788 493 1139 544 membranaceus,
1172 493 1342 548 pulchre
1375 495 1564 550 scriptus,
1606 499 1729 540 seculi

235 583 302 610 XV.

290 717 448 759 Eadem
468 717 713 759 bibliotheca
733 718 1043 761 instructissima
1062 718 1164 758 mihi
1185 719 1352 759 tertium
1373 720 1607 775 exemplare
1630 719 1729 762 MS.

231 793 361 833 aetatis
381 792 561 847 ejusdem
582 808 676 833 cum
696 793 849 847 priore,
877 793 1166 848 suppeditavit,
1191 793 1467 844 chartaceum,
1490 795 1534 834 in
1556 803 1725 849 quart03

230 867 299 922 qui
320 866 458 908 deficit
486 876 624 908 tamen
655 867 866 908 infeliciter
886 883 980 908 cum
1001 882 1120 908 versu
1151 872 1247 907 232.
1278 867 1371 908 libri
1391 869 1443 908 vi.
1508 869 1646 909 Scatet
1666 883 1731 908 er-

230 941 390 982 roribus
412 940 645 996 scriptionis
666 942 798 982 codex
817 942 892 982 iste
912 942 1120 996 plurimis;
1153 942 1223 983 sed
1245 941 1556 998 orthographiae
1576 950 1728 983 vestus-

230 1015 344 1055 tioris
363 1030 452 1070 prae
473 1016 630 1056 caeteris
652 1016 860 1065 omnibus,
884 1015 1025 1056 saltem
1045 1016 1162 1065 meis,
1184 1016 1462 1056 tenacissimus
1478 1016 1650 1057 videtur.

286 1163 476 1204 Tertium
489 1163 665 1219 denique
688 1163 784 1206 MS.
801 1164 967 1213 librum,
991 1164 1268 1214 chartaceum,
1291 1172 1331 1204 et
1351 1162 1482 1204 forma
1499 1163 1634 1213 simili,
1657 1163 1728 1204 sed

226 1237 347 1277 seculi
369 1238 586 1292 sequentis,
609 1237 742 1278 eidem
762 1237 1022 1278 bibliothecae
1044 1237 1187 1277 debeo.
1243 1237 1466 1277 Recentior
1487 1245 1547 1278 est
1566 1236 1726 1291 profec-

225 1319 284 1359 to,
308 1325 430 1365 quam
451 1310 516 1350 cui
537 1318 642 1358 tuto,
665 1309 827 1363 reliquis
848 1309 1193 1360 dissentientibus,
1217 1310 1370 1351 confidi
1391 1310 1532 1365 possit:
1565 1325 1642 1351 nec
1662 1319 1722 1352 ta-

226 1399 321 1425 men
341 1383 410 1424 hic
430 1384 553 1424 etiam
574 1382 746 1423 omnino
766 1381 902 1422 fructu
924 1398 997 1423 suo
1019 1383 1163 1423 caruit.

283 1534 365 1575 Sed
386 1542 425 1574 et
446 1533 570 1574 alimn
590 1533 757 1587 insuper
789 1532 985 1587 scriptum
1007 1531 1172 1580 librum,
1206 1531 1258 1572 de
1286 1547 1368 1587 quo
1396 1532 1499 1572 nihil
1520 1532 1725 1588 cogitave-

223 1623 327 1657 ram,
369 1608 469 1648 mihi
500 1608 686 1663 permisit
719 1607 989 1648 evolvendum
1028 1607 1089 1646 vir
1125 1606 1444 1647 humanissimus
1484 1606 1725 1647 EDVARDUS

226 1682 396 1731 Pomm,
415 1697 509 1723 cum
520 1680 824 1736 promptissima
838 1680 1105 1736 benignitate,
1121 1680 1421 1721 alaudabilibus
1434 1680 1477 1719 in
1492 1680 1622 1721 bonas
1637 1680 1725 1721 lite-

221 1770 287 1796 ras
308 1755 518 1796 affectibus
539 1754 735 1796 derivata.
788 1755 998 1796 Nimirum
1019 1769 1165 1794 manus
1181 1754 1385 1794 recentior
1405 1752 1518 1794 hunc
1537 1754 1723 1794 codicem

222 1831 423 1879 exaravit;
456 1844 583 1885 quum
603 1844 701 1870 vero
722 1829 894 1884 cujusvis
914 1829 1101 1883 impressi
1128 1829 1235 1883 typis
1255 1828 1347 1868 libri
1368 1841 1454 1867 non
1475 1828 1526 1868 sit
1547 1842 1722 1884 apogra-

220 1903 350 1957 phon,
374 1903 443 1943 sed
465 1903 650 1943 codicem
665 1904 886 1957 quemdam
910 1902 1007 1943 MS.
1028 1903 1251 1943 certissime
1271 1903 1315 1942 in
1336 1901 1547 1956 exemplar
1566 1900 1722 1942 habue-

221 1977 290 2025 rit,
313 1990 398 2016 non
420 1975 651 2030 spernenda
671 1984 730 2016 est
750 1976 834 2030 ejus
856 1975 1091 2024 auctoritas,
1115 1976 1272 2029 quoties
1293 1975 1574 2028 antiquiorum
1594 1974 1719 2015 libro-

219 2064 312 2091 rum
332 2050 574 2090 lectionibus
594 2050 637 2090 in
659 2048 885 2090 subsidium
906 2048 1084 2088 accedat.
1128 2047 1283 2088 Utrum
1303 2047 1440 2101 plures
1461 2048 1541 2088 sint
1562 2047 1718 2088 Lucre-

219 2123 265 2163 tii
286 2124 446 2165 codices
467 2123 597 2165 MSS.
629 2124 673 2164 in
693 2121 948 2164 bibliothecis
971 2121 1172 2178 Anglicis,
1195 2121 1257 2162 vel
1277 2120 1464 2175 publicis,
1501 2120 1563 2161 vel
1583 2121 1719 2175 priva-

217 2197 283 2247 tis,
305 2198 426 2252 plane
454 2198 606 2238 nescio:
639 2205 680 2238 et
700 2211 852 2237 caussae
873 2204 982 2245 sunt,
1015 2194 1094 2250 qua
1125 2194 1384 2251 theologicae,
1420 2194 1499 2249 qua
1521 2194 1716 2249 politicae,

218 2286 292 2312 cur
311 2280 511 2313 nostrates
531 2271 680 2313 eruditi
710 2286 795 2312 non
817 2271 897 2311 sint
917 2270 970 2311 ad
990 2285 1056 2310 me
1086 2269 1324 2318 fovendum,
1352 2277 1393 2309 et
1413 2277 1584 2309 conatus
1604 2284 1717 2311 meos

217 2346 536 2400 promovendos,
568 2346 690 2386 nimis
719 2344 923 2399 propensa
955 2344 1178 2383 voluntate:
1211 2342 1285 2383 has
1316 2351 1468 2392 autem,
1497 2343 1609 2398 quod
1639 2343 1716 2383 im-

215 2421 451 2475 pensissime
470 2420 672 2469 laetamur,
696 2434 742 2460 ac
764 2419 868 2459 serio
889 2417 1205 2472 triumphamus,
1221 2418 1308 2471 jam
1323 2418 1409 2471 jam
1432 2426 1714 2458 evanescentes

215 2495 353 2544 video3
386 2503 448 2545 ut,
471 2502 616 2535 exorto
633 2494 729 2543 sole,
752 2493 943 2534 matutini
964 2507 1076 2533 rores
1098 2500 1388 2546 evaporantur:
1422 2491 1533 2546 quod
1554 2491 1648 2532 ideo
1667 2491 1711 2530 in

214 2576 448 2609 transcursu
468 2569 672 2609 monitum
693 2566 817 2616 volui,
840 2581 892 2607 ne
912 2566 1034 2606 nimis
1055 2566 1247 2606 incuriosi
1268 2565 1462 2615 fortassis,
1485 2573 1555 2606 aut
1575 2563 1710 2604 indili-

213 2642 410 2699 gentioris
423 2643 647 2698 cujusdam,
670 2643 825 2683 crimen
846 2640 957 2696 apud
972 2640 1143 2696 aliqUOS‚
1167 2639 1379 2681 calumniis
1392 2638 1610 2687 inhiantes,
1633 2638 1709 2677 im-

214 2717 362 2757 merito
383 2716 572 2758 subirem.

270 2864 397 2905 Anno
429 2863 925 2906 M.DCC.LXXXVII.
959 2863 1175 2905 Lucretius
1207 2863 1424 2916 impressus
1444 2867 1504 2900 est
1534 2858 1708 2899 Viennis

209 2937 262 2979 ad
282 2938 465 2980 codicem
492 2940 835 2990 lszbzdohonensem,
858 2947 1025 2980 curante
1045 2939 1258 2979 Francisco
1274 2936 1416 2977 carolo
1437 2934 1566 2983 Alter,
1589 2946 1706 2989 gym-
