1894 3253
122 275 211 314 148

615 263 675 310 T.
736 247 1124 308 LUCRETII'

265 397 450 446 Ossibus,
473 402 513 436 et
532 394 682 443 nervis,
704 393 914 448 venisque,
936 399 976 433 et
996 391 1210 448 sanguine,
1232 391 1372 431 mixta.

264 472 485 519 Praeterea,
509 482 810 523 quaequomque
831 481 853 507 e
873 465 982 506 terra
1003 480 1180 520 corpora
1200 472 1404 515 crescunt,

266 547 311 587 Si
331 552 425 585 sunt
444 544 487 583 in
509 543 644 594 terris,
665 550 818 583 terram
838 548 1026 582 constare
1046 555 1208 581 necesse
1229 547 1289 581 est

151 623 233 662 870
266 620 331 661 Ex
352 618 603 675 alienigenis,
627 632 720 673 quae
740 617 858 657 terris
879 615 1134 656 exoriuntur.

266 692 463 735 Transfer
483 693 596 742 item,
619 692 793 733 totidem
814 691 948 732 verbis
969 698 1084 731 utare
1103 688 1255 729 licebit:

267 769 319 810 In
339 768 459 824 lignis
479 768 512 808 si
531 767 698 808 flamma
717 767 828 816 latet,
851 765 1083 820 fumusque,
1105 763 1303 818 cinisque,

269 842 338 884 Ex
359 842 595 898 alienigenis
616 842 840 882 consistant
860 840 987 896 ligna,
1010 853 1174 879 necesse
1194 845 1272 885 est3

271 917 339 958 Ex
359 915 610 972 alienigenis,
634 929 726 970 quae
746 914 868 971 lignis
889 912 1144 953 exoriuntur.

157 994 238 1034 875

130 1150 311 1180 varietatem
326 1150 502 1189 scripturae;
526 1159 595 1190 quae
622 1148 765 1180 Maronis
790 1147 855 1179 edi-

129 1207 212 1232 tores
223 1201 307 1231 haud
323 1201 442 1241 effugit.

174 1253 250 1282 Ver.
267 1256 338 1282 870.
360 1253 467 1282 terris:
495 1257 530 1281 Δ.
545 1258 652 1282 terras.

329 991 554 1046 Linquitur
573 989 664 1030 heic
684 987 877 1045 quaedam
896 984 1084 1027 latitandi
1105 984 1225 1039 copia
1244 983 1392 1033 tenuis,

931 1146 972 1175 kd,
993 1144 1066 1176 quod
1089 1142 1263 1174 Anaxagoras
1279 1139 1327 1165 sibi
1342 1139 1425 1165 sumit
1432 1147 1440 1171 3
1459 1142 1482 1164 et
1501 1140 1630 1166 omnibus

1023 1190 1126 1208 omneis

933 1226 982 1248 Res
992 1227 1066 1256 putat
1079 1222 1209 1247 inmixtas
1225 1221 1317 1246 rebus:

176 1303 250 1333 Ver.
268 1306 340 1333 875.
365 1304 549 1333 consistant:
576 1302 617 1331 V.
641 1301 688 1331 ed.
712 1306 859 1331 constant.
903 1298 973 1327 ‘1¹¹ae
989 1285 1138 1317 faenum&
1153 1284 1384 1314 construetione
1400 1283 1583 1323 decurrunt,
1605 1289 1637 1316 et

134 1353 261 1384 Deinde
283 1355 367 1383 hunc
392 1359 566 1393 sequuntur
588 1353 622 1382 in
649 1353 688 1383 G·
704 1352 802 1382 Vind.
819 1352 860 1382 V·
904 1350 976 1369 meo
991 1338 1102 1369 saltem
1119 1343 1192 1368 sunt
1203 1337 1310 1376 gustui
1323 1336 1459 1376 vulgatis
1472 1337 1636 1375 sapidiora.

134 1404 182 1435 ed.
198 1405 236 1435 L.
256 1405 303 1434 M.
322 1405 361 1434 O.
380 1409 414 1435 Δ.
431 1409 464 1435 Σ.
484 1411 527 1435 Ω.
545 1404 577 1434 hi
593 1404 657 1434 duo
679 1414 784 1433 versus
798 1403 860 1433 lec·

135 1456 273 1486 tionibus
288 1456 395 1486 leviter
406 1456 545 1494 variati53
569 1462 605 1486 ut
626 1456 659 1485 in
676 1455 713 1485 P.
730 1465 864 1495 quoque,

136 1507 191 1538 sed
206 1507 314 1537 ordine
329 1507 463 1537 inverso:

150 1583 294 1610 Praeterea,
305 1580 382 1605 tellus
392 1587 453 1611 quae
465 1587 575 1611 corpora
585 1587 693 1611 cunque
707 1580 764 1609 alit,
773 1583 864 1612 auget,

152 1622 195 1645 Ex
206 1621 370 1652 alienigenis,
381 1628 443 1651 quae
456 1621 533 1652 lignis
544 1621 719 1645 exoriuntur:

137 1680 272 1725 quorum
289 1684 372 1722 prior
387 1684 470 1714 haud
489 1684 582 1713 dubie
598 1684 793 1714 adulterinus
810 1690 866 1722 est,

139 1746 239 1775 quum
263 1741 293 1765 et
319 1735 469 1764 orationis
494 1736 605 1765 seriem
629 1735 814 1774 interpellet,
838 1742 869 1765 et

138 1789 177 1817 ab
192 1793 379 1828 argumento
395 1787 454 1817 loci
477 1798 602 1826 prorsus
631 1787 752 1817 alienus
775 1788 868 1818 iuter-

139 1838 255 1868 veniat:
283 1838 432 1877 posterior
454 1845 560 1868 autem
583 1849 674 1868 verus
700 1845 746 1869 est
771 1840 870 1878 po'e'tae

140 1890 238 1928 fetus3
261 1897 292 1920 et
305 1890 405 1919 verbis
420 1889 677 1928 praecedcntibus,

171 1957 300 1982 Transfer
308 1957 385 1986 item,
397 1957 511 1981 totidem
523 1958 607 1982 verbis
620 1962 696 1982 utare
707 1958 808 1988 licebit,

143 2015 206 2034 non
223 2004 400 2034 defenditur
415 2006 648 2043 tantummodo,
672 2006 726 2036 sed
741 2007 871 2036 omnino

143 2055 191 2085 vel
207 2055 353 2085 conviciis
379 2055 566 2093 deposcitur.
614 2057 676 2086 His
699 2056 737 2086 de
758 2057 872 2086 caussis

144 2107 375 2138 admittendum
390 2107 505 2136 censui.

187 2160 262 2189 Ver.
280 2162 351 2190 875.
371 2159 470 2188 Hunc
481 2158 624 2188 ordinem
636 2159 802 2189 verborum
818 2161 872 2189 ob-

145 2217 267 2241 servant
286 2211 325 2241 G.
342 2211 377 2241 L.
400 2211 446 2240 M.
474 2210 585 2250 reliqui
609 2210 732 2240 sedibus
747 2212 875 2241 mutatis

146 2269 269 2303 ponunt
283 2273 373 2292 voces
388 2265 473 2302 copia
492 2269 522 2292 et
537 2265 645 2293 tenuis.
694 2263 725 2292 Si
742 2273 814 2293 vero
830 2264 873 2293 sic

144 2316 278 2345 fuissent
294 2316 332 2345 ab
344 2315 433 2344 initio
446 2315 562 2353 posim,
576 2315 688 2344 scribas
697 2317 875 2345 turbaturos

148 2379 212 2398 esse
225 2379 349 2407 prorsus
359 2367 540 2398 incredibile
551 2368 680 2398 videtur.
710 2368 760 2397 Sic
770 2374 876 2398 autem

152 2421 284 2459 pessime
303 2420 504 2449 Veronensis:

179 2479 323 2510 Linquitur
335 2479 377 2503 liic
389 2479 476 2503 tenuis
488 2479 563 2509 copia
575 2478 702 2509 quaedam
714 2479 853 2503 latitandi:

153 2528 238 2558 unde
254 2534 360 2558 tamen
376 2528 553 2568 vulgarium
568 2528 719 2558 librorum
735 2528 879 2558 ordinem

153 2589 186 2608 se
215 2585 296 2609 recte
326 2590 391 2610 non
420 2581 532 2609 habere
562 2579 710 2618 suspicari
733 2579 880 2609 licuisset.

157 2629 308 2660 Similiter
322 2630 425 2669 posuit
440 2630 608 2660 dictionem
636 2631 740 2668 Maro,
765 2641 832 2670 geo.
849 2630 880 2661 ii.

157 2683 225 2710 180.

251 2743 340 2766 Tenuis
351 2744 395 2767 ubi
407 2744 506 2776 argilla.

199 2796 274 2826 Ver.
299 2799 368 2826 876.
403 2804 454 2827 ul:
482 2804 522 2827 Π.
546 2809 596 2833 c.r;
625 2798 664 2827 V.
689 2797 735 2827 ed.
767 2797 802 2826 B.
832 2803 878 2827 ct.-

159 2857 215 2877 nec
230 2845 323 2883 male,
350 2846 374 2875 si
392 2854 426 2876 Δ.
452 2847 566 2877 codicis
581 2849 672 2878 lectio
687 2848 720 2878 in
736 2854 883 2889 sequente

158 2909 247 2930 xersu
264 2898 327 2929 una
342 2898 381 2929 ad
396 2900 480 2929 hunc
497 2901 628 2931 modum
639 2902 784 2931 socIetur:

948 1393 1023 1422 Ver.
1038 1394 1111 1422 877.
1136 1390 1301 1429 Diogenes
1320 1388 1471 1428 Cynicus,
1495 1401 1596 1420 omrem
1613 1403 1638 1420 εν

911 1457 993 1480 oram,
1018 1458 1067 1474 και
1091 1443 1136 1474 δια
1153 1455 1269 1473 παντων
1286 1455 1360 1477 mou,
1385 1441 1475 1471 dixit:
1504 1455 1556 1472 και
1582 1455 1641 1484 ’γαρ

911 1509 935 1526 ἓν
949 1509 990 1535 ‘76¹0
1005 1508 1082 1537 ἄρτῳ
1093 1508 1174 1536 κρξως
1188 1507 1261 1529 ὶΙναΙ,
1276 1507 1325 1524 xoel
1340 1507 1363 1523 ἓν
1376 1506 1417 1533 φφ
1429 1500 1557 1533 λαχανῳ
1568 1505 1642 1535 dpffss

910 1562 959 1578 xm
977 1561 1031 1577 ‘TMV
1047 1559 1189 1585 σωμάτων
1205 1559 1259 1576 ‘fulv
1277 1552 1363 1575 >nvom
1380 1558 1404 1575 ΕῊ
1415 1557 1498 1580 ss'oeffl,
1508 1544 1554 1575 31oe
1564 1559 1642 1576 ’Τίνων

910 1600 1023 1633 αὸᾊλων
1048 1612 1135 1641 τάρων
1158 1612 1207 1628 xm
1235 1611 1341 1638 θγκων,
1370 1610 1565 1639 ΕΙΞκρΙνθμὶνων
1590 1610 1640 1628 και

910 1653 1113 1691 ατμιζαμενων.
1158 1651 1383 1680 ΒΕΝτιεῐυε.

914 1707 994 1736 Haec
1010 1705 1119 1735 habuit
1134 1704 1180 1734 vir
1194 1713 1338 1733 summus
1360 1713 1398 1732 ex
1414 1702 1563 1742 Diogene
1577 1703 1641 1733 La-

1193 1761 1286 1795 atque
1309 1754 1353 1784 ita
1375 1754 1524 1794 castigata
1547 1754 1645 1794 liquit.

916 1810 1039 1840 Dubito
1054 1819 1094 1838 an
1110 1819 1195 1838 vere:
1216 1808 1326 1838 saltem
1341 1807 1485 1837 omittere
1497 1807 1648 1837 debuerat

912 1757 1001 1792 ⁸ertio,
1028 1756 1067 1785 vi.
1094 1759 1143 1787 75.

916 1876 977 1899 και,
1002 1861 1050 1891 vel
1073 1860 1116 1890 sic
1131 1866 1266 1896 mutare,
1286 1864 1397 1889 ΚΑΘΑ
1415 1872 1470 1888 των
1487 1871 1645 1897 :rmum-m:

917 1914 971 1944 sed
986 1913 1085 1952 ipsius
1100 1912 1264 1943 sententiae
1280 1910 1451 1941 obscuritas
1476 1909 1650 1940 tentamina

917 1964 1160 1994 emendatorum
1175 1962 1356 2003 periculosa
1370 1961 1454 1991 facit.

961 2016 1034 2045 Ver.
1059 2018 1130 2045 878.
1167 2016 1343 2054 Adparere:
1381 2019 1421 2042 Π.
1453 2014 1650 2052 Apellam-e.—

911 2069 1072 2107 pluffma:
1098 2066 1141 2095 sic
1159 2067 1192 2096 P.
1211 2065 1306 2094 Vind.
1324 2065 1364 2094 V.
1384 2064 1431 2093 ed.
1445 2064 1482 2093 B.
1498 2064 1536 2093 G.
1550 2063 1586 2092 L.
1601 2063 1647 2092 M.

920 2119 961 2148 O.
982 2125 1021 2148 Π.
1040 2123 1073 2148 Σ.
1091 2124 1135 2147 ,ΩΔ
1151 2117 1205 2146 sed
1223 2122 1256 2146 Δ.
1282 2126 1355 2146 cum
1379 2115 1560 2154 vulgaribus
1582 2114 1648 2143 edi-

920 2170 1067 2206 tionibus,
1088 2171 1211 2208 pluria,·
1237 2178 1274 2197 ex
1290 2167 1464 2197 temeritate
1480 2166 1649 2203 editorum,

920 2222 997 2251 citra
1012 2230 1139 2250 omnem
1156 2219 1378 2249 necessitatem.

963 2274 1036 2303 Ver.
1053 2275 1124 2302 881.
1147 2274 1280 2301 minaci:
1305 2271 1349 2300 sic
1364 2270 1461 2300 Vind.
1485 2271 1522 2300 L.
1541 2271 1588 2301 M.
1603 2275 1647 2301 ·1·1.

922 2330 957 2355 Σ.
979 2330 1022 2354 Ω.
1038 2325 1169 2360 minace,
1194 2323 1240 2359 G;
1263 2324 1407 2359 minacis,
1425 2321 1464 2351 V.
1487 2321 1533 2352 ed.
1557 2323 1595 2352 B.
1618 2329 1649 2353 et

924 2376 990 2404 liaec
1006 2374 1117 2404 ultima
1130 2376 1266 2404 minutas
1283 2373 1390 2410 etiam,
1412 2372 1571 2413 vulgatam
1586 2373 1648 2403 lec-

922 2427 1054 2464 tionem,
1070 2426 1173 2465 posuit
1188 2426 1226 2456 ad
1242 2425 1338 2455 finem
1353 2424 1466 2455 versus.
1484 2430 1650 2461 mantem„

920 2479 987 2509 vice
1003 2490 1080 2518 saepe
1095 2480 1224 2517 minaci,
1240 2478 1293 2508 dat
1307 2480 1420 2508 semine
1432 2479 1512 2508 mail.

969 2533 1048 2563 Ibid.
1071 2534 1207 2563 minaci:
1244 2542 1282 2562 ex
1310 2537 1423 2561 ornatu
1448 2531 1570 2570 po’eltico
1594 2540 1651 2569 pro

927 2584 1058 2615 terribili
1088 2590 1180 2624 atque
1209 2583 1411 2620 formidabili,
1448 2588 1541 2622 atque
1573 2581 1650 2610 adeo

1276 2640 1360 2669 Cum
1381 2637 1538 2667 codicibus
1552 2635 1650 2674 pluri-

924 2696 994 2732 bus,
1027 2709 1059 2725 «το
1088 2696 1218 2724 minacis
1244 2703 1308 2723 nou
1334 2691 1574 2725 damnavissem3
1597 2688 1650 2718 sed

926 2746 1020 2786 longe
1043 2745 1226 2786 exquisitius
1253 2750 1309 2781 est,
1335 2742 1416 2783 quod
1442 2740 1596 2777 dedimus,
1619 2746 1651 2769 et

926 2797 1202 2837 magniloquorum
1226 2796 1387 2834 po'e'tarum
1411 2791 1580 2822 audacibus
1600 2790 1650 2819 in-

927 2849 1028 2889 geniis
1043 2846 1293 2882 convenientius3
1313 2844 1449 2883 epitheto
1474 2841 1590 2873 scilicet
1611 2841 1652 2871 ad

929 2902 1106 2940 qualitatem
1136 2898 1181 2930 rei
1209 2897 1313 2937 potius
1342 2894 1451 2930 relato,
1484 2903 1580 2935 quam
1612 2891 1653 2922 ad

924 2652 1047 2679 magno,
1068 2642 1228 2679 gravique.
