1894 3253
691 267 751 314 T.
800 266 1213 316 LUCRETII

341 400 496 442 Onmia
515 399 625 439 enim
645 397 782 448 debet,
804 397 968 440 mortali
988 413 1164 455 corpore
1183 413 1277 455 quae
1297 405 1407 448 sunt,

340 474 511 516 Infinita
529 481 628 514 aetas
649 487 893 528 consumpse
913 482 1009 515 ante
1029 482 1135 524 acta,
1157 473 1337 529 diesque.

224 554 307 591 235
341 548 483 598 Quod,
507 548 539 588 si
560 548 604 588 in
624 563 674 589 eo
695 549 826 604 spatio
847 556 970 605 atque
990 557 1086 590 ante
1105 548 1196 591 acta
1216 556 1338 591 aetate
1357 547 1485 597 fuere,

340 623 377 664 E
398 622 544 678 quibus
564 622 656 664 haec
676 638 816 664 rerum
837 623 1021 664 consistit
1041 639 1203 664 summa
1222 622 1391 672 refecta;

340 698 556 740 Inmortali
579 706 674 739 sunt
693 698 840 740 natura
861 698 1038 754 praedita
1058 707 1181 740 certe:

193 856 276 887 Vide
301 860 445 886 nostrum
469 865 496 885 V.
513 859 588 886 499.
615 865 712 895 quam
727 855 922 894 opinionem,

191 914 227 938 ut
241 918 311 948 quae
322 906 515 947 pervagatior
527 907 575 942 sit,
592 912 684 947 atque
700 907 846 936 omnium
858 907 923 936 fere

189 963 457 1004 philosophorum,
479 973 543 992 non
559 962 714 992 dubitavit
729 962 762 991 in
778 962 837 991 hoc
852 961 922 990 loco

189 1019 432 1062 praesumpsisse.

234 1074 315 1105 Ibid.
345 1075 439 1104 aetlzer
467 1073 570 1103 sidera
595 1072 707 1111 pascit.

190 1130 268 1161 AEn.
297 1129 319 1159 i.
347 1132 419 1159 608.
441 1127 486 1157 ita.
511 1125 685 1156 certissime
711 1123 922 1164 castigandus,

188 1187 225 1213 ut
239 1182 372 1212 daturus
391 1190 462 1210 sum
471 1191 480 1217 ;
501 1185 532 1209 et
547 1184 653 1209 sancte
671 1177 778 1217 jurare
793 1176 922 1215 possim,

189 1244 241 1264 me
257 1233 290 1263 in
310 1233 392 1262 hanc
412 1231 666 1262 emendationem
682 1229 807 1268 proprio
823 1234 923 1258 marte

187 1285 372 1326 pervenisse,
388 1294 488 1325 quum
503 1283 588 1322 prior
600 1281 756 1312 Heinsius
771 1280 918 1320 attigerit:

752 1068 921 1109 Virgilius,

187 1356 219 1379 In
228 1353 297 1379 freta
306 1354 373 1378 dum
382 1352 458 1377 fluvii
466 1355 585 1381 current,
598 1352 664 1376 dum
671 1351 809 1375 montibus
814 1351 921 1374 umbrae

190 1397 281 1419 Lustra
293 1392 400 1422 dabunt,
412 1398 537 1416 convexa
546 1391 618 1423 polus
629 1391 695 1415 dum
707 1391 792 1415 sidera
800 1393 893 1422 pascet.

190 1453 252 1483 Per
267 1451 403 1482 similem
415 1461 540 1491 prorsus
551 1450 761 1490 corruptelam
777 1449 923 1479 meliores

187 1504 259 1534 libri
288 1504 363 1534 dant
376 1505 547 1541 nudabant,
564 1513 620 1542 pro
636 1505 719 1533 nuda
736 1504 864 1540 (labant,
884 1501 923 1531 ad

186 1557 312 1587 Lucret.
327 1567 354 1587 V.
372 1560 444 1588 969.
477 1555 572 1591 Quod
587 1562 694 1585 autern
709 1554 815 1595 objicit
833 1555 923 1594 Hey-

188 1607 261 1637 nius
283 1608 322 1638 de
348 1619 489 1645 convexa,
514 1617 588 1636 sane
615 1606 784 1636 leviculum
810 1612 866 1644 est,
893 1612 924 1636 et

187 1660 278 1690 facile
304 1661 404 1700 po'etae
430 1660 678 1696 concedendum,
705 1666 741 1690 ut
758 1659 845 1689 mille
861 1659 922 1689 alia

187 1724 252 1744 non
282 1712 345 1742 alio
380 1710 482 1741 colore
512 1717 713 1741 commutatae
743 1710 920 1740 locutionis.

190 1765 361 1800 Caeterum,
385 1763 455 1792 fons
479 1762 639 1799 clausulae‚
666 1773 761 1802 quam
785 1762 921 1792 illustra-

186 1829 269 1856 mus,
285 1825 331 1848 est
348 1816 574 1854 Callimachus,
596 1818 681 1857 hym.
699 1816 770 1848 DeL
791 1820 860 1849 175.
888 1823 923 1848 ut

187 1869 241 1901 alii
257 1879 382 1910 quoque
395 1868 520 1899 dudum
536 1870 752 1899 observavere:

676 1942 691 1960 κ
703 1931 828 1966 ισαςιθμω

226 1980 344 2013 Tegeam,
359 1978 434 2005 ἦνικιι
444 1982 553 2003 πλεισται
564 1976 625 2003 κατ’
640 1987 698 2012 ἥξοι
709 1980 873 2008 βυκολεσντω
884 1984 895 2002 t

188 2031 208 2062 i.
223 2041 249 2061 e.
265 2035 467 2068 βεκολεονται,
479 2037 653 2070 pascuntur
668 2032 845 2060 errabundi.

230 2082 309 2112 Ver.
328 2085 401 2112 254.
421 2092 614 2120 consumpse:
642 2081 683 2110 V.
699 2080 746 2110 ed.
765 2081 801 2110 B.
828 2087 867 2110 Π.
888 2086 922 2112 Σ.

187 2136 416 2174 consumpsisse.
475 2132 709 2173 Hujuscemodi
743 2142 815 2162 vero
847 2143 922 2162 con-

187 2186 366 2223 tractiones,
391 2185 489 2215 etiam
503 2184 588 2223 apud
612 2184 739 2213 illorum
760 2184 922 2223 poetarum

187 2238 312 2277 scripta,
325 2237 473 2267 manibus
484 2247 657 2276 puerorum
673 2236 923 2275 frequentissime

186 2289 336 2327 volutata,
367 2288 482 2328 passim
505 2287 684 2328 legentibus
711 2287 916 2327 ingeruntur:

188 2340 259 2370 vide
275 2339 584 2377 Drakenborchium‚
609 2339 647 2369 ad
666 2338 719 2369 Sil.
739 2339 778 2368 It.
796 2339 855 2368 xvi.
872 2342 922 2368 84.

191 2391 357 2432 Singulare
382 2398 488 2422 tamen
513 2390 705 2429 exemplum,
733 2390 920 2429 praetermis·

189 2453 259 2473 sum
285 2443 468 2481 editoribus,
494 2453 558 2472 non
583 2442 702 2482 pigebit
723 2442 862 2472 attulisse
883 2451 921 2471 ex

189 2495 313 2526 Officiis
341 2495 511 2531 Ciceronis,
549 2500 585 2525 ut
614 2494 700 2524 locus
721 2494 779 2524 iste
810 2494 921 2534 tragici

189 2547 293 2578 nescio
315 2548 406 2589 cujus
427 2547 622 2579 emendatior
644 2546 764 2577 evadat.
810 2547 922 2577 Exstat

190 2600 225 2630 in
240 2601 282 2631 iii.
300 2605 350 2632 26.

251 2662 341 2692 Quod,
353 2663 379 2687 ni
393 2663 538 2689 Palamedis
549 2663 690 2696 perspicax
700 2662 844 2695 prudentia

251 2701 328 2725 Istius
338 2705 460 2734 percepset
472 2703 632 2727 malitiosam
644 2702 776 2732 astutiam,

250 2740 314 2765 Fide
328 2746 439 2765 sacratae
453 2743 495 2773 jus
506 2746 636 2774 perpetuo
646 2742 760 2767 falleret.

189 2795 311 2837 Vulgo,
335 2800 511 2834 audaciam,
536 2800 620 2840 quod
634 2800 773 2830 alienum
794 2809 920 2840 prorsus

188 2854 252 2878 est:
278 2858 386 2878 vocem
401 2859 474 2879 vero
487 2853 654 2883 malitiosus
669 2862 743 2882 cum
758 2859 920 2884 astutus——

187 2905 378 2929 versutus—
378 2900 494 2940 fallax,
532 2908 563 2932 et
599 2903 765 2941 similibus,
803 2904 920 2934 centies

190 2951 300 2983 Cicero
315 2951 478 2992 copulavit.

969 854 1056 890 Quid
1084 861 1192 884 autem
1221 854 1365 894 prohibet
1389 852 1430 883 ad
1462 851 1576 883 Silium
1603 851 1699 882 etiam

966 906 1196 936 restituendum
1226 905 1359 935 eandem
1395 904 1592 935 occasionem
1622 903 1700 934 arri-

966 958 1057 997 pere?
1083 959 1166 989 Pun.
1182 959 1246 988 viii.
1268 962 1337 989 109.

966 1032 1028 1038 -—
1038 1025 1087 1043 nec
1098 1019 1231 1043 absi-essem
1242 1018 1373 1047 thalamo,
1390 1017 1429 1047 ni,
1440 1023 1540 1049 magna
1550 1017 1680 1048 minatus,

966 1061 1063 1089 Meque
1072 1058 1119 1082 sua
1132 1058 1233 1082 ratibus
1243 1057 1341 1082 dextra
1354 1056 1532 1088 imposuisset,
1543 1060 1570 1081 et
1581 1057 1636 1081 alto

967 1098 1066 1129 Egisset
1076 1098 1173 1130 rapidis
1184 1097 1294 1122 classem
1306 1096 1441 1129 Cyllenius
1452 1095 1534 1120 auris.

968 1151 1066 1180 Euris
1089 1150 1207 1178 habent
1231 1157 1340 1178 omnes
1354 1146 1442 1183 libri;
1466 1145 1520 1176 sed
1541 1155 1582 1175 ne
1599 1144 1702 1175 latum

968 1200 1097 1240 quidem
1113 1209 1255 1239 unguem
1270 1198 1368 1228 moris
1383 1203 1428 1227 est
1446 1197 1522 1227 Silio
1534 1207 1552 1226 a
1565 1197 1702 1227 Marone

967 1250 1127 1289 decedere,
1154 1250 1208 1290 qui
1233 1250 1276 1279 sic
1300 1249 1340 1279 de
1364 1248 1475 1279 eodem
1490 1254 1596 1286 vento,
1623 1248 1701 1279 AEn.

967 1313 993 1333 v.
1010 1307 1038 1332 2.

1131 1362 1282 1393 fluctusque
1295 1364 1366 1385 atros
1378 1359 1501 1392 Aquilone
1511 1360 1627 1385 secabat.

966 1412 1010 1442 Et
1026 1411 1065 1441 de
1089 1412 1147 1441 hac
1174 1410 1395 1441 emendatione
1418 1420 1483 1439 non
1506 1409 1701 1450 relinquetur

967 1462 1131 1494 dubitandi
1157 1462 1255 1500 locus,
1282 1471 1356 1492 cum
1374 1460 1508 1492 Ovidius
1525 1459 1700 1499 accesserit,

967 1521 1041 1546 met.
1060 1515 1103 1545 iii.
1120 1519 1192 1546 209.

1061 1575 1127 1599 Inde
1139 1578 1223 1599 ruunt
1234 1573 1278 1598 alii
1287 1573 1380 1606 rapidd
1392 1572 1509 1598 velocius
1525 1571 1604 1596 aurci.

1012 1624 1096 1655 Ibid.
1127 1630 1202 1654 (ctas
1231 1625 1372 1663 diesque:
1411 1623 1435 1652 ἓν
1460 1621 1506 1652 δια
1535 1621 1617 1659 Sum,
1643 1630 1702 1660 pro

965 1686 1051 1706 more
1069 1675 1271 1706 usitatissimo
1286 1674 1392 1713 po'etis.
1440 1673 1578 1702 Rectum
1592 1677 1701 1702 nostro

965 1726 1084 1766 placuit
1099 1725 1138 1756 ad
1153 1735 1214 1756 ver.
1233 1727 1306 1756 558.
1325 1724 1456 1764 hujusce
1470 1723 1557 1753 libri:

1409 1784 1490 1816 longa
1500 1782 1550 1807 diei

1029 1825 1137 1850 Infinita
1148 1828 1210 1849 aetas
1221 1834 1229 1850 .-

966 1875 1057 1916 cujus
1071 1874 1253 1913 exemplum
1265 1873 1348 1912 prior
1363 1871 1490 1903 Ennius
1504 1871 1700 1910 exhibuerat,

966 1929 1051 1970 quod
1066 1929 1182 1969 legitur
1197 1927 1282 1967 apud
1298 1928 1341 1957 A.
1362 1926 1518 1965 Gellium,
1533 1926 1575 1957 ix.
1593 1929 1643 1957 14.

996 1990 1141 2012 Postremae
1153 1987 1301 2019 longinqua
1312 1986 1364 2011 dies
1375 1986 1523 2011 confecerit
1534 1989 1597 2010 aetas
1606 1994 1615 2010 .-

966 2037 1021 2066 ubi
1047 2039 1111 2067 dies
1137 2042 1195 2065 stat
1223 2037 1389 2077 αρχαῖκως,
1420 2045 1476 2074 pro
1505 2037 1578 2065 diei.
1623 2034 1699 2064 Non

966 2088 1107 2118 multum
1122 2087 1245 2117 abludit
1260 2086 1390 2126 Virgilii
1406 2085 1554 2120 formula,
1569 2083 1609 2114 ad
1622 2084 1699 2115 AEn.

967 2141 1007 2171 ix.
1024 2144 1096 2171 447.

998 2200 1075 2224 Nulla
1086 2200 1138 2224 dies
1149 2206 1279 2230 umquam
1291 2197 1407 2223 memori
1417 2204 1464 2222 vos
1477 2196 1582 2222 eximet
1593 2204 1664 2221 aevo.

969 2259 1069 2290 Haud
1088 2259 1268 2289 accesserim
1291 2257 1391 2298 igitur
1407 2257 1552 2288 Bentleio
1567 2257 1698 2297 dicenti,

966 2312 1053 2351 Lege

998 2369 1110 2402 Infinitae
1123 2373 1190 2393 aetas
1202 2375 1361 2400 consumpse
1372 2371 1497 2393 anteacta
1509 2367 1558 2392 diei
1567 2377 1576 2392 .-

964 2436 1040 2455 nam
1065 2426 1165 2464 po'etae
1188 2435 1254 2455 non
1280 2424 1321 2454 ad
1342 2423 1528 2453 morosiores
1550 2422 1698 2462 pedestris

965 2478 1116 2508 orationis
1139 2477 1375 2508 consecutiones
1397 2475 1547 2505 violonter
1568 2475 1697 2515 exigen-

965 2534 1007 2564 di:
1034 2534 1083 2563 sin
1098 2533 1200 2570 aliter,
1227 2542 1301 2562 mox
1322 2530 1514 2561 marcuerint
1536 2529 1697 2569 utriusque

965 2587 1083 2628 linguae
1097 2587 1259 2617 bellissimi
1274 2586 1401 2625 lepores.

1007 2641 1081 2671 Ver.
1103 2643 1173 2670 257.
1221 2639 1272 2669 Ita
1293 2638 1470 2668 luculenter
1491 2634 1600 2665 statuit
1616 2632 1695 2671 Epi-

965 2702 1060 2722 curus
1076 2691 1160 2730 apud
1184 2691 1280 2731 Diog.
1296 2691 1399 2721 La'e'rt.
1424 2699 1454 2719 x.
1469 2691 1520 2718 59.
1566 2691 1621 2716 Και
1639 2699 1696 2724 μην

965 2759 1015 2776 zat
1039 2759 1072 2775 ‘1'0
1089 2757 1148 2775 παν
1163 2758 1206 2775 ait
1223 2756 1332 2775 ‘roffif'ov
1358 2757 1388 2775 ἣν
1413 2741 1465 2772 01²ss
1490 2753 1532 2770 νβ’]
1549 2751 1619 2773 ΞΠΤΙ,
1644 2752 1695 2768 καί

964 2814 1006 2831 αει
1023 2813 1134 2831 ‘rotamur
1150 2813 1242 2830 werm-
1271 2801 1328 2829 εθεν
1347 2811 1404 2838 ryoep
1420 2808 1492 2826 εστιν
1512 2807 1546 2828 εις
1564 2795 1576 2824 o‘
1598 2806 1693 2833 μετα-

966 2855 1081 2884 &azza-
1106 2865 1186 2893 παρα
1212 2864 1270 2892 γαρ
1294 2863 1326 2880 τη
1354 2860 1414 2878 παν
1433 2850 1490 2878 ⁸921·
1506 2859 1591 2884 εστιν,
1620 2859 1654 2881 εις
1682 2847 1695 2876 ὅ

963 2920 997 2936 αν
1025 2906 1139 2937 ειςελέον
1163 2916 1235 2933 αντα
1262 2915 1312 2934 την
1338 2901 1506 2940 μεταιέολκν
1535 2911 1693 2931 cromnam-o.

963 2954 1157 2994 Explicatior
1181 2959 1229 2984 est
1253 2952 1286 2982 in
1308 2953 1389 2983 hanc
1415 2961 1483 2982 rem
1500 2950 1693 2991 Pythagoras
