1894 3253
541 220 776 272 LIBER
811 216 1230 269 SECUNDUS.

287 361 374 403 Nec
394 357 616 402 tuditantia
635 369 724 398 rem
744 360 902 397 cessant

1552 223 1645 267 875

920 351 1174 394 extrinsecus
1194 347 1318 390 ullam

287 437 478 491 Corpora
497 432 726 482 consacere‚
749 437 790 472 et
809 427 940 485 plagis
959 425 1105 468 infesta
1124 424 1308 466 domare.

349 511 418 552 Sic
438 509 564 567 igitur
583 505 725 564 magni
746 517 911 561 quoque
930 502 1087 544 circum
1106 499 1261 541 moenia
1279 496 1425 540 mundi

288 585 541 641 Expugnata
561 581 720 624 dabunt
739 579 890 630 labem,

912 577 1150 634 putreisque
1168 574 1321 616 ruinas.

150 664 255 701 1145
289 659 445 701 Omnia
464 658 587 699 debet
607 656 719 698 enim
737 655 854 697 cibus
873 653 1082 711 integrare
1100 648 1312 700 novando,

293 734 348 775 Et
368 732 508 774 fulcire
529 731 664 781 cibus;
697 731 814 773 cibus
834 729 976 772 omnia
996 727 1246 770 subtentare.

286 807 578 864 Nequidquam
584 825 599 860 3
632 806 831 863 quoniam
851 819 928 847 nec
947 818 1066 846 venae
1084 799 1374 858 perpetiuntur

143 966 193 998 Sic
209 965 375 1004 Horatius,
391 971 446 996 sat.
462 964 493 995 ii.
511 967 540 995 7.
558 964 616 995 ult.

370 1026 481 1050 accedes
493 1029 568 1058 opera
578 1031 644 1056 agro
656 1031 722 1048 nona
736 1023 841 1048 Sabino.

140 1083 418 1114 Laboriosissimas
455 1089 562 1114 autem
599 1082 762 1113 fabrorum
800 1091 876 1112 cum

138 1135 248 1166 massis
263 1136 444 1177 ingentibus
459 1136 647 1167 luctationes
662 1134 743 1164 nihil
768 1133 870 1174 magis

139 1187 180 1217 ad
201 1187 309 1217 vivum
331 1194 452 1227 poterat
474 1187 657 1228 depingere,
687 1196 785 1227 quam
809 1195 869 1215 vox

143 1241 339 1270 contendere:
365 1238 420 1269 sed
442 1239 550 1269 omnia
575 1238 779 1276 tenebricosa,
803 1237 876 1268 sub·

145 1291 223 1329 tilia,
239 1296 391 1329 tortuosa,
408 1291 567 1331 Scaligero
582 1291 753 1330 placebant.

182 1344 258 1374 Ver.
278 1347 368 1374 1142.
390 1350 419 1374 et
433 1345 575 1373 domare:
596 1348 636 1372 Π.
654 1353 688 1372 ex
704 1343 878 1372 donare.—

144 1396 221 1426 Post
235 1396 321 1425 hunc
343 1404 478 1430 versum,
502 1394 610 1424 thema
631 1392 790 1433 sequentis
816 1391 880 1422 dis-

143 1446 326 1487 putationis,
351 1457 424 1477 cum
440 1446 588 1476 varietate
610 1444 749 1485 quadam
771 1444 880 1473 lectio-

143 1499 204 1536 nis,
219 1499 271 1528 vix
281 1498 359 1528 tanti
370 1503 405 1528 ut
417 1497 513 1537 digna
523 1496 562 1527 sit
573 1495 740 1534 recenseri,
750 1495 784 1525 in
795 1494 879 1525 ordi-

145 1561 219 1580 nem
231 1550 378 1580 carminis
390 1549 548 1590 digestum
560 1553 719 1588 comparet
730 1547 765 1578 in
777 1548 818 1578 V.
833 1546 880 1577 ed.

148 1604 188 1634 O.
205 1608 240 1634 A.
258 1610 299 1634 Π.
317 1607 351 1634 Σ.
369 1609 414 1634 Ω.

173 1679 289 1709 Jamque
309 1683 401 1701 senem
423 1676 570 1705 mundum,
592 1678 620 1701 et
641 1674 761 1707 pusillius
788 1673 881 1699 omnia

270 1722 352 1740 nasci.

150 1780 248 1811 Recte
263 1780 407 1810 scribitur
422 1780 456 1809 in
472 1783 508 1811 Σ.
523 1784 560 1810 ut
574 1778 693 1812 titulus.

191 1831 268 1861 Ver.
287 1834 378 1861 1144.
400 1832 517 1862 dabunt
531 1833 652 1862 ruinas.
685 1831 790 1868 Maro,
807 1830 883 1860 AEn.

148 1881 182 1912 ii.
197 1884 270 1912 310.

312 1951 372 1981 Jam
384 1950 519 1982 Deiphobi
528 1950 597 1975 dedit
605 1950 696 1982 ampla
706 1949 821 1979 ruinam,

181 1991 300 2015 Volcano
311 1994 463 2023 superante,
474 1992 580 2016 domus.

195 2053 280 2085 Ibid.
302 2056 407 2085 labem.
453 2055 505 2084 De
530 2056 589 2084 hac
613 2064 688 2084 voce
718 2053 885 2084 Davisium

152 2105 306 2144 consulas,
331 2106 370 2136 ad
388 2105 549 2136 Ciceronis
564 2105 604 2136 de
629 2112 692 2135 nat.
708 2105 792 2136 deor.
807 2105 839 2135 ii.
856 2107 885 2136 5.

154 2157 217 2188 Sed
231 2168 290 2188 nec
304 2163 411 2188 tamen
428 2167 494 2187 non
508 2167 666 2197 apponam
692 2156 759 2196 ipse
780 2156 888 2187 locum

153 2208 235 2239 inter
249 2209 367 2249 primos
391 2209 625 2249 tempestivum,
652 2209 707 2250 qui
730 2208 788 2238 viri
814 2208 888 2239 doc-

155 2260 268 2291 tissimi
296 2260 493 2301 diligentiam
516 2261 638 2292 videtur
661 2260 819 2301 effugisse,
850 2271 888 2292 ex

155 2313 293 2349 Justino,
324 2323 395 2343 xxx.
418 2316 447 2342 4.
470 2317 499 2343 5.
556 2316 578 2331 “
597 2313 638 2343 In
662 2313 741 2343 Asia
763 2323 889 2354 quoque

158 2368 179 2384 “
196 2364 307 2396 eadem
327 2365 378 2395 die
392 2365 478 2395 idem
493 2371 600 2395 motus
614 2371 705 2395 terrae
723 2365 888 2405 Rhodum,

159 2421 180 2436 “
196 2417 374 2458 multasque
389 2417 465 2448 alias
479 2417 627 2453 civitates,
643 2419 808 2449 ruinarum
823 2420 889 2450 labe

160 2473 181 2489 “
198 2471 364 2507 concussit,
388 2471 540 2513 quasdam
562 2470 676 2501 solidas
691 2471 888 2503 absorbuit:”

160 2528 196 2553 ut
210 2533 296 2562 mox,
313 2522 353 2553 vi.
371 2525 443 2554 544.

193 2592 269 2617 Terra
279 2598 392 2624 superne
404 2591 510 2622 tremit,
520 2591 626 2624 magnis
635 2599 755 2617 concussa
766 2591 858 2618 ruinis.

165 2649 281 2692 Atque,
304 2658 340 2683 ut
361 2654 477 2685 dabunt
497 2655 594 2685 labem
617 2653 793 2691 Lucretius,
816 2654 891 2686 sim-

163 2701 239 2741 plici
253 2713 327 2735 voce
343 2704 470 2742 Statius,
487 2705 586 2736 Theb.
602 2705 622 2736 i.
639 2709 710 2736 632.

226 2774 360 2800 Labuntur
369 2776 460 2801 dulces
471 2775 617 2801 animae.—

164 2831 324 2873 Denique,
349 2837 408 2866 hoc
439 2836 671 2876 Epicureorum
694 2835 823 2876 dogma,
855 2834 895 2865 (le

166 2884 280 2915 mundi
295 2888 504 2928 corruptione,
523 2890 641 2919 Seneca
654 2888 831 2919 luculenter
842 2897 894 2918 ex-

168 2935 273 2976 posuit
287 2936 321 2967 in
337 2939 454 2981 OEdipo
470 2950 538 2981 suo,
554 2951 614 2974 ver.
631 2945 703 2973 882.

212 2995 302 3027 Vox..
327 2996 353 3028 Ι.
870 3000 897 3031 Β
913 3000 934 3031 b

950 959 1088 992 Quidquid
1098 957 1137 982 sol
1149 956 1246 985 oriens,
1257 952 1389 986 quidquid
1399 954 1428 978 et
1439 950 1573 983 occidens,

950 999 1046 1029 Novit;
1065 996 1189 1022 caeruleis
1199 1002 1316 1020 oceanus
1327 994 1403 1019 fretis

949 1037 1099 1071 Quidquid,
1110 1037 1154 1062 vel
1165 1036 1286 1066 veniens,
1295 1035 1337 1060 vel
1347 1034 1561 1067 fugiens,1avat;

950 1081 1025 1104 AEtas
1036 1080 1151 1110 Pegaseo
1161 1076 1289 1109 corripiet
1298 1076 1395 1108 gradu.

957 1154 1034 1185 Ver.
1055 1155 1150 1184 1145.
1173 1154 1331 1192 integrare
1346 1152 1501 1182 novando.-
1525 1149 1653 1180 vocibus

920 1207 1029 1237 vitiose
1044 1204 1223 1244 dispartitis,
1235 1204 1276 1234 V.
1292 1202 1341 1233 ed.
1361 1209 1402 1233 Π.
1419 1208 1453 1234 Σ.
1470 1205 1590 1242 integra
1605 1213 1654 1233 re-

920 1259 1071 1287 novando.

967 1307 1050 1338 Ibid.
1069 1308 1234 1345 integrare.
1265 1304 1317 1334 De
1332 1305 1392 1335 hoc
1406 1303 1568 1342 vocabulo,
1585 1303 1657 1334 vide

925 1360 966 1389 sis
984 1359 1128 1389 Nonium
1145 1357 1348 1395 lVIarcellum,
1364 1356 1396 1387 ii.
1412 1358 1484 1387 455.
1496 1367 1571 1386 cum
1587 1356 1656 1386 Do-

926 1417 1001 1441 nato
1027 1410 1067 1439 ad
1089 1409 1216 1439 Terent.
1240 1408 1326 1439 And.
1349 1408 1388 1438 iv.
1413 1411 1441 1438 2.
1458 1410 1487 1439 5.
1533 1407 1658 1438 Redeas

926 1463 1021 1493 etiam
1036 1461 1076 1491 ad
1095 1461 1114 1491 i.
1132 1463 1225 1491 1051.

969 1517 1043 1547 Ver.
1072 1519 1165 1547 1146.
1187 1516 1272 1547 cibus
1296 1516 1393 1546 cibus.-
1419 1513 1517 1544 vind.
1542 1513 1580 1545 V.
1606 1512 1656 1544 ed.

927 1569 965 1604 Q.
984 1574 1018 1599 Δ.
1037 1576 1077 1600 Π.
1096 1575 1140 1599 Ω.
1163 1569 1248 1599 cibus
1263 1573 1307 1603 et;
1335 1566 1374 1597 O.
1390 1568 1470 1598 cibos
1485 1573 1531 1601 et,·
1559 1567 1596 1600 P.
1612 1569 1657 1598 ci-

923 1621 968 1650 bis
984 1631 1030 1651 ac.
1077 1620 1130 1650 De
1144 1620 1204 1649 hoc
1219 1627 1335 1659 genere
1349 1617 1473 1655 erroris,
1500 1617 1555 1658 qui
1569 1628 1658 1657 repe-

924 1671 1036 1702 titione
1052 1671 1197 1702 dictionis
1211 1675 1391 1711 generatur,
1414 1669 1561 1710 inspicias
1576 1670 1659 1701 dicta

925 1723 965 1754 ad
980 1724 1000 1754 i.
1018 1727 1090 1755 855.

969 1776 1051 1806 Ibid.
1056 1777 1178 1816 fulcire
1193 1777 1286 1807 cz'bzcs.
1321 1774 1488 1812 Horatius,
1505 1781 1560 1805 sat.
1576 1775 1608 1805 ii.
1624 1778 1657 1805 5.

929 1831 942 1858 1
950 1831 1002 1860 55.
1027 1828 1082 1859 ubi
1098 1828 1263 1859 Bentleius
1275 1828 1364 1859 docte
1376 1827 1502 1867 phrasin
1513 1826 1658 1865 illustrat,

928 1880 1066 1910 Lucretii
1082 1880 1180 1910 nostri
1195 1890 1261 1910 non
1275 1879 1405 1909 oblitus:

990 1953 1122 1979 Deficient
1134 1953 1244 1985 inopem
1256 1958 1335 1978 venae
1347 1955 1386 1982 te,
1397 1952 1426 1976 ni
1434 1952 1514 1982 cibus,
1525 1956 1610 1984 atque

991 1996 1088 2026 Ingens
1100 1994 1212 2020 accedat
1223 1994 1366 2019 stomacho
1368 1993 1479 2024 fultura
1490 1994 1593 2018 ruenti.

973 2057 1057 2088 Ibid.
1081 2059 1166 2089 cibus
1181 2058 1364 2088 subtentare.
1403 2057 1519 2095 Caesar,
1534 2056 1574 2087 de
1589 2057 1661 2088 bell.

932 2108 1015 2140 Gall.
1040 2109 1091 2139 vii.
1119 2111 1166 2139 17.
1181 2111 1285 2139 5.-“
1300 2113 1338 2138 ut
1359 2107 1478 2138 milites
1502 2108 1664 2139 frumento

933 2167 954 2181 “
967 2161 1134 2198 caruerint,
1158 2166 1190 2192 et
1209 2172 1333 2201 pecore,
1359 2171 1376 2191 e
1391 2160 1664 2201 longinquioribus

934 2219 954 2232 ‘⁶
968 2213 1044 2244 vicis
1066 2213 1188 2251 adacto,
1216 2218 1390 2243 extremam
1402 2211 1523 2253 famem
1545 2218 1664 2243 susten-

933 2271 954 2284 “
969 2266 1102 2297 tarent.'’
1149 2265 1363 2306 Augustinus,
1387 2264 1427 2295 de
1452 2275 1531 2295 mor.
1558 2264 1665 2296 eccles.

932 2319 1012 2349 cath.
1042 2328 1109 2358 cap.
1138 2322 1188 2349 55.
1218 2317 1303 2358 apud
1329 2318 1469 2348 Fabrum
1491 2317 1525 2347 in
1547 2316 1661 2348 lexico:

934 2373 956 2388 ‘⁶
973 2369 1095 2401 Viliore
1110 2369 1194 2400 victu
1217 2370 1320 2400 vivere
1333 2368 1446 2408 placet,
1472 2368 1667 2408 minimeque

935 2424 957 2440 “
973 2427 1159 2460 sumptuoso
1174 2421 1311 2461 corporis
1321 2422 1525 2452 sustentaculo
1541 2425 1668 2450 aetatem

934 2476 956 2492 “
973 2473 1263 2515 tranquillissimam
1292 2471 1437 2503 ducere.’'
1495 2472 1540 2502 Et
1575 2471 1669 2502 scribi

934 2526 1050 2557 rectius
1079 2532 1157 2566 puto
1179 2527 1366 2557 substentare
1373 2538 1384 2560 ,·
1411 2523 1465 2554 sed
1487 2523 1568 2553 nihil
1588 2524 1670 2554 tanti

935 2583 992 2616 est,
1019 2583 1056 2608 ut
1070 2577 1177 2617 plures
1191 2577 1321 2607 forsitan
1343 2575 1579 2612 existimabunt,
1600 2575 1669 2605 haec

937 2638 1144 2671 λεπτολογιαε
1170 2629 1288 2669 inspice
1303 2634 1394 2658 notas
1408 2627 1449 2657 ad
1463 2627 1502 2658 iv.
1517 2629 1591 2658 954.

980 2682 1056 2712 Ver.
1072 2683 1167 2711 1147.
1193 2682 1428 2720 N‘equz'dquam:
1454 2679 1496 2709 V.
1512 2677 1560 2709 ed.
1576 2682 1611 2710 Σ.
1623 2684 1669 2709 Ω.

940 2735 1008 2765 Nec
1022 2735 1187 2773 quicquam
1194 2747 1205 2768 ,-
1221 2731 1438 2769 sincerissime,
1449 2730 1573 2770 opinor,
1585 2729 1669 2771 quod

938 2784 978 2814 ad
995 2786 1063 2815 Νεο
1087 2784 1210 2821 attinet,
1236 2789 1268 2813 et
1292 2784 1459 2813 verborum
1485 2781 1669 2822 disjunctio-

940 2845 1014 2866 nem
1020 2847 1030 2873 3
1048 2841 1089 2865 Π.
1102 2836 1168 2866 ZVec
1180 2835 1611 2875 quoquam.—perpetiuntur:
1631 2830 1669 2860 V.

940 2888 987 2918 ed.
1005 2889 1246 2928 perpeciuntzcr5
1274 2893 1314 2918 Π.
1329 2888 1576 2927 per-widmann
1603 2882 1669 2923 qui,

941 2939 976 2971 in
988 2950 1078 2972 versu
1092 2945 1251 2981 sequente,
1267 2938 1384 2970 omittit
1400 2936 1572 2970 secundum
1587 2941 1639 2966 cst.
