1894 3253
222 312 279 351 xii
695 310 786 351 AD
830 307 1222 350 LECTOREM.

282 434 446 475 obertus
465 432 658 486 Gg'ftznius
683 429 877 469 uberibus
897 429 1043 485 magis,
1076 443 1201 484 quam
1222 437 1410 470 accurate
1430 430 1576 481 doctis,
1601 447 1713 472 com-

218 507 443 556 mentariis,
465 505 599 546 indice
618 512 757 544 tamen
776 503 1026 560 philologico
1046 502 1224 558 perutili,
1248 503 1489 560 Lucretium
1509 505 1713 547 instruxit.

222 587 253 608 ‘⁶
278 582 507 636 Scripturas
526 586 710 620 veterum
730 578 930 619 librorum
954 578 1045 633 plus
1075 592 1199 633 quam
1230 586 1324 618 octo
1354 593 1396 618 se
1429 579 1714 633 perpendisse’'

213 657 356 710 jactat,
379 662 419 695 et
437 661 603 694 nactum
632 667 716 693 esse
748 657 777 677 “
799 667 884 692 non
905 666 1056 706 paucas
1086 651 1407 702 emendationes,
1439 653 1652 708 variasque
1671 653 1715 693 in

222 736 252 755 ‘⁶
273 730 439 784 po‘e'tam
459 736 646 768 nostrum
661 727 869 776 lectiones,
892 741 992 781 quas
1012 726 1074 766 vir
1094 725 1350 766 doctissimus
1371 726 1570 767 Antonius
1588 727 1715 768 Gold-

223 809 252 829 “
275 804 495 857 ingleamus,
517 801 644 843 homo
665 801 842 858 Anglus,
871 815 925 842 ex
956 800 1068 840 libris
1104 800 1260 840 calamo
1295 800 1470 840 exaratis
1504 800 1547 840 in
1582 800 1714 856 patria

222 883 252 904 “
275 876 346 918 sua
363 876 542 918 studiose
557 891 604 917 ac
620 875 759 916 sedulo
776 875 1032 931 collegerat‚’'
1050 874 1109 915 uti
1128 873 1317 915 Gifanius
1333 873 1590 929 opinabatur.
1615 874 1716 916 Hoc

219 960 428 1007 utcunque
449 951 513 1001 sit,
544 951 685 991 limato
698 950 872 1004 judicio,
896 949 981 989 sine
1001 964 1083 1004 quo
1114 948 1264 990 frustra
1302 948 1455 989 Critice
1485 957 1712 1000 exercetur,

220 1026 436 1067 destitutus
457 1025 522 1064 ifle
542 1024 617 1073 vir,
641 1023 813 1079 diligens
844 1022 1028 1078 quamvis
1059 1031 1099 1063 et
1129 1022 1326 1072 eruditus,
1358 1037 1505 1077 parum
1527 1023 1713 1074 contulit,

220 1114 287 1140 me
307 1099 449 1141 saltem
463 1098 617 1153 judice,
649 1112 702 1139 ex
722 1113 804 1153 quo
836 1097 1019 1140 Lucretii
1049 1105 1265 1138 contextus
1294 1096 1550 1137 emendatior
1581 1112 1715 1138 evase-

219 1182 285 1215 rit.

283 1322 380 1362 Non
402 1321 501 1362 alius
521 1329 614 1376 post
634 1320 709 1360 hos
730 1335 814 1360 esse
834 1320 995 1361 videtur
1013 1319 1162 1369 editor,
1196 1319 1266 1374 qui
1296 1328 1538 1360 contextum
1560 1319 1715 1360 Lucre-

223 1398 382 1438 tianum
403 1396 455 1436 ad
476 1395 601 1435 libros
618 1394 788 1448 scriptos
815 1394 1011 1451 exegerit,
1044 1402 1194 1448 praeter
1215 1394 1468 1444 Lambinum,
1493 1394 1716 1434 Creeclzz'um

223 1478 461 1520 nostratem,
485 1478 525 1510 et
545 1470 878 1521 Havercampmn.

275 1621 352 1662 De
374 1619 568 1660 Lucretio
589 1618 745 1673 primus
766 1616 879 1656 istius
899 1615 1178 1656 triumviratus
1198 1615 1328 1657 doctis
1354 1616 1717 1658 animadversioni·-

223 1694 300 1735 bus
320 1694 515 1749 praeclare
537 1691 705 1733 meritus
726 1699 803 1739 est;
837 1690 1073 1730 Lambinum
1095 1689 1204 1729 dico:
1237 1690 1307 1744 qui
1320 1705 1416 1731 usus
1429 1699 1503 1741 est,
1526 1699 1571 1732 ut
1591 1691 1717 1746 ipsius

224 1768 347 1810 rerba
365 1767 586 1822 proferam,
621 1771 650 1791 ‘⁶
672 1766 715 1805 in
737 1765 932 1805 Lucretio
952 1764 1219 1814 restituendo,
1246 1764 1394 1805 Romae
1410 1765 1575 1820 quidem
1588 1765 1718 1806 tribus

226 1843 389 1883 “libris
412 1841 541 1882 MSS.
563 1855 648 1881 uno
670 1839 710 1880 V
712 1839 892 1888 aticano;
926 1839 1068 1888 altero,
1101 1840 1171 1894 qui
1202 1838 1277 1880 fuit
1309 1839 1513 1880 Gabrielis
1545 1840 1713 1888 Fa'erni5

225 1922 255 1942 ‘⁶
278 1916 414 1964 tertio,
437 1929 558 1969 quem
582 1914 720 1967 Scipio
743 1914 908 1953 Tertius
930 1914 1224 1967 Neapolitanus
1246 1914 1282 1954 ei
1303 1914 1566 1955 commodato
1586 1914 1714 1955 dedit:

227 1996 256 2016 ‘⁶
281 1989 458 2030 Lutetiae
478 2003 575 2028 vero
596 1987 770 2036 duobus,
794 2002 878 2027 uno
910 1987 1188 2036 Memmian03
1223 1988 1364 2036 altero,
1398 1989 1574 2029 Adriani
1605 1989 1716 2029 Tur-

227 2071 257 2091 “
280 2063 374 2104 nebi
394 2063 514 2112 libro,
537 2062 589 2102 ad
612 2062 899 2102 Bertinianum
920 2061 1103 2102 codicem
1138 2061 1444 2118 diligentissime
1477 2070 1517 2102 et
1548 2077 1714 2104 accura-

227 2145 257 2165 “
279 2139 431 2179 tissime
451 2152 577 2192 usque
598 2137 651 2178 ad
671 2137 820 2178 librum
841 2145 1003 2179 sextum
1025 2137 1227 2178 duntaxat
1248 2138 1521 2192 comparato.'’

284 2287 488 2342 Equidem
509 2302 593 2328 non
614 2288 646 2328 is
667 2303 771 2338 sum,
795 2289 865 2344 qui
885 2288 1019 2329 virum
1039 2287 1226 2344 ingenuis
1257 2287 1410 2327 artibus
1440 2287 1616 2341 penitius
1636 2288 1713 2327 im-

224 2362 385 2411 butum,
408 2370 447 2402 et
467 2362 715 2403 amatoribus
739 2361 918 2403 Lucretii
939 2361 1236 2402 necessitudine
1248 2360 1470 2401 multorum
1484 2360 1713 2402 officiorum

226 2436 585 2486 devinctissimuln,
608 2436 704 2476 fidei
727 2436 973 2476 sublestioris
1004 2435 1179 2476 libenter
1213 2450 1399 2491 arguam:
1432 2434 1544 2476 nefas
1575 2444 1713 2476 tamen

224 2519 341 2560 esset,
364 2518 404 2551 et
423 2511 577 2550 crimen
596 2509 820 2564 publicum,
844 2509 1109 2558 dissimulare,
1127 2509 1255 2549 multa
1266 2508 1367 2549 mihi
1387 2509 1431 2549 in
1444 2519 1523 2550 noc
1543 2524 1712 2550 munere

225 2584 486 2640 defungendo
507 2583 741 2639 scrupulum
762 2598 881 2638 super
894 2575 979 2624 hac
1000 2598 1058 2632 re,
1081 2598 1207 2624 manu
1227 2583 1384 2637 scriptis
1406 2584 1553 2624 scilicet
1573 2597 1710 2624 exem-

224 2658 403 2713 plaribus
426 2658 632 2708 Lambini,
654 2672 740 2698 non
759 2657 889 2698 levem
909 2657 1108 2711 injecisse3
1142 2657 1184 2696 in
1215 2672 1308 2712 quae
1328 2657 1495 2698 lectores
1514 2657 1621 2696 ultro
1642 2672 1709 2697 oc-

221 2731 457 2781 cursabunt,
473 2741 512 2773 et
524 2733 575 2773 de
591 2732 737 2788 quibus
749 2746 867 2773 suum
872 2731 1089 2787 judicium,
1107 2731 1302 2773 hactenus
1318 2731 1585 2780 submonitos,
1602 2745 1710 2785 prae-

224 2806 367 2846 stiterit
388 2806 568 2862 integros
589 2806 827 2848 exercuisse:
860 2821 922 2846 res
943 2803 1068 2862 igitur
1088 2822 1112 2846 a
1131 2821 1198 2846 me
1227 2805 1467 2860 relinquitur
1486 2805 1527 2844 in
1559 2804 1708 2845 medio.

227 2880 325 2922 Hoc
346 2880 500 2921 interea
520 2879 571 2921 de
591 2880 714 2934 plano
734 2880 866 2922 nullus
887 2879 1156 2921 dubitaverim
1177 2879 1394 2931 affirmare,
1416 2894 1482 2919 me
1502 2879 1708 2919 neminem
