1894 3253
184 226 277 265 308

695 222 754 268 T.
797 221 1179 270 LUCRETII

324 350 474 409 Longe
494 362 588 393 slmt
610 360 747 393 tamen
767 367 793 393 a
811 351 907 393 vera
928 353 1089 394 ratione
1109 354 1281 409 repulsa.

207 429 289 465 645
323 425 472 468 Omnis
493 426 603 467 enim
624 441 698 482 per
719 442 761 468 se
781 426 921 467 divom
941 435 1106 478 natura,
1139 443 1303 470 necesse
1322 439 1397 482 est,

319 500 535 541 Inmortali
555 516 645 542 aevo
666 501 826 543 summa
847 516 940 543 cum
962 517 1064 557 pace
1083 501 1258 554 fruatur,

318 575 487 616 semota
506 591 531 616 a
550 577 701 618 nostris
721 577 859 628 rebus,
889 577 1168 633 sejunctaque,
1197 578 1334 636 longe.

311 648 437 700 Nam,
464 651 626 706 privata
645 652 787 694 dolore
806 653 936 703 omni,
968 653 1128 708 privata
1146 653 1325 708 periclis,

312 723 409 779 Ipsa
429 725 509 766 suis
529 726 685 781 pollens
707 727 871 782 opibus,
900 726 1003 768 nihil
1024 727 1168 784 indiga
1187 728 1335 778 nostri,

165 885 188 900 “
204 886 273 911 tum
289 880 410 920 formis,
434 892 513 922 quas
534 882 568 912 in
583 882 712 922 pulvere
727 883 894 923 descripse-

161 936 184 952 “
203 940 259 970 rat,
283 935 321 964 ab
336 934 447 975 ignaro
466 934 575 970 milite,
599 935 668 975 quis
684 941 773 973 esset,
797 935 893 966 inter-

161 988 184 1003 “
198 985 328 1016 fectum.
372 985 473 1026 AEgre
501 985 534 1016 id
558 985 750 1016 Marcellum
774 986 893 1025 tulisse,

161 1040 185 1056 “
201 1036 431 1078 sepulturaeque
457 1047 565 1067 curam
590 1037 745 1075 habitam;
769 1043 800 1067 et
821 1048 892 1077 pro-

161 1092 184 1107 “
198 1089 323 1130 pinquis
338 1089 434 1119 etiam
455 1090 613 1130 inquisitis
626 1092 737 1120 r'zonorz'
745 1092 892 1130 preasidi-

159 1144 182 1159 “
197 1152 272 1181 oque
287 1151 405 1171 nomen
420 1151 456 1171 ac
471 1141 658 1172 memoriam
681 1142 749 1183 ejus
763 1143 890 1173 fuisse.’'

160 1192 268 1233 Vulgo
283 1192 407 1233 legitur,
431 1199 581 1233 quantum
605 1200 695 1234 capla
719 1195 788 1225 urbs
803 1197 890 1225 ciere.

157 1244 221 1275 Sed
236 1245 342 1284 plures
363 1247 557 1275 membranae
583 1248 699 1276 habent
715 1254 814 1286 captae
836 1259 887 1276 ur-

154 1297 216 1332 ὖίες
240 1296 326 1326 unde
351 1303 529 1326 nostrarum
552 1297 793 1337 castigationum
816 1309 886 1337 pro-

153 1348 268 1387 prietas
283 1347 446 1387 dependet.
493 1347 628 1378 Ovidius
643 1348 791 1390 denique,
817 1350 886 1381 fast.

152 1400 172 1430 i.
189 1403 261 1431 415.
279 1406 311 1430 et
324 1399 414 1437 alibi;
437 1402 529 1430 decus
544 1406 575 1429 et
589 1403 693 1431 tutela.

198 1451 278 1482 Ibid.
286 1454 434 1491 prcesidio
441 1454 632 1491 parentibus.
660 1454 824 1483 Committi
835 1454 888 1485 de-

151 1505 204 1534 bet
218 1503 397 1543 Euripides,
416 1503 486 1534 Ion.
501 1507 571 1535 495.
584 1504 639 1534 ubi
654 1514 712 1534 nos
722 1506 890 1545 nonnulla,

148 1556 229 1585 hanc
259 1557 334 1597 ῥῆσιν
373 1554 573 1593 illustrantia,
607 1556 815 1595 contulimus;
854 1564 885 1588 et

151 1608 226 1638 Silv.
242 1608 318 1639 Crit.
331 1609 350 1638 i.
367 1619 396 1648 p.
409 1612 480 1639 144.
526 1610 593 1640 Nec
603 1610 710 1641 minus
721 1610 795 1642 hinc
806 1622 882 1651 pen—

147 1660 198 1691 det
213 1660 339 1696 Statius,
356 1660 455 1691 Theb.
471 1661 491 1691 i.
506 1665 580 1693 593.

176 1736 225 1761 Hic
236 1737 319 1761 sexus
329 1737 446 1762 melioris
457 1737 542 1770 inops,
560 1738 605 1763 sed
618 1739 692 1770 prole
704 1739 807 1764 virebat

173 1776 312 1806 Feminea,
330 1777 440 1809 gemino
452 1781 576 1802 natarum
589 1778 702 1810 pignore
706 1778 806 1810 fultus.

145 1834 211 1864 Ubi
226 1834 337 1864 malim
358 1837 486 1874 vigebat,
510 1842 546 1865 ut
562 1841 632 1874 pote
648 1835 744 1866 colori
759 1846 876 1866 sermo-

143 1885 192 1915 nis
207 1885 494 1916 convenientiorem
509 1886 690 1917 dictionem.
729 1888 796 1918 Nec
811 1898 876 1918 non

141 1936 285 1967 similiter
313 1937 465 1969 Julianus
495 1939 676 1978 sEgypfius,
713 1940 794 1979 epig.
825 1943 875 1970 45.

143 1989 217 2030 ἕρκος
236 2002 324 2030 πατρι
341 2003 422 2024 τεκος
435 2004 444 2019 .·
471 1996 502 2020 et
517 1990 683 2021 exordium
706 1991 875 2030 pulchrum

139 2041 193 2071 lib.
209 2042 261 2071 xii.
287 2042 474 2073 Columellae
494 2044 533 2074 de
553 2055 586 2074 re
601 2044 730 2075 rustica:
758 2045 812 2085 qui
828 2044 872 2074 vi·

139 2092 270 2122 dendus.

142 2143 310 2180 Caeterum,
334 2143 402 2174 voci
427 2151 541 2184 parent
570 2145 660 2176 video
691 2146 874 2177 Bentleium

138 2201 247 2226 notam
269 2196 454 2235 suspicionis
469 2197 664 2237 appinxisse;
685 2209 743 2228 nec
765 2205 870 2229 tamen

137 2247 252 2278 idonea
277 2248 351 2278 satis
374 2248 413 2279 de
436 2249 554 2286 caussa,
577 2256 732 2291 quantum
748 2257 871 2291 egomet

137 2300 257 2330 valeam
273 2300 455 2332 discernere.

182 2351 255 2382 Ver.
271 2356 346 2383 643.
370 2355 497 2384 eximie.-
525 2357 560 2384 Δ.
578 2353 617 2384 Ο.
640 2356 753 2394 exigue.

180 2403 257 2433 Ver.
277 2406 350 2435 645.
366 2404 554 2435 Plutarchus
569 2406 770 2445 tempestivus
785 2406 867 2436 exci-

137 2455 264 2493 tabitur,
280 2456 313 2485 in
329 2455 405 2495 plne.
416 2456 490 2495 phil.
508 2456 527 2487 i.
546 2459 870 2500 7.-ἁμοιρτοιν8ο-ιν,-

137 2507 180 2538 ὅτι
197 2521 244 2539 τον
264 2513 334 2539 Θεον
357 2520 489 2541 evi-omem
506 2516 733 2550 επιστρεφομενον
749 2523 804 2541 των
819 2524 867 2541 οιν-

136 2561 280 2600 θρωπΙὶΙων,
305 2574 322 2594 ἦ
346 2574 398 2591 καί
414 2572 491 2592 (ΓΒΤΒ
512 2574 597 2603 χαΡΙν
620 2574 668 2592 ΤΟΥ
691 2575 795 2602 κθσμθν
811 2576 867 2593 κα·

137 2612 367 2651 τασκευοιζονετοι·
391 2626 425 2643 το
440 2626 498 2654 ’γαρ
518 2626 658 2655 μοικαριον
678 2627 728 2644 κου
750 2615 867 2656 cap-Sap-

136 2674 184 2692 τον
200 2663 278 2701 gmon,
294 2671 573 2706 συμπεπληρωμένον
583 2678 614 2696 τε
627 2677 700 2696 παου
716 2679 772 2700 τοις
785 2680 866 2706 αγαι-

135 2715 198 2748 θοις,
223 2728 273 2745 και
297 2729 378 2747 κακε
401 2729 509 2752 ταντος
525 2716 656 2756 oeBsmov,
680 2718 744 2749 ὅλον
765 2732 791 2749 ον
807 2731 867 2761 περι

136 2777 188 2797 ’ῚΨΙν
204 2777 326 2805 Πυνθχῆν
342 2780 394 2802 Τῆς
410 2767 479 2804 ΙδΙας
496 2769 668 2809 ξυδαίμθνΙας
684 2784 734 2801 καί
750 2771 866 2813 ἄφθαρ-

135 2829 210 2854 cmg,
227 2828 424 2860 ανεπιστρεφες
441 2834 501 2852 εστι
517 2835 572 2853 «νων
584 2825 753 2865 ανθρωπινων
769 2836 866 2865 προεγ-

136 2881 250 2907 pamm.
296 2869 371 2900 Hoc
393 2873 618 2912 Epicureorum
634 2873 751 2914 dogma
766 2874 867 2917 tangit

137 2920 233 2952 etiam
248 2921 412 2959 Horatius,
436 2923 476 2955 ad
492 2930 546 2956 sat.
561 2925 582 2957 i.
598 2928 627 2958 5.
646 2929 716 2958 101.

1043 883 1166 913 Namque
1177 882 1240 906 deos
1247 881 1328 907 didici
1339 889 1463 908 securum
1475 891 1554 917 agere
1565 890 1672 911 aevum:

938 934 972 963 in
987 933 1150 973 ipsissimis
1165 934 1304 963 Lucretii
1319 934 1429 971 verbis,
1452 934 1492 965 vi.
1513 938 1564 967 57.

938 986 1007 1009 Nam
1017 985 1085 1009 bene
1094 984 1141 1016 qui
1148 984 1265 1010 didicere
1273 985 1336 1010 deos
1343 992 1468 1010 securum
1476 992 1556 1017 agere
1564 993 1656 1011 aevum
1662 1005 1669 1012 .

981 1033 1055 1064 Ver.
1072 1037 1143 1064 646.
1164 1034 1238 1073 Ipsa
1247 1035 1340 1064 verba
1351 1035 1483 1074 Epicuri
1494 1035 1578 1075 apud
1588 1036 1668 1067 Dio-

936 1095 1051 1126 genem
1066 1086 1230 1116 La'e'rtium
1252 1092 1386 1125 exstant,
1410 1097 1438 1118 x.
1461 1091 1530 1120 159.
1558 1094 1595 1120 To
1609 1103 1671 1129 μοι·

938 1152 1039 1180 καριον,
1063 1153 1114 1169 και
1141 1140 1302 1181 οιφθοιρτον,
1327 1153 1376 1171 ε-τε
1404 1154 1477 1172 oewro
1500 1154 1672 1183 πραγματοι

937 1204 1007 1231 εχει,
1027 1205 1076 1222 ετε
1092 1199 1180 1233 azau)
1196 1204 1328 1235 παρεχει·
1343 1193 1414 1228 ὦςτε
1431 1207 1480 1224 sva
1498 1208 1605 1236 οργοιις,
1623 1207 1672 1226 ετξ

934 1256 1045 1284 χαρισι,
1063 1256 1234 1285 συνεχεται.·
1260 1255 1331 1285 quae
1347 1245 1456 1275 Cicero
1466 1244 1508 1275 sic
1524 1245 1669 1283 reddidit,

932 1291 985 1322 lib.
1003 1293 1022 1322 i.
1038 1303 1104 1332 cap.
1124 1297 1171 1324 17.
1192 1294 1231 1324 de
1247 1301 1311 1325 nat.
1329 1294 1412 1325 deor.
1437 1298 1460 1313 “
1478 1295 1574 1331 Quod
1596 1298 1668 1327 bea-

933 1346 955 1360 “
971 1349 1040 1372 tum
1056 1350 1272 1384 aeternumque
1288 1346 1336 1381 sit,
1362 1345 1395 1376 id
1411 1356 1468 1376 nec
1491 1347 1606 1377 habere
1619 1347 1670 1386 ip-

931 1397 953 1412 “
969 1405 1040 1424 sum
1056 1395 1174 1435 negotii
1189 1395 1374 1436 quidquam,
1393 1406 1451 1426 nec
1464 1398 1611 1428 exhibere
1620 1398 1666 1428 al-

936 1449 958 1463 “
974 1446 1032 1475 teri
1038 1458 1048 1483 3
1078 1447 1183 1487 itaque
1212 1457 1314 1487 neque
1343 1446 1401 1485 ira,
1425 1458 1526 1488 neque
1555 1448 1667 1489 gratia,

935 1499 957 1514 ‘⁶
973 1497 1109 1526 teneri:'’
1134 1497 1187 1527 ubi
1213 1497 1313 1527 doctae
1337 1498 1460 1528 Davisii
1485 1498 1668 1530 collationes

933 1548 1135 1579 consulendae
1157 1555 1242 1579 sunt.
1290 1549 1462 1589 Appositus
1488 1556 1535 1580 est
1560 1550 1669 1589 Silius,

928 1601 1012 1631 Pun.
1028 1611 1076 1632 xv.
1093 1604 1144 1633 55.

943 1667 1065 1698 Quantas
1074 1665 1128 1698 ipse
1140 1667 1211 1691 Deus
1222 1665 1302 1690 laetos
1313 1666 1452 1698 generavit
1463 1666 1490 1690 in
1501 1673 1563 1691 usus

940 1707 990 1730 Res
1001 1705 1115 1735 homini,
1127 1705 1261 1737 plenaque
1272 1705 1348 1730 dedit
1358 1706 1429 1730 bona
1439 1706 1536 1737 gaudia
1547 1706 1656 1732 dextrfi.

938 1747 1029 1777 Atque
1040 1746 1124 1776 idem,
1141 1745 1285 1777 exemplar
1296 1745 1361 1770 lenis
1373 1745 1532 1770 mortalibus
1553 1747 1619 1777 aevi,

938 1784 1139 1817 Imperturbata
1150 1784 1270 1817 placidus
1281 1787 1358 1810 tenet
1368 1785 1424 1809 otia
1435 1788 1538 1810 mente.

924 1833 1042 1863 Notam
1068 1833 1322 1864 Drakenborchii
1345 1833 1508 1872 inspicia53
1535 1833 1590 1874 qui
1612 1833 1661 1864 di-

920 1884 1114 1915 vinationem
1138 1885 1276 1923 Heinsii,
1300 1887 1371 1916 terit
1386 1895 1443 1924 pro
1465 1892 1561 1921 tenet,
1584 1896 1661 1925 pru-

921 1937 1030 1967 denter
1045 1937 1154 1977 rejicit.
1201 1937 1295 1968 Idem
1305 1937 1346 1968 de
1368 1937 1435 1968 deis
1450 1937 1526 1968 olim
1551 1938 1655 1970 Maeo-

919 1988 1008 2019 uides
1022 1988 1251 2028 praedicaverat,
1277 1989 1316 2019 Il.
1331 1995 1361 2019 Z.
1379 1992 1450 2019 138.

1361 2045 1425 2075 θεοι,
1447 2045 1500 2079 ῥεια
1513 2044 1618 2076 Zamnes.

959 2098 1036 2128 Ver.
1055 2100 1127 2129 647.
1150 2098 1286 2138 sejuncta
1303 2100 1400 2138 longe.
1446 2099 1536 2129 Hinc
1548 2099 1654 2128 Arno-

918 2148 1001 2186 bius,
1023 2148 1076 2178 lib.
1105 2148 1156 2179 vii.
1187 2160 1216 2187 p.
1248 2152 1388 2180 25⁶2.—“
1411 2155 1530 2179 essetne
1560 2159 1653 2180 verus

919 2203 942 2217 “
959 2200 1061 2237 Deus,
1084 2209 1124 2229 an
1151 2199 1256 2229 nescio
1279 2199 1357 2239 quid
1382 2199 1481 2237 aliud,
1507 2201 1654 2240 longeque

916 2255 939 2269 “
956 2253 994 2281 ab
1009 2250 1122 2290 supera
1137 2251 1327 2281 sublimitate
1349 2251 1552 2291 sejunctum.'’
1599 2252 1652 2282 Si-

915 2302 1032 2332 militer
1047 2302 1157 2332 incerti
1171 2302 1389 2342 panegyricuS,
1406 2313 1433 2332 v.
1451 2307 1479 2334 9.
1505 2305 1527 2320 “
1546 2302 1650 2344 Siqui-

915 2357 938 2372 “
954 2353 1028 2384 dem
1042 2356 1090 2384 clii
1105 2353 1172 2393 ipsi,
1196 2353 1280 2395 quod
1296 2356 1479 2394 plerumque
1494 2356 1650 2386 humanas

914 2410 935 2425 “
950 2418 997 2437 res
1022 2408 1191 2446 negligant,
1223 2406 1300 2437 dum
1331 2398 1505 2447 querimur,
1540 2406 1647 2447 ignos-

913 2463 935 2478 “
950 2466 1043 2496 cunt3
1066 2460 1180 2500 quibus
1194 2459 1281 2490 aliud
1306 2459 1646 2497 fortassoecurantibus,

913 2514 934 2529 ‘⁶
952 2510 1121 2551 grandines
1129 2517 1238 2549 ruunt,
1254 2517 1344 2542 terrae
1355 2511 1533 2549 dehiscunt,
1548 2512 1643 2542 urbes

912 2566 933 2582 “
949 2563 1154 2594 hauriuntur:
1189 2574 1258 2604 quae
1274 2573 1339 2594 non
1354 2563 1416 2594 illis
1431 2565 1578 2594 oriuntur
1592 2573 1646 2593 vo-

911 2619 934 2635 “
949 2616 1097 2654 lentibus,
1121 2616 1175 2648 sed
1190 2623 1246 2647 aut
1267 2616 1418 2648 aliorsum
1440 2614 1641 2655 adspicienti-

911 2669 934 2685 “
949 2668 1019 2705 bus,
1042 2673 1107 2704 aut,
1134 2667 1222 2698 fatali
1247 2677 1354 2698 rerum
1377 2676 1472 2698 cursu
1499 2670 1644 2706 urgente,

911 2721 933 2736 “
948 2718 1094 2749 videntur
1103 2718 1274 2749 accidere.”
1300 2718 1351 2749 Sic
1360 2717 1541 2759 legendum.
1567 2715 1642 2746 Alia

909 2776 975 2800 erat
990 2769 1140 2808 Homeri,
1163 2775 1258 2811 atque
1279 2769 1365 2800 haud
1387 2767 1494 2808 paullo
1515 2766 1640 2806 sapien-

909 2822 981 2860 tior,
1004 2823 1171 2861 sententia‚
1194 2823 1234 2854 ad
1252 2822 1291 2853 Il.
1308 2829 1336 2853 Β.
1351 2824 1403 2852 27.

929 2887 977 2911 va
989 2885 1013 2911 δ’
1022 2885 1099 2920 εμεθεν
1112 2888 1174 2917 ξυνες
1185 2895 1252 2915 ωκοι,
1274 2884 1334 2912 Διος
1347 2883 1372 2909 δε
1385 2892 1421 2908 rot
1433 2885 1545 2912 αγγελος
1560 2886 1619 2915 αμα·

928 2933 973 2963 ’ος
985 2943 1034 2967 σευ,
1055 2934 1147 2963 ανευθεν
1159 2944 1207 2966 em,
1228 2942 1303 2968 μενοι
1314 2932 1430 2962 κηδεται,
1451 2930 1489 2961 κδ’
1501 2935 1607 2967 ampu-
