1894 3253
178 307 246 347 viii
654 309 746 351 AD
798 309 1194 351 LECTOREM.

177 430 408 472 debilitatus
429 432 570 482 animi,
593 440 715 487 atque
731 432 874 486 coeptis
894 432 1116 473 audacibus
1135 447 1241 487 pene
1262 441 1556 483 consternatus,
1572 434 1671 475 dum

178 505 407 547 naviculam
428 521 577 556 meam,
612 505 810 547 immensa
847 506 1059 561 cujusdam
1096 506 1293 549 vastitatis
1325 506 1543 548 solitudine
1572 508 1672 549 fluc-

177 587 379 632 tuantem,
403 580 696 622 tremebundus
716 581 1030 636 contemplarer:

411 750 737 758 ————-—-
753 730 860 765 maria
876 730 1043 776 undique,
1061 737 1097 765 et
1123 730 1275 776 undique
1293 730 1418 765 coelum
1433 731 1441 765 Ξ

178 867 235 909 Et
251 867 375 917 enim,
397 868 599 909 mirentur
628 868 721 909 licet
751 869 969 923 inexperti,
991 882 1086 908 vere
1106 867 1206 907 mihi
1229 867 1412 908 dicturus
1442 867 1598 918 videor,
1621 883 1674 909 ne

176 956 307 983 unum
338 942 504 997 quidem
535 958 586 983 ex
616 942 690 982 illis
712 942 917 992 omnibus,
952 942 1022 997 qui
1056 957 1130 996 per
1161 943 1240 982 aevi
1271 942 1427 982 flumen
1460 942 1512 983 ad
1544 957 1673 997 usque

174 1025 316 1056 nostra
335 1024 523 1070 tempora
538 1016 716 1056 devoluti
739 1017 834 1065 sint,
857 1015 1122 1070 scriptoribus
1154 1016 1349 1056 Lucretio
1378 1016 1514 1057 minu-s
1535 1031 1673 1057 emen-

176 1089 318 1130 datum
340 1090 463 1146 vulgo
493 1090 682 1130 manibus
702 1090 901 1133 lectorum
923 1090 1018 1138 teri3
1052 1097 1122 1130 aut
1158 1090 1201 1129 in
1237 1089 1350 1144 cujus
1382 1098 1513 1139 textu,
1550 1106 1674 1145 quem

173 1164 332 1213 dicunt,
365 1164 655 1204 concinnando
676 1165 806 1220 magis
827 1179 974 1219 susque
993 1163 1126 1218 deque
1146 1163 1329 1204 habitam
1354 1172 1608 1205 vetustorum
1626 1164 1673 1204 li-

173 1237 347 1278 brorum
367 1237 493 1278 fidem
512 1239 663 1292 passim
685 1239 843 1279 senties.
906 1238 1032 1288 Nam,
1064 1246 1111 1278 ut
1141 1238 1425 1288 concesserim,
1461 1239 1558 1278 Cari
1578 1253 1673 1279 nos·-

177 1312 231 1352 tri
257 1321 548 1368 argumentmn
581 1327 666 1352 non
688 1312 733 1353 ea
768 1327 852 1353 esse
884 1312 1136 1361 amoenitate,
1160 1327 1252 1366 quae
1273 1312 1437 1352 turbam
1457 1312 1671 1362 lectorum,

176 1386 229 1426 de
249 1400 388 1426 rerum
408 1386 554 1426 natura
575 1394 617 1426 et
637 1386 785 1426 abditis
815 1385 1087 1441 philosophiae
1116 1401 1264 1440 parum
1295 1386 1559 1436 solicitorum,
1593 1387 1673 1427 suis

174 1459 372 1500 illecebris
403 1469 548 1515 sponte
579 1460 734 1510 trahat;
768 1461 1002 1516 simplicitas
1037 1470 1175 1501 tamen
1215 1461 1412 1501 orationis
1446 1461 1675 1515 purissimae

178 1533 427 1584 inaffectata,
450 1535 605 1591 ingenii
625 1535 754 1576 lactea
773 1535 954 1585 ubertas,
977 1536 1019 1575 in
1039 1535 1285 1591 omnigenos
1304 1534 1462 1589 lepores
1491 1534 1570 1575 late
1599 1534 1676 1575 dif-

177 1609 322 1658 fluens,
366 1609 661 1650 sincerissimus
693 1610 860 1664 insuper
899 1610 1195 1665 elegantiarum
1227 1609 1484 1663 poeticarum
1516 1617 1674 1665 gustus,

176 1684 316 1723 nativo
337 1683 518 1738 quodam
549 1699 669 1724 sensu
699 1683 924 1724 rectissimo
955 1683 1246 1732 delibatarum3
1280 1691 1319 1722 et
1340 1683 1510 1724 varietas
1530 1698 1674 1724 nume-

176 1771 270 1797 rosa
289 1771 498 1806 versuum,
519 1757 635 1812 lapsu
667 1757 772 1797 facili
808 1757 1129 1807 decurrentimn,
1165 1765 1205 1797 et
1239 1756 1355 1797 melle
1389 1756 1554 1798 Musaeo
1580 1772 1675 1798 vere

176 1839 477 1871 contactorum:
501 1830 592 1871 haec
612 1831 752 1872 onmia
773 1832 1028 1872 severitatem
1049 1830 1307 1872 subtiliorum
1334 1830 1675 1886 disceptationum

178 1903 381 1944 deliniunt
400 1919 527 1959 usque
549 1904 668 1954 adeo,
690 1919 738 1944 ac
759 1905 996 1956 devincunt,

508 2020 666 2055 Molliter
683 2028 858 2056 austerum
877 2022 993 2056 studio
1011 2022 1154 2057 fallente
1170 2023 1335 2065 laborem,

178 2133 224 2166 ut
244 2139 368 2165 nemo
390 2125 439 2166 sit
460 2125 634 2182 ingeniis
659 2140 745 2166 non
774 2125 934 2175 fucatis,
967 2134 1089 2182 atque
1118 2127 1384 2183 elegantibus,
1417 2127 1672 2168 demerendis

179 2199 548 2248 accommodatior3
593 2215 731 2249 nemo,
774 2200 844 2255 qui
892 2200 1146 2257 diligentiam
1191 2200 1364 2241 fideliter
1409 2201 1672 2242 tractantium

175 2273 360 2328 pleniore
379 2280 584 2328 proventu
604 2273 895 2314 remunerabit.
958 2274 1182 2324 Nimirum,
1206 2275 1237 2315 si
1268 2289 1421 2324 rerum,
1444 2275 1496 2315 de
1525 2275 1672 2330 quibus

175 2346 372 2402 disputat,
393 2346 684 2388 obscuritatem
706 2355 746 2387 et
759 2347 1015 2402 jejunitatem
1045 2348 1264 2389 liberaliter
1284 2349 1492 2399 intuearis,
1517 2349 1672 2391 Lucre-

176 2421 256 2461 tius
285 2429 431 2462 -auctor
461 2430 520 2462 est
539 2421 811 2476 philosophiae
838 2423 1023 2477 po'eticus
1044 2423 1166 2479 longe
1198 2423 1400 2480 longeque
1432 2423 1672 2465 dilucidissi-

176 2509 286 2544 mus3
319 2510 396 2536 nec
416 2503 525 2546 sunt,
543 2497 620 2536 nisi
641 2497 850 2546 rarissimi,
873 2497 916 2537 in
938 2512 1062 2552 opere
1093 2505 1181 2538 toto
1213 2497 1307 2547 loci,
1335 2498 1404 2553 qui
1440 2498 1671 2538 desiderent

178 2569 460 2623 interpretem,
493 2578 563 2611 aut
591 2571 786 2612 ‘lectorem
816 2571 979 2612 modice
1008 2572 1286 2626 perspicacem
1316 2573 1470 2613 morari
1500 2579 1666 2626 queant:
1724 2575 1727 2580 '

174 2641 256 2683 hoc
277 2650 429 2692 autem,
452 2645 505 2684 ob
526 2644 836 2699 depravationes
866 2646 1138 2700 potissimum,
1170 2648 1304 2701 po'etae
1340 2660 1428 2687 non
1462 2646 1668 2699 imputan-

177 2715 265 2756 das:
297 2716 356 2765 id,
379 2717 490 2771 quod
511 2728 704 2773 expertus
724 2735 800 2760 usu
832 2735 935 2770 rem,
958 2728 1129 2761 tutemet
1160 2720 1272 2762 haud
1307 2735 1418 2776 aegre
1447 2718 1668 2760 confitebe-

174 2791 240 2830 ris.
304 2789 387 2830 His
406 2791 532 2848 igitur
548 2792 599 2833 de
614 2795 776 2844 caussis,
792 2795 1053 2836 vehementer
1068 2795 1257 2851 equidem
1277 2794 1416 2834 mirari
1437 2793 1560 2843 soleo,
1583 2802 1667 2833 tam

171 2879 326 2920 paucos
345 2864 599 2908 literatorum
619 2867 835 2910 hominum
856 2870 1068 2921 exstitisse,
1092 2870 1162 2925 qui
1187 2867 1433 2910 versaverint
1451 2867 1662 2909 Lucretia-
