1894 3253
639 252 874 302 LIBER
924 251 1233 302 PRIMUS.

1639 258 1700 306 77

340 386 456 436 Quid
478 400 642 443 quoque
662 387 852 428 amittant
872 387 915 427 in
936 394 1137 442 tempore,
1160 399 1328 443 cernere
1345 384 1487 442 possis.

341 462 596 517 Corporibus
617 462 735 503 caecis
757 462 882 518 igitur
902 469 1052 502 natura
1070 461 1178 518 gerit
1198 476 1273 501 res.

224 541 305 577 330

396 536 485 578 Nee
506 545 644 577 tamen
665 536 848 590 undique
869 534 1066 589 corpore&
1089 535 1237 590 stipata
1256 543 1451 577 tenentur

340 610 496 652 Omnia
515 609 681 659 naturzi5
715 623 895 664 namque
915 617 974 649 est
994 609 1039 648 in
1059 609 1180 649 rebus
1200 609 1339 650 inane:

337 684 465 733 Quod
485 683 560 724 tibi
581 697 780 739 cognosse
800 683 843 722 in
865 682 1001 723 multis
1023 682 1099 723 erit
1120 682 1218 723 utile
1238 682 1379 733 rebus3

335 758 426 799 Nec
447 758 551 798 sinet
572 765 779 799 errantem
800 756 1004 805 dubitare,
1028 764 1067 796 et
1088 771 1274 811 quaerere
1295 772 1455 813 semper

333 833 403 875 De
424 831 582 874 summai
604 846 757 882 rerum,
783 840 822 873 et
842 831 993 872 nostris
1013 829 1198 872 diffidere
1220 831 1351 873 dictis.

189 1009 260 1032 Cum
273 1013 348 1031 mare
359 1006 497 1030 convolvit
509 1010 618 1037 gentes-3
637 1012 700 1030 cum
711 1006 791 1031 litora
802 1005 908 1038 Tethys

191 1047 282 1072 Noluit
293 1046 346 1071 ulla
358 1045 423 1078 pati,
434 1045 505 1070 coelo
517 1048 632 1069 contenta
643 1046 731 1070 teneri
742 1053 747 1069 :

190 1104 210 1134 i.
238 1115 263 1135 e.
290 1115 417 1144 operam
442 1103 693 1134 strenuissimam
719 1103 808 1141 dans,
836 1110 866 1134 et
893 1114 924 1133 se

190 1158 390 1187 veliementer
416 1155 556 1191 tendens,
584 1161 619 1184 ut
634 1154 730 1184 nullis
758 1154 922 1192 limitibus,

190 1209 257 1248 ipso
273 1209 350 1239 coelo
366 1207 577 1245 inferioribus,
595 1206 820 1237 contineretur.

234 1261 317 1291 Ibid.
342 1267 479 1291 contenta
497 1261 587 1289 tueri.
627 1259 755 1288 Memor
781 1264 846 1288 erat
861 1257 923 1288 loci

189 1312 285 1342 Silius
303 1312 442 1350 Italicus,
464 1311 527 1341 xiii.
543 1314 615 1340 441.

625 1377 743 1401 contende
754 1377 830 1407 tueri,

218 1419 410 1450 Eductumque
421 1422 484 1443 tene
496 1417 593 1450 vagina
607 1417 744 1441 interritus
757 1424 859 1442 ensem.

230 1489 306 1519 Ver.
318 1491 391 1519 526.
407 1498 639 1528 quaequomque:
667 1494 923 1527 H.qucecomque‚

187 1546 342 1570 vetustam
372 1539 559 1578 scripturam
585 1539 757 1569 castissime
781 1548 905 1568 servans
913 1551 923 1575 ;

187 1604 295 1634 quam,
326 1593 352 1622 si
375 1603 446 1622 meo
469 1592 540 1632 jure
560 1602 608 1621 res
624 1591 835 1621 administrari
851 1601 925 1621 cum

188 1644 271 1675 bonai
286 1644 438 1674 lectorum
450 1642 541 1673 veniiz
550 1644 711 1682 potuisset,
729 1653 784 1682 per
795 1653 925 1673 omnem

188 1696 375 1727 Lucretium
400 1694 603 1725 libentissime
619 1693 802 1724 intulissem.
851 1693 924 1731 Sed,

188 1749 237 1778 uti
262 1748 307 1786 fit,
332 1747 410 1778 dum
426 1757 518 1786 prave
540 1747 624 1776 cauti
646 1746 850 1786 imaginarios
876 1755 923 1775 er-

190 1809 275 1830 rores
290 1800 404 1829 evitare
419 1799 574 1833 volumus,
591 1798 670 1827 veris
686 1797 866 1827 obretimur.

234 1850 316 1880 Ibid.
354 1861 415 1880 aevo
453 1854 620 1884 senescunt,
658 1848 782 1887 proprio
814 1857 922 1886 sensu;

191 1903 290 1931 macie
306 1906 474 1935 senescunt,
499 1898 682 1931 secundario
698 1906 728 1929 et
745 1899 866 1938 tralato,
890 1906 925 1929 ut

191 1951 245 1981 alii
272 1950 383 1990 optimi
408 1951 571 1990 scriptores
594 1950 722 1990 passim:
750 1951 834 1991 quod
860 1956 926 1981 tam

192 2002 232 2032 de
247 2002 313 2041 ipsit
327 2002 478 2032 sermonis
493 2001 640 2037 fel-multi,
668 2012 763 2042 quam
780 2002 818 2032 de
833 2012 923 2032 voca-

190 2053 278 2092 bulo,
304 2053 425 2084 dictum
454 2053 556 2084 velim.
602 2053 646 2083 Et
677 2053 798 2084 erudite
825 2055 926 2084 Faber

190 2112 308 2141 monet,
332 2107 417 2136 hunc
432 2105 572 2136 Lucretii
587 2115 712 2135 versum
732 2116 770 2135 ex
794 2106 924 2136 Pacuw'i

193 2156 336 2188 Periboea
360 2157 461 2187 videri
496 2156 647 2195 effictum,
684 2167 780 2197 quam
817 2156 924 2187 laudat

175 2233 177 2235 .
193 2210 319 2240 Nonius
335 2210 369 2239 in
384 2220 458 2240 voce
473 2220 595 2240 macor.-

490 2283 640 2309 corpusque
650 2283 745 2301 meum
757 2275 818 2306 tabi,

270 2319 396 2347 Maerore,
407 2324 521 2349 aegrore,
533 2325 630 2342 macore
640 2321 716 2341 senet.

197 2384 249 2413 Ita
271 2383 401 2414 fortasse
424 2384 458 2414 in
483 2385 683 2424 anapaesticos
712 2384 806 2424 pedes
834 2385 926 2415 verba

195 2435 365 2475 digerenda
380 2442 462 2466 sunt.

238 2487 312 2516 Ver.
327 2490 400 2517 527.
423 2489 606 2526 inpendent:
634 2486 731 2517 Vind.
760 2487 797 2516 B.
821 2493 862 2517 Π.
888 2492 924 2518 Σ.

194 2540 395 2577 impendunt:
421 2548 502 2567 vesco
529 2544 635 2567 autem
659 2538 745 2567 deest
770 2537 804 2566 in
832 2538 872 2568 G.
897 2544 928 2568 et

196 2590 247 2620 ΓΜ.
265 2595 295 2618 et
306 2589 376 2628 ejus
392 2589 457 2618 vice
476 2594 515 2618 Π.
531 2588 584 2618 dat
599 2595 712 2626 nostro,
729 2594 759 2618 et
776 2593 810 2619 Σ.
825 2595 923 2619 vasto.-

193 2641 279 2682 quod
315 2639 492 2670 subindicat
525 2639 741 2670 difficultatem
776 2640 926 2679 interpre-

194 2692 298 2722 tandae
327 2691 474 2721 dictionis
498 2691 566 2731 jam
589 2701 608 2720 a
630 2690 793 2729 praeteritis
815 2691 928 2720 seculis

176 2761 179 2763 Δ
194 2743 370 2774 invaluisse.
415 2742 608 2781 Nosmetipsi
631 2741 709 2771 nihil
724 2741 926 2781 ambigimus,

195 2795 239 2831 id,
262 2794 347 2835 quod
361 2793 635 2834 simplicissimum
650 2800 697 2823 est
710 2799 741 2823 et
755 2793 854 2823 cuivis
872 2795 927 2823 ob-

196 2847 294 2884 vium,
310 2857 375 2877 esse
391 2846 485 2877 etiam
495 2846 709 2883 verissimum3
733 2845 812 2875 velle
827 2845 927 2875 nemi-

197 2907 270 2928 rum
283 2910 364 2930 vesco
378 2900 453 2936 sale,
479 2898 562 2938 quod
587 2900 718 2929 vescitur
745 2903 775 2927 et
793 2897 924 2935 peredit:

199 2956 231 2980 et
245 2949 324 2980 nihil
342 2949 426 2981 ultra
450 2950 550 2991 quaeri·
564 2950 685 2981 debere.
735 2948 826 2981 Idem
852 2949 928 2978 Phi-

967 1007 1103 1048 largyrio
1139 1006 1257 1047 placuit
1286 1006 1326 1037 ad
1352 1006 1439 1048 Virg.
1471 1017 1538 1047 geo.
1555 1007 1598 1037 iii.
1633 1009 1702 1039 175.

971 1063 992 1078 ‘⁶
1005 1060 1172 1090 Lucretius
1187 1066 1269 1090 certe
1286 1071 1364 1091 vesco
1380 1070 1437 1099 pro
1451 1062 1542 1091 edoce
1557 1059 1702 1099 posuit;”

967 1112 1052 1141 hunc
1069 1112 1173 1142 locum
1190 1111 1328 1142 laudans.

1012 1164 1091 1195 Ibid.
1119 1175 1199 1195 vesco
1215 1167 1294 1195 sale:
1323 1164 1498 1202 Ausonius,
1523 1164 1611 1203 epist.
1629 1163 1703 1193 xxii.

968 1219 1007 1237 0..

1061 1275 1094 1298 Et
1106 1280 1178 1298 nunc
1189 1273 1293 1305 paravit
1304 1273 1426 1298 triticum
1439 1280 1516 1298 casco
1526 1273 1591 1303 Sale,

1093 1315 1238 1345 Novusque
1251 1314 1334 1346 pollet
1346 1321 1481 1346 emporus.

1301 1372 1458 1408 Quaedam
1475 1372 1573 1402 MSS.

1259 1439 1359 1455 caseum
1371 1431 1472 1462 tritico,
1484 1435 1507 1456 et
1517 1433 1570 1457 sale
1581 1439 1587 1456 ε

969 1372 1067 1413 Lego,
1084 1383 1164 1403 vesco
1180 1374 1252 1403 sale.

967 1487 1098 1526 proinde
1114 1489 1173 1518 hoc
1188 1489 1284 1519 modo
1299 1489 1386 1519 locus
1401 1490 1550 1520 constitui
1564 1495 1677 1530 potest:

1008 1547 1041 1570 Et
1052 1553 1124 1571 nunc
1136 1547 1241 1578 paravit
1252 1547 1365 1572 triticum
1378 1555 1500 1579 vescum,
1512 1552 1540 1574 et
1551 1549 1639 1574 saleni.

970 1605 1088 1635 Bloreti
1103 1606 1245 1645 scriptor,
1261 1618 1324 1638 ver.
1344 1611 1393 1639 97.

1000 1665 1068 1688 Hinc
1079 1665 1137 1688 salis
1149 1666 1276 1697 inspergit
1288 1666 1387 1698 micas3
1405 1668 1457 1692 sale
1467 1668 1549 1692 durus
1560 1667 1634 1692 adeso

1001 1706 1099 1730 Caseus
1108 1704 1238 1736 adficitur.

1432 1741 1660 1771 BENTLmus.

970 1805 1209 1844 Havercampus
1232 1812 1407 1845 opportune
1430 1805 1575 1836 adhibuit
1592 1806 1704 1837 Ovidi-

968 1867 1034 1892 um,
1051 1863 1126 1887 met.
1141 1857 1181 1888 xi.
1203 1860 1272 1888 783.

1134 1921 1148 1938 e
1158 1914 1267 1946 scopul0,
1279 1921 1361 1945 quem
1373 1921 1454 1940 rauca
1463 1915 1596 1941 subederat
1605 1916 1689 1947 unda,

1001 1955 1033 1978 Se
1043 1954 1116 1978 dedit
1129 1954 1155 1977 in
1167 1958 1294 1985 pontum.

1013 2011 1095 2042 Ibid⁴
1112 2014 1173 2043 sale
1187 2024 1259 2043 sara
1272 2024 1390 2053 peresa.

968 2063 1086 2099 linaris,
1102 2063 1145 2093 xi.
1162 2067 1191 2094 5.

1438 2014 1587 2045 Sidonius
1603 2015 1704 2055 Apol-

999 2131 1058 2163 Qui
1069 2139 1148 2164 super
1160 2132 1273 2157 Idalium
1285 2133 1357 2158 levat
1369 2133 1492 2157 Orithion
1503 2133 1532 2157 in
1543 2133 1674 2163 aethram,

999 2172 1076 2197 Exen'
1086 2173 1148 2203 sale,
1161 2173 1252 2197 montis
1266 2180 1347 2205 apex.

968 2222 1022 2252 De
1036 2223 1192 2263 regimine
1207 2234 1279 2253 vero
1302 2234 1386 2253 mare
1411 2225 1589 2263 inpendent,
1617 2223 1705 2263 quasi

968 2276 1135 2314 separatim
1150 2276 1306 2316 legeretur
1321 2278 1352 2306 z'n
1370 2287 1454 2306 mare
1474 2277 1621 2314 pevzde›z?‚
1638 2276 1705 2304 hae'c

967 2327 1048 2357 ratio
1073 2327 1265 2366 simplicium
1295 2328 1462 2357 verborum
1488 2326 1521 2355 in
1548 2326 1703 2364 composi-

969 2378 1089 2408 tionem
1115 2384 1288 2408 transvecta
1315 2384 1475 2417 tantopere
1504 2376 1706 2415 scriptoribus

970 2430 1118 2459 omnibus
1132 2440 1188 2468 per
1213 2440 1324 2460 omnes
1349 2429 1485 2469 cujusvis
1500 2427 1624 2468 generis
1637 2428 1705 2458 dic-

970 2481 1070 2510 tiones
1086 2481 1312 2521 frequentatur,
1332 2487 1366 2510 ut
1383 2480 1530 2519 putidum
1546 2479 1643 2509 fuerit
1657 2478 1706 2509 vel

970 2533 1004 2562 in
1020 2539 1168 2572 tyronum
1183 2533 1391 2563 monitionem
1406 2532 1480 2562 huic
1495 2531 1646 2561 insistere.

1015 2585 1088 2616 Ver.
1113 2589 1186 2615 328.
1224 2596 1357 2625 quoque:
1396 2585 1432 2614 P.
1456 2595 1600 2623 qnceque;
1640 2594 1706 2614 non

971 2637 1065 2675 male,
1093 2637 1147 2667 sed
1161 2637 1264 2667 multo
1288 2636 1395 2673 minus
1411 2635 1451 2666 ad
1477 2636 1538 2665 loci
1562 2646 1705 2675 scopum,

971 2699 1067 2728 quam
1082 2689 1175 2719 lectio
1197 2694 1331 2727 recepta,
1357 2688 1458 2718 facere
1475 2688 1610 2719 videtur:
1633 2699 1705 2728 pos-

970 2746 1012 2770 set
1039 2739 1145 2776 ctiam,
1172 2749 1228 2778 pro
1249 2741 1358 2779 possis,
1385 2739 1470 2770 idem
1490 2740 1527 2771 P.
1544 2746 1575 2770 et
1599 2741 1638 2770 V.
1656 2739 1704 2770 ed.

973 2790 1012 2820 In
1032 2792 1068 2820 B.
1086 2805 1119 2822 το
1134 2802 1255 2822 cernere
1270 2791 1400 2822 omnino
1415 2792 1582 2822 omittitur.

1017 2843 1088 2872 Ver.
1115 2846 1188 2874 529.
1213 2845 1318 2874 caecz's:
1346 2843 1443 2875 Vind.
1475 2845 1514 2875 G.
1531 2845 1579 2874 M.
1607 2845 1704 2879 cresis,

972 2905 1042 2934 quae
1057 2894 1207 2924 vocabula
1225 2895 1354 2925 confusa
1369 2895 1506 2926 vidimus
1531 2905 1641 2935 nuper,
1665 2893 1706 2924 ad

975 2957 1034 2977 ver.
1049 2950 1120 2979 519.
1146 2947 1187 2978 In
1203 2953 1242 2979 Π.
1256 2946 1342 2979 deest
1353 2949 1444 2987 gerit.
