1894 3253
225 258 315 301 196

731 247 792 295 T.
834 245 1213 294 LUCRETII

362 384 476 433 Non,
499 380 595 437 quia
614 379 754 420 vexari
774 393 1023 435 quemquam
1043 386 1102 419 est
1114 376 1299 432 jocunda
1319 376 1520 433 voluptas,

363 457 460 506 Sed,
483 455 630 511 quibus
650 455 736 510 ipse
757 454 873 495 malis
893 469 1045 504 careas,
1068 453 1165 509 quia
1184 467 1350 494 cernere
1371 467 1492 493 suave
1511 459 1582 493 est.

306 537 330 572 5
363 531 444 572 Per
464 544 630 585 campos
649 530 863 578 instructa,
889 527 959 569 tufi
981 528 1067 568 sine
1085 535 1203 582 parte
1222 525 1378 582 pericli,

248 679 337 710 Quam
346 678 423 709 juvat
433 677 541 701 inmites
552 679 647 701 ventos
657 676 748 700 audire
759 676 916 704 cubantem,

281 721 312 743 Et
323 718 431 743 dominae
440 718 466 742 in
478 721 572 743 tenero
582 717 708 742 delituisse
718 717 776 741 sinu
786 717 792 740 !

261 767 343 797 Ibid.
369 769 452 797 mari
476 778 604 806 magno:
629 766 673 796 sic
691 766 796 803 Maro,
826 766 900 795 AEn.
917 775 944 795 v.

222 822 293 850 628.
327 829 410 849 mare
435 830 597 858 magnum:
635 823 729 857 atque
758 817 887 854 iterum,
910 822 946 846 ut

219 877 335 908 noster,
357 872 432 901 AEn.
451 871 490 901 iv.
507 874 579 901 566.
602 881 685 900 mare
700 871 829 900 turbari.
877 869 945 899 Cae-

217 927 333 960 terum,
348 924 431 953 mari
445 933 555 962 magno
570 922 604 951 in
620 932 713 951 sensu
724 920 878 960 populari,
891 930 947 959 pro

218 974 328 1014 quovis
345 976 474 1014 spatioso
499 973 592 1010 mari,
618 983 682 1002 non
707 982 781 1002 cum
803 971 946 1009 eruditis,

217 1025 325 1055 utitur.
374 1025 496 1064 Cicero,
512 1035 611 1055 somn.
629 1024 709 1063 Scip.
727 1027 827 1054 6.-—“
844 1022 948 1053 insula

219 1079 242 1094 ‘⁴
258 1083 314 1114 est,
338 1076 527 1107 circumfusa
542 1075 597 1106 illo
612 1078 703 1111 mari,
727 1075 811 1115 quod
829 1074 942 1104 Atlan-

219 1130 242 1147 “
259 1129 371 1167 ticum,
394 1129 477 1169 quod
492 1139 651 1168 magnum,
673 1127 757 1169 quod
779 1136 945 1164 oceanum,

220 1183 242 1198 ⁸‘
258 1180 420 1220 appellatis
434 1181 468 1210 in
483 1179 601 1209 terris.“

264 1231 338 1262 Ver.
363 1236 391 1262 2.
416 1233 462 1262 E:
491 1230 628 1267 Nonius,
655 1231 693 1260 iv.
720 1233 791 1259 441.
824 1231 883 1265 Et;
907 1228 946 1259 ad

221 1283 366 1324 quaedam
381 1282 582 1321 exemplaria:
609 1281 732 1320 arrepta
747 1288 759 1311 t
776 1294 814 1311 τε
828 1280 923 1311 terrei.

264 1334 345 1364 Ibid.
367 1345 522 1374 magnum.
567 1333 722 1371 Displicet
737 1338 803 1363 tam
818 1333 879 1362 cito
894 1343 946 1362 su-

220 1397 276 1427 per
290 1398 410 1427 magno.
454 1387 560 1416 Forte:

252 1447 272 1470 E
283 1445 354 1471 terra
366 1449 474 1469 vastum
484 1445 593 1469 alterius
602 1449 724 1476 spectare
735 1444 865 1469 laborem.

224 1495 352 1534 Seneca,
371 1496 467 1526 Herc.
483 1495 543 1525 fur.
558 1498 650 1525 1105.

599 1552 706 1584 gemitus
718 1556 808 1577 vastos

283 1594 383 1619 Audiat
393 1593 497 1619 aether:

219 1651 253 1676 et
268 1643 410 1674 Lucilius
420 1643 529 1683 junior
544 1643 577 1672 in
594 1642 704 1680 ,71⁴2th
722 1652 781 1672 ver.
793 1646 865 1672 200.

286 1707 344 1737 Ipse
354 1705 448 1737 procul
459 1708 549 1729 vastos
559 1704 673 1728 miratur
683 1703 787 1735 Jupiter
797 1703 881 1734 ignes.

225 1754 342 1795 Vulgo,
365 1764 503 1793 magnos;
528 1752 583 1782 sed
606 1751 703 1782 codex
726 1762 809 1781 unus
832 1757 949 1782 tantos.-

222 1806 308 1837 unde
332 1815 391 1835 nos
418 1814 524 1835 veram
553 1803 720 1833 lectionem
750 1802 952 1832 restituimus.

225 1857 378 1889 Similiter
393 1857 464 1887 libri
491 1856 645 1886 fluctuant
667 1856 748 1885 inter
772 1866 898 1894 magnas
924 1860 955 1884 et

224 1918 325 1942 vastas
349 1909 389 1939 ad
416 1909 508 1939 Ovid.
532 1908 601 1938 fast.
628 1908 659 1938 ii.
683 1911 755 1938 522.
802 1906 956 1947 Virgilius

225 1972 300 1992 sane
316 1961 423 1991 multis
438 1960 470 1989 in
486 1960 564 1989 locis
578 1960 637 1989 hoc
653 1965 743 1998 pacto
759 1968 831 1988 voce
854 1964 955 1989 vastus

226 2022 302 2042 usus·
318 2018 380 2048 est;
402 2011 456 2041 sed
471 2021 509 2041 ex
525 2010 627 2040 colore
643 2010 796 2040 sermonis
817 2009 858 2039 ad
883 2019 954 2049 geo.

226 2064 247 2094 ἰ.
265 2067 335 2094 158.

240 2122 332 2149 ..Hem
358 2127 479 2152 magnum
497 2119 600 2144 alterius
617 2119 717 2143 frustra
739 2118 861 2151 spectabis
883 2126 956 2144 acer-

354 2169 437 2191 vum3

230 2218 385 2251 receptam
407 2209 546 2241 Lucretii
562 2208 729 2239 lectionem
746 2206 842 2237 videri
858 2213 959 2246 potest

231 2262 428 2294 confirmare:
456 2261 515 2291 nisi
541 2259 625 2301 quod
641 2259 698 2289 iste
715 2268 821 2289 versus
836 2258 879 2288 ita
895 2258 958 2288 for-

232 2315 321 2346 tassis
336 2320 381 2344 est
396 2311 589 2343 scribendus:

491 2371 589 2396 frustra
601 2369 710 2402 sperabis
721 2376 864 2394 acervum:

231 2424 278 2456 uti
293 2424 385 2464 plane
401 2422 527 2453 exhibet
540 2421 638 2451 codex
650 2420 683 2449 in
695 2420 820 2449 BIusaeo
832 2418 958 2449 Britan-

232 2476 304 2506 nico
319 2475 415 2506 seculi
432 2473 557 2511 decimi,
574 2482 667 2513 quem
684 2481 742 2500 nos
758 2470 959 2500 contulimus

232 2529 322 2559 Hinc
337 2528 376 2559 de
390 2525 493 2568 glossa
509 2525 738 2556 nonnullorum
751 2524 849 2554 MSS.
863 2523 960 2553 varie-

232 2588 290 2620 tas,
313 2583 509 2622 exspectabis;
537 2586 567 2611 et
582 2591 618 2610 ex
635 2579 671 2609 ea
693 2578 853 2609 decurtata
868 2578 960 2608 lectio

233 2635 360 2675 wilgata
382 2634 521 2664 fortassis
544 2624 731 2663 invaluerit:
765 2632 817 2662 De
834 2642 960 2671 permu-

233 2687 351 2717 tatione
367 2694 473 2717 autem
488 2699 574 2728 spero
591 2692 622 2717 et
636 2692 746 2726 specto,
769 2685 887 2724 passim
902 2684 960 2715 cri-

233 2745 295 2768 tici.

277 2790 351 2819 Ver.
377 2794 407 2820 5.
429 2803 608 2831 quemquam
619 2805 627 2820 :
655 2790 691 2820 Ρ.
718 2789 756 2819 V.
786 2788 832 2819 ed.
858 2800 961 2829 quem-

231 2844 336 2882 piam:
363 2847 394 2871 et
404 2842 545 2881 jocunda
569 2843 708 2873 scribunt
731 2842 860 2882 antiquo
876 2850 963 2870 more

237 2896 273 2926 P.
291 2894 389 2924 Vind.
406 2894 447 2923 V.
472 2895 519 2925 ed.
546 2895 584 2925 O.
602 2901 636 2926 Δ.
655 2902 695 2926 Π,
712 2900 746 2927 Σ.
771 2901 802 2925 et
824 2894 877 2924 alii
899 2894 963 2924 for-

236 2954 315 2979 tasse
331 2957 448 2978 omnes.

1030 673 1110 704 Ibid.
1133 675 1253 704 vexari:
1283 673 1304 703 i.
1334 683 1360 702 e.
1384 673 1510 713 jactari
1538 672 1661 713 pelage,
1684 680 1716 704 et

986 729 1117 769 pulsari:
1136 729 1206 759 vide
1219 728 1258 759 ad
1273 729 1294 759 i.
1308 732 1379 760 276.
1397 728 1542 765 Ovidius,
1555 728 1641 768 epist.
1654 728 1715 759 xix.

991 784 1001 810 l
1012 784 1060 812 26.

1020 849 1061 873 An
1073 855 1151 877 mare,
1161 848 1194 872 ab
1206 847 1289 872 inviso
1301 847 1432 879 privignae
1443 848 1553 873 nomine
1565 849 1682 879 dictum,

1051 890 1132 911 Vexat
1142 887 1169 910 'm
1181 893 1337 917 aequoream
1349 894 1424 927 vers-a
1434 894 1551 913 noverca
1563 889 1659 913 deam?

993 944 1144 975 Conferas
1159 945 1295 974 eundem
1311 944 1351 974 ad
1365 950 1437 974 met.
1454 944 1494 975 xi.
1510 948 1583 976 455.
1620 946 1716 975 Anne

991 996 1064 1026 hinc
1089 996 1244 1036 Virgilius
1268 995 1468 1037 castigandus
1500 995 1566 1027 est?
1601 997 1675 1029 AEn.
1691 1007 1721 1028 v.

992 1052 1064 1080 469.

1307 1115 1344 1139 sic
1355 1115 1440 1140 densis
1452 1114 1540 1139 ictibus
1551 1115 1639 1146 heros,

1015 1154 1114 1179 Creber
1121 1154 1238 1186 utraque
1245 1161 1339 1184 manu,
1346 1154 1444 1186 pulsat,
1452 1158 1603 1186 vexatque,
1612 1156 1720 1180 Dareta.

990 1211 1111 1251 Vulgo,
1149 1218 1263 1242 versat:
1303 1211 1343 1241 de
1380 1221 1515 1251 quarum
1546 1210 1719 1242 dictionum

990 1265 1248 1303 commutatione,
1265 1265 1414 1295 Barthius
1429 1265 1468 1295 ad
1483 1265 1558 1295 Stat.
1575 1265 1675 1297 Theb.
1691 1276 1718 1295 v.

991 1321 1063 1348 612.
1086 1323 1346 1348 commentatores
1369 1317 1409 1347 ad
1438 1317 1551 1348 Catuli.
1575 1317 1647 1348 lxiv.
1664 1322 1716 1349 80.

994 1376 1025 1400 et
1046 1380 1125 1410 quos
1150 1370 1293 1399 nominat
1315 1369 1547 1399 eruditissimus
1572 1369 1719 1400 Draken-

994 1420 1150 1457 borchius‚
1177 1420 1218 1451 ad
1239 1421 1306 1452 Liv.
1322 1421 1354 1451 ii.
1372 1423 1424 1451 54.
1440 1424 1469 1451 5.
1492 1420 1633 1451 certatim
1648 1431 1721 1461 ege-

995 1480 1078 1503 runt.

998 1526 1110 1564 Porro,
1134 1525 1194 1555 nisi
1217 1525 1361 1555 animum
1384 1523 1525 1554 advertas
1551 1523 1590 1554 ad
1616 1534 1722 1555 meam

996 1579 1055 1609 loci
1087 1578 1256 1619 Virgiliani
1283 1577 1525 1615 distinctionem,
1553 1577 1723 1617 elegantias

995 1631 1063 1671 ejus
1078 1631 1261 1671 neutiquam
1277 1630 1454 1670 degustabis
1460 1642 1470 1667 ;
1494 1640 1569 1659 nam
1591 1640 1609 1659 a
1622 1630 1723 1660 creber

996 1684 1112 1725 pendet
1128 1699 1160 1715 ero
1176 1696 1279 1714 manu.
1327 1683 1429 1719 Idem,
1447 1683 1522 1713 AEn.
1538 1682 1557 1713 i.
1575 1685 1624 1713 85.

1027 1762 1089 1786 Una
1109 1764 1247 1793 Eurusque
1265 1763 1403 1792 Notusque
1414 1764 1508 1790 ruunt,
1525 1759 1663 1791 creberque
1679 1763 1724 1791 pro

1119 1801 1186 1826 cellis

1029 1842 1143 1867 Africus.

1044 1897 1125 1929 Ibid.
1137 1898 1279 1938 jocunda
1295 1899 1440 1937 voluptas.
1486 1894 1640 1934 Lucilius,
1659 1905 1727 1925 mo-

999 1953 1040 1984 do
1054 1959 1257 1990 memoratus,
1278 1963 1338 1982 ver.
1356 1955 1426 1982 247.
1451 1950 1591 1991 ejusdem
1616 1949 1728 1980 carmi-

999 2006 1059 2044 nis,
1075 2007 1156 2035 hanc
1171 2004 1363 2035 locutionem
1378 2009 1542 2034 mutuatus
1557 2008 1616 2032 est:

1031 2073 1091 2102 Sed,
1103 2071 1246 2096 manifesta
1258 2071 1327 2095 notis
1339 2070 1412 2095 certa
1424 2070 1563 2101 disponere
1573 2069 1635 2094 sede

1031 2112 1149 2143 Singula,
1161 2111 1252 2135 divina
1263 2114 1302 2135 est
1312 2110 1394 2134 animi
1406 2108 1561 2141 acjucunda
1571 2108 1704 2140 voluptas.

1044 2169 1118 2198 Ver.
1135 2171 1163 2199 5.
1188 2167 1389 2206 Tempestiva
1404 2172 1488 2203 sunt,
1500 2171 1534 2195 ut
1545 2176 1614 2206 quae
1629 2165 1728 2195 maxi-

1002 2230 1064 2257 me,
1097 2219 1236 2259 Appiani
1263 2219 1316 2248 illa
1346 2219 1378 2247 in
1400 2217 1551 2255 Punicis,
1578 2223 1648 2248 sect.
1678 2220 1729 2248 71.

1003 2271 1130 2302 laudata
1156 2272 1388 2309 Havercampo,
1412 2280 1514 2310 neque
1539 2269 1731 2308 voluptatem

1001 2323 1178 2364 legentibus
1194 2333 1256 2352 non
1270 2323 1402 2352 afferent
1412 2321 1462 2351 hic
1475 2321 1568 2350 etiam
1581 2321 1730 2350 exhibita:

1001 2379 1034 2407 ‘O
1049 2377 1075 2407 δε
1095 2381 1221 2407 Exta-am
1238 2378 1333 2406 εθεοιτο
1350 2388 1401 2407 ‹rm›
1416 2387 1522 2414 μαχην
1537 2373 1588 2413 αφ’
1613 2373 1731 2411 balva-Me,

1003 2433 1080 2460 καθα
1097 2443 1146 2471 περ
1163 2443 1193 2460 εκ
1210 2431 1330 2470 Seu-rpu-
1346 2435 1428 2468 ελεγε
1443 2441 1473 2458 τε
1487 2435 1635 2460 πολλακις
1650 2427 1732 2458 ὑστε-

1002 2495 1052 2523 ρον,
1070 2495 1163 2521 αγωσι
1180 2483 1345 2521 συνενῑχέεις
1370 2487 1520 2515 ammam,
1547 2491 1563 2509 κ
1588 2491 1659 2509 ποτε
1683 2477 1732 2508 ὦδε

1004 2533 1126 2565 ἡσθῆναι·
1168 2538 1252 2562 va
1278 2545 1346 2573 γαρ,
1379 2539 1442 2570 εφη,
1473 2529 1548 2560 verbs
1577 2543 1623 2560 τον
1654 2541 1732 2558 πονου

1006 2586 1163 2626 (laborem,
1187 2594 1248 2613 ver.
1273 2584 1317 2623 52.)
1344 2591 1470 2625 αφρονιτις
1499 2581 1570 2619 rbem,
1595 2579 1730 2621 μυριαδας

1005 2635 1103 2678 ανδρων
1118 2648 1246 2669 eumenes
1277 2648 1301 2669 ες
1327 2648 1433 2674 μαχκν
1461 2632 1565 2664 ἕνδεκα·
1594 2639 1676 2670 ελεγε
1701 2644 1732 2662 τε

1006 2700 1151 2726 vesanorum,
1170 2692 1226 2717 Avo
1240 2698 1290 2727 προ
1303 2698 1379 2716 αντε
1392 2699 1443 2717 την
1455 2686 1525 2715 Sem
1538 2696 1647 2714 ταυτην
1662 2681 1733 2719 ιδειν,

1008 2753 1031 2770 εν
1048 2753 1089 2779 τῳ
1106 2739 1218 2780 Τρωῖκῳ
1232 2745 1363 2777 πολεμῳ,
1381 2750 1426 2767 ταν
1443 2740 1499 2765 Δια
1514 2746 1575 2764 ατο
1594 2746 1643 2766 της
1659 2732 1733 2771 Ῑῧης,

1006 2804 1056 2821 και
1073 2804 1119 2820 τον
1136 2788 1295 2820 noo-§Qua
1319 2801 1350 2819 εκ
1377 2788 1575 2827 ἳαμσέρακης.
1620 2784 1662 2814 Et
1688 2790 1734 2814 est

1006 2841 1241 2872 narratiuncula
1255 2849 1329 2870 sane
1349 2837 1557 2877 undequaque
1579 2835 1732 2875 lepidissi-

1007 2904 1076 2930 ma;
1100 2899 1131 2922 et
1145 2893 1248 2927 heroa,
1265 2889 1411 2920 omnibus
1425 2889 1518 2918 rebus
1539 2886 1735 2918 excellentis-

1008 2945 1135 2979 simum,
1152 2942 1275 2983 egregie
1290 2940 1498 2972 commendat.
