1894 3253
646 277 892 326 LIBER
929 276 1235 327 PRIMUS.

1588 283 1681 327 ,121

210 413 293 453 670
326 411 490 462 Omnis,
517 420 557 453 et
577 426 628 453 ex
649 411 779 452 nihilo
799 411 900 452 fient
919 425 1223 467 quaequomque
1243 416 1445 451 creantur.

328 487 454 537 Nam,
477 487 797 543 quodquomque
823 487 904 527 suis
924 494 1128 526 mutatum
1149 485 1300 526 finibus
1321 485 1423 536 exit,

327 562 540 602 Continuo
560 561 640 602 hoc
660 576 772 602 mors
792 569 852 601 est
872 560 991 609 illius,
1025 560 1138 615 quod
1157 560 1234 601 fuit
1253 568 1362 600 ante:

325 635 508 676 Proinde
528 634 681 689 aliquid
701 649 895 689 superare
915 646 1078 674 necesse
1098 641 1158 674 est
1178 633 1381 675 incolome
1403 633 1506 685 ollis,

324 709 390 750 Ne
411 709 484 749 tibi
506 723 569 749 res
590 708 760 749 redeant
780 708 834 749 ad
854 707 1032 748 nihilum
1051 707 1236 748 funditus
1257 723 1414 760 omnes,

209 786 290 826 675
322 784 391 826 De
412 782 623 839 nihiloque
644 791 787 824 renata
806 783 978 824 virescat
999 783 1118 837 copia
1138 797 1290 824 rerum.

380 858 504 901 Nunc
524 859 666 915 igitur,
688 859 885 914 quoniam
909 858 1133 899 certissima
1152 872 1330 913 corpora
1350 857 1542 914 quaedam

218 1016 294 1046 Ver.
312 1018 383 1047 674.
408 1015 481 1045 Hoc
496 1025 587 1045 versu
602 1015 715 1045 Latine
730 1015 907 1046 redduntur

177 1067 308 1106 Epicuri
324 1068 415 1097 verba
431 1066 516 1106 apud
539 1067 634 1107 Diog.
650 1067 751 1098 La'e'rt.
768 1078 796 1098 x.
813 1071 908 1098 41.—

177 1133 277 1150 ‘roevroe
292 1119 318 1150 δε
337 1132 410 1150 εστιν
432 1133 532 1159 αντ-αμα
559 1134 609 1151 και
631 1127 905 1160 ΑΜΕΤΑΒΛΗΤΑ,

177 1177 216 1202 El
247 1177 325 1202 HEP
352 1178 407 1201 ΜΗ
432 1177 577 1202 ΜΕΛΛΕῙ
606 1179 741 1204 ΠΑΝΤΑ
769 1180 834 1205 ΕΙΣ
861 1181 906 1205 ΤΟ

177 1230 234 1254 ΜΗ
255 1230 306 1254 ΟΝ
331 1229 632 1254 ΦΘΑΡΗΣΕΣΘΑΙ.

219 1277 296 1307 Ver.
325 1280 396 1307 675.
429 1288 486 1316 qne
517 1277 602 1307 deest
631 1278 672 1307 V.
704 1278 903 1310 ed.—renata

174 1331 320 1361 virescat:
362 1329 398 1359 B.
429 1336 502 1359 nata
541 1333 901 1362 revirescat—virescat.-

178 1382 217 1412 G.
235 1381 271 1411 L.
289 1381 338 1411 M.
355 1383 481 1412 vivescnt
490 1396 500 1416 ‚·
527 1381 612 1412 unde
626 1393 691 1412 non
707 1383 789 1413 male
805 1390 905 1414 tentes

173 1435 314 1473 vigescat.
357 1433 380 1464 J
383 1443 530 1472 uvencus,
544 1444 653 1475 evang.
669 1435 739 1465 hist.
755 1436 786 1466 ii.
801 1440 873 1467 204.

174 1513 293 1545 Quisque
304 1513 386 1544 igitur
393 1513 474 1543 justae
487 1513 583 1545 repetit
592 1513 739 1544 primordia
750 1515 828 1545 vitae,

174 1554 252 1578 Hunc
263 1553 378 1578 similem
389 1552 559 1583 sanctiflatzls
570 1553 726 1585 revigescere
736 1560 842 1580 certum
854 1560 905 1581 est:

176 1623 228 1652 cui
250 1623 330 1652 bene
355 1622 529 1661 comparari
554 1629 655 1662 potest
680 1624 906 1656 LucretIanum

174 1673 255 1704 illud
280 1684 384 1713 supra,
411 1685 472 1705 ver.
492 1678 538 1704 ll.
562 1677 640 1715 viget
660 1687 739 1706 aura
763 1679 904 1709 Favonii.

173 1726 217 1758 In
247 1726 435 1767 quibusdam
469 1728 639 1766 presbyteri
677 1729 906 1768 exemplaribus

173 1779 369 1809 vitiosissime
399 1779 564 1809 excuditur
593 1782 776 1812 reviviscere.
843 1782 904 1812 Sed

173 1830 253 1860 nihil
268 1841 333 1860 esse
359 1831 392 1860 in
407 1832 502 1860 hocce
519 1831 591 1860 Cari
617 1831 687 1861 loco
713 1833 904 1870 novandum,

175 1881 216 1912 ad
237 1881 393 1922 liquidum
416 1882 596 1920 perducitur
618 1883 792 1914 imitatione
809 1885 903 1916 Clau-

174 1933 274 1971 diani,
290 1933 324 1962 in
341 1933 434 1964 Prob.
451 1940 481 1963 et
499 1933 591 1973 Olyb.
607 1945 690 1965 cons·
709 1939 756 1967 15.

205 2009 254 2032 Per
264 2006 347 2031 fasces
357 2010 535 2031 numerantur
551 2007 604 2037 avi,
615 2013 775 2039 semperque
785 2010 877 2034 renata

204 2047 348 2072 Nobilitate
359 2047 458 2071 virent.

172 2114 223 2144 Ibi
253 2113 373 2144 codices
396 2114 552 2152 nonnulli,
578 2117 695 2155 vt'gent5
719 2116 825 2146 minus
839 2117 901 2147 ele-

171 2170 292 2205 ganter,
328 2175 385 2195 nec
407 2166 556 2196 Lucretio
577 2167 706 2198 sinente.
754 2168 834 2199 Vide
860 2169 901 2199 ad

172 2228 232 2248 ver.
251 2222 321 2249 758.

216 2269 289 2300 Ver.
304 2273 376 2301 678.
398 2273 494 2308 abitu,
511 2279 582 2303 aut.-
608 2274 645 2303 B.
657 2275 774 2311 habitu,
790 2282 898 2316 atque.-

172 2328 203 2351 et
219 2321 298 2351 illud
312 2322 461 2353 ultimum
478 2335 542 2354 non
557 2325 716 2356 damnem.

217 2373 289 2403 Ver.
303 2377 373 2404 681.
385 2374 508 2414 referret
517 2391 526 2406 :
544 2383 584 2406 Π.
594 2377 880 2417 refert.——dccedere
889 2394 898 2410 :

171 2425 215 2454 ita
231 2425 280 2454 M.
296 2435 314 2454 a
329 2424 430 2463 prima
445 2436 554 2464 manu,
570 2428 623 2457 sed
642 2438 679 2458 ex
695 2430 885 2460 correctione
891 2443 900 2468 3

174 2475 269 2505 Vind.
296 2477 464 2513 discedere
497 2477 608 2518 reliqui
633 2489 752 2517 omnes,
781 2482 903 2511 descen-

173 2530 252 2558 dere.
298 2527 350 2558 De
375 2527 507 2558 lectione
533 2536 639 2559 autem
666 2532 755 2561 nobis
781 2532 903 2571 recepta

172 2591 238 2611 non
263 2580 385 2610 videtur
406 2581 493 2611 locus
515 2583 703 2623 ambigendi.
749 2585 823 2614 Non
841 2585 903 2615 alio

171 2631 267 2663 modo
283 2639 386 2663 noster
400 2633 523 2663 locutus
538 2640 583 2664 est
599 2635 638 2664 ad
654 2635 685 2665 ii.
702 2639 774 2667 961.

173 2700 272 2731 Quam,
284 2707 338 2731 quo
350 2701 492 2726 decursum
505 2710 588 2734 prope
597 2704 652 2734 jam
664 2704 723 2734 siet,
734 2704 770 2728 ire
781 2708 809 2729 et
819 2704 901 2730 abire?

172 2765 272 2802 Hinc,
289 2767 410 2806 opinor,
431 2767 608 2805 Suetonius,
624 2773 659 2798 ut
674 2767 726 2797 alii
742 2768 834 2798 multi
849 2780 900 2799 ve·

171 2821 274 2847 terum
289 2817 321 2847 in
337 2818 447 2849 iisdem
460 2818 656 2855 dictionibus,
675 2820 901 2858 emendandus,

169 2867 206 2897 'in
224 2868 361 2908 Othone,
378 2877 449 2901 sect.
467 2875 586 2901 ll.—“
602 2882 664 2909 cos,
681 2872 734 2912 qm·
749 2873 901 2903 discedere

173 2921 196 2936 “
213 2925 244 2948 et
261 2921 345 2952 abire
367 2923 615 2961 coeptabant—2⁵
662 2923 789 2960 Malim,
815 2926 899 2954 dece-

172 2970 259 3002 dere:
295 2981 381 3011 nam,
409 2973 481 3004 licet
509 2974 649 3005 confiteri
675 2975 734 3005 sim
765 2981 898 3015 paratus,

951 1013 1101 1044 utramvis
1116 1013 1287 1044 dictionem
1303 1024 1384 1053 saepe
1399 1013 1621 1052 indifferenter,
1646 1022 1681 1046 ut

951 1066 1087 1096 fortassis
1117 1066 1150 1095 in
1176 1066 1235 1096 hoc
1265 1065 1360 1095 etiam
1399 1076 1499 1104 versu,
1538 1067 1681 1106 usurpari

951 1128 1050 1156 posse,
1074 1118 1362 1148 naturaliorisesse
1385 1118 1461 1148 usfis
1487 1132 1520 1149 το
1538 1121 1682 1150 decedere

951 1169 984 1198 in
1004 1169 1180 1199 istiusmodi
1206 1168 1283 1198 locis
1305 1169 1438 1199 libenter
1460 1169 1678 1209 judicaverim.

952 1219 985 1249 Si
1000 1219 1063 1249 duo
1084 1219 1229 1249 homines
1251 1219 1383 1249 domum
1408 1219 1561 1259 linquant,
1587 1223 1682 1259 probe

952 1271 1066 1301 dixeris
1081 1281 1134 1301 eos
1147 1273 1290 1302 decedere
1295 1286 1306 1306 ;
1332 1272 1356 1301 si
1372 1271 1450 1301 alter
1464 1272 1610 1310 alterum,
1634 1273 1684 1303 di-

949 1332 1034 1352 versa
1049 1322 1160 1352 itinera
1180 1328 1350 1362 carpentes,
1377 1323 1552 1353 accuratius
1567 1324 1683 1355 dixeris

949 1383 1002 1403 eos
1025 1376 1189 1412 discedere,
1215 1373 1327 1404 mutua
1351 1374 1467 1405 scilicet
1490 1376 1683 1415 separatione

950 1424 1043 1455 facta.
1089 1427 1221 1456 Decede't
1236 1432 1328 1463 terra,
1351 1436 1436 1462 cum,
1460 1427 1531 1456 navi
1548 1427 1581 1457 in
1596 1427 1682 1466 pela-

950 1486 1010 1517 gus
1023 1477 1179 1516 provecta,
1193 1488 1230 1507 ex
1247 1478 1347 1508 oculis
1359 1484 1536 1517 evanescat;
1551 1482 1680 1511 discedit

949 1534 1042 1566 terra,
1068 1539 1142 1559 cum
1165 1528 1283 1559 diffissa
1308 1530 1342 1559 in
1369 1530 1491 1560 hiatum
1517 1532 1682 1570 aperiatur.

950 1579 1115 1610 Homerus
1146 1580 1291 1610 adveniet
1327 1587 1533 1620 opportunus,
1572 1583 1611 1612 Il.
1642 1590 1680 1613 A.

949 1634 1021 1663 550.
1046 1638 1077 1662 et
1101 1632 1311 1662 differentiam
1333 1633 1570 1673 significationis
1592 1634 1681 1664 iniis

949 1684 1060 1722 verbis,
1087 1684 1127 1714 de
1141 1684 1256 1724 quibus
1277 1684 1464 1723 disputatur,
1491 1685 1580 1715 nobis
1595 1695 1680 1715 com-

948 1735 1129 1765 modissime
1147 1735 1288 1765 definiet:

949 1811 996 1833 Τω
1008 1807 1042 1839 γ’,
1057 1809 1088 1836 ὡς
1101 1810 1264 1840 flazano-weg
1282 1809 1504 1834 AIETMAI'EN·
1513 1809 1527 1836 ἦ
1541 1818 1586 1842 μεν
1598 1818 1682 1836 §trava

949 1857 990 1883 Εις
1002 1856 1060 1881 ἀλα
1073 1860 1139 1881 alvo
1151 1855 1253 1887 βαθειαν
1265 1855 1310 1881 oerr'
1324 1860 1467 1886 αιγληεντος
1479 1858 1600 1890 Ολυμπε,

949 1905 1006 1931 Ζευς
1019 1903 1043 1928 δε
1053 1902 1086 1929 {ou
1099 1914 1154 1938 ετρος
1167 1903 1251 1937 Bataua,

952 1970 1130 2006 Διετμαιγεν·
1161 1965 1388 2008 διεχωρισθκσαν·
1412 1966 1508 1996 schol.
1538 1968 1679 1998 discesse-

950 2024 1033 2048 runt.
1084 2016 1176 2047 Idem
1190 2017 1264 2048 ibid.
1281 2028 1341 2048 ver.
1357 2021 1429 2048 428.

1022 2089 1072 2118 Ὠς
1086 2100 1139 2125 σιροι
1149 2089 1274 2124 φωνησαισ’
1288 2090 1522 2116 ΑΠΕΒΗΣΑΤο”

944 2154 1089 2186 Aoi-nmer-
1112 2152 1206 2183 schol.
1230 2155 1364 2183 decessit.
1400 2151 1483 2181 Vide
1499 2152 1677 2190 Davisium,

946 2204 986 2234 ad
1002 2205 1125 2235 Minue.
1141 2206 1167 2235 F
1168 2204 1206 2235 ei.
1221 2208 1246 2235 1.
1263 2205 1302 2234 de
1316 2204 1365 2234 his
1380 2204 1569 2234 dicti0nibus
1583 2205 1680 2243 probe

946 2256 1121 2287 docentem.
1168 2257 1209 2286 In
1225 2257 1376 2297 glossario
1391 2261 1492 2286 vetere
1507 2266 1564 2294 pro
1585 2266 1677 2295 syno-

945 2310 1049 2349 nymis
1073 2311 1229 2339 habentur
1254 2311 1372 2340 discedo
1403 2319 1439 2339 ac
1454 2311 1580 2339 decedo:
1608 2309 1678 2338 crisi

945 2361 1030 2391 haud
1052 2361 1146 2391 dubie
1168 2362 1275 2391 minus
1302 2361 1454 2391 accurata.
1501 2360 1608 2390 Ovidii
1630 2360 1676 2390 lo-

945 2423 999 2443 cus
1015 2420 1071 2451 est,
1095 2414 1149 2443 ubi
1165 2414 1307 2444 confusio
1325 2412 1549 2452 particularum
1571 2414 1619 2442 dis
1642 2423 1678 2442 ac

946 2467 983 2496 de
1008 2476 1158 2505 magnam
1183 2466 1352 2505 caliginem
1377 2465 1450 2494 viris
1475 2464 1574 2494 doctis
1596 2463 1677 2494 offu-

947 2515 1045 2554 derat,
1069 2522 1099 2546 et
1114 2516 1256 2546 lectionis
1269 2516 1501 2546 vitiosissimam
1518 2521 1679 2554 pepererat

945 2567 1170 2598 diversitatem:
1197 2574 1238 2605 et,
1261 2578 1360 2608 quum
1376 2566 1569 2596 illustrandis
1583 2577 1677 2605 supra

946 2618 1036 2648 dictis
1070 2619 1227 2654 inserviat,
1271 2629 1376 2648 coram
1413 2618 1520 2648 lectori
1558 2618 1676 2654 sistam,

945 2672 1087 2711 quamvis
1111 2672 1179 2711 jam
1208 2671 1331 2700 videam
1361 2677 1392 2701 et
1423 2670 1676 2701 emendationem

945 2728 976 2751 et
1002 2723 1289 2762 interpretationem
1313 2732 1379 2752 esse
1395 2723 1582 2753 Burmanno
1597 2733 1675 2763 prae-

946 2780 1122 2812 occupatas,
1146 2784 1242 2804 amor.
1259 2774 1291 2804 ii.
1310 2777 1358 2804 15.
1378 2779 1406 2805 9.

993 2832 1107 2863 Quaque
1118 2831 1188 2856 celer
1199 2832 1282 2862 Nilus,
1292 2832 1347 2857 lato
1357 2832 1470 2865 dilapsus
1481 2833 1513 2857 ab
1525 2833 1613 2864 alveo,

1024 2875 1070 2897 Per
1079 2876 1183 2903 septem
1195 2876 1285 2904 portas
1295 2873 1322 2897 in
1331 2874 1411 2898 maris
1421 2874 1481 2898 exit
1491 2881 1589 2905 aquas:

945 2922 964 2952 i.
986 2933 1011 2952 e.
1037 2925 1058 2939 “
1074 2932 1116 2957 se,
1144 2921 1221 2952 dum
1237 2922 1362 2961 labitur,
1378 2924 1416 2954 ab
1431 2934 1496 2953 uno
1511 2923 1574 2953 lato
1589 2922 1677 2952 alveo

946 2977 968 2992 “
985 2974 1017 3004 in
1033 2979 1149 3013 septem
1166 2974 1304 3005 minores
1314 2974 1495 3006 dividens:''
1519 2974 1567 3005 uti
1581 2972 1675 3004 veris·

892 3034 946 3065 12
