1894 3253
538 288 774 337 LIBER
825 287 1239 338 SECUNDUS.
1545 302 1631 341 3531

288 423 402 466 Scire
421 423 528 474 licet,
561 423 650 464 sine
670 436 720 463 eo
740 420 830 462 fieri
851 434 936 461 non
956 436 1076 476 posse
1094 422 1338 478 putandum.

284 497 355 549 Et,
390 499 584 555 quoniam
605 497 738 554 plagae
760 494 971 552 quoddam
989 511 1120 553 genus
1140 498 1294 553 excipit
1314 499 1358 539 in
1378 513 1420 540 se

137 662 219 691 mus,
230 659 266 683 ut
275 653 322 684 vel
332 654 525 694 iniquissima
535 654 699 685 morositas
708 653 866 684 rationum

136 705 324 744 ponderibus
350 706 471 736 devinci
497 713 611 746 posset:
646 706 724 737 nihil
746 707 866 737 interea

134 756 321 795 dubitantes,
344 757 467 788 futuros
487 769 552 788 esse
573 758 621 789 vel
643 758 698 796 sic,
720 758 775 799 qui
790 768 864 788 con-

129 808 283 848 jecturam
308 815 446 839 nostram
483 810 590 840 sannis
620 815 651 839 et
680 809 864 840 criminibus

133 860 324 900 exciperent:
360 871 433 891 cum
459 862 542 892 ecce!
568 868 637 901 post
662 860 863 892 intervallum

132 913 290 952 temporis,
313 913 482 943 incidimus
506 914 540 944 in
567 914 675 944 Sereni
700 914 860 944 Samonici

130 963 248 1002 locum,
272 964 430 995 silentium
446 966 539 996 etiam
564 967 701 996 maxime
723 967 859 1005 pervica-

130 1016 216 1047 cibus
227 1017 388 1057 imponere
399 1018 571 1055 valentem3
595 1024 625 1048 et
636 1019 859 1057 vituperatores

130 1076 251 1101 nostros
266 1071 452 1102 deridendos
464 1073 568 1112 potius
578 1072 746 1108 facturum,
763 1083 859 1113 quam

128 1122 286 1154 derisores.
334 1124 393 1155 Ille
409 1125 547 1164 scriptor,
570 1125 624 1166 qui
641 1125 722 1155 circa
737 1136 858 1155 annum

130 1178 200 1205 240.
225 1181 293 1214 post
310 1176 472 1207 Christum
487 1176 603 1214 floruit,
626 1176 858 1215 exemplaribus

127 1226 265 1257 Lucretii
281 1227 365 1258 haud
382 1228 487 1267 paullo
502 1228 720 1258 sincerioribus
735 1228 858 1258 videtur

127 1290 218 1318 usus;
242 1287 273 1312 et
299 1282 339 1312 ad
362 1283 418 1312 hos
443 1282 614 1321 ipsissimos
639 1292 756 1319 versus,
779 1292 856 1321 quos

126 1337 307 1372 tractamus,
329 1334 581 1364 manifestissime
606 1333 761 1370 alludens,
784 1343 856 1363 nos-

124 1389 206 1414 tram
236 1385 486 1415 emendationem
518 1390 606 1415 extra
635 1385 856 1415 controversia-

125 1446 198 1466 rum
213 1436 291 1466 fines
305 1437 418 1476 posuit,
442 1437 483 1467 ad
505 1448 565 1467 ver.
591 1440 662 1469 952.
686 1437 724 1467 de
748 1437 856 1467 Medi-

125 1488 207 1526 cina,
230 1489 285 1519 ubi
302 1490 526 1520 Burmannum
541 1489 658 1519 videas:

156 1550 286 1574 Cur-alium
297 1554 379 1582 atque
390 1558 502 1576 crocum
513 1552 587 1577 corio
599 1553 755 1578 connectito
766 1552 838 1579 felis:

157 1590 287 1614 curalium
298 1597 362 1615 vero
373 1591 394 1615 si
403 1591 463 1615 collo
474 1595 584 1616 nectere
594 1592 684 1622 velles,

155 1630 194 1653 Ne
205 1629 311 1654 dubites
321 1630 358 1654 illi
369 1629 470 1654 virides
481 1631 582 1655 miscere
592 1632 749 1664 smaragdos.

168 1688 251 1720 Ibid.
275 1694 459 1731 smaragdos.
497 1693 636 1723 Valeant
650 1705 706 1733 per
719 1705 782 1733 me,
798 1696 852 1736 qui

124 1740 231 1771 oleum
252 1741 364 1772 addere
387 1743 511 1774 camino
526 1745 635 1783 velint,
659 1752 691 1776 et
704 1757 853 1778 numeros

125 1792 197 1822 satis
227 1793 378 1832 horridos,
409 1795 463 1824 sed
490 1805 528 1826 ex
559 1797 741 1828 necessitate
770 1799 852 1829 vocis

124 1852 242 1884 tamen,
265 1848 368 1887 magis
392 1848 569 1879 horrificare
594 1850 750 1889 studeant,
781 1853 852 1882 scri-

125 1897 227 1928 bendo
241 1901 430 1938 zmaragdos.
477 1900 558 1939 Sane
580 1902 751 1933 rationibus
770 1904 855 1934 haud

125 1949 245 1980 idoneis
260 1950 349 1980 nixos
361 1961 425 1981 esse
435 1951 556 1991 judico,
569 1963 643 1983 cum
661 1954 764 1985 Graeci
777 1969 854 1995 αμα.

124 2001 226 2043 ραγδος
243 2001 395 2040 d1xerint;
419 2009 450 2033 et
465 2011 590 2044 egomet
612 2005 716 2044 potius
731 2006 764 2036 in
780 2017 854 2037 con-

124 2055 256 2086 trarium
270 2057 405 2095 ivissem,
429 2069 443 2088 s
464 2058 667 2098 detrahendo,
691 2066 727 2091 ut
740 2062 855 2092 teneris

123 2108 272 2138 auriculis
287 2110 493 2148 consulerem,
510 2117 604 2152 atque
615 2113 778 2144 scribendo
787 2126 853 2145 ma-

123 2161 245 2200 ragdis:
271 2160 341 2190 vide
369 2161 441 2191 Silv.
474 2162 550 2193 Crit.
574 2174 690 2202 meam,
714 2165 733 2195 i.
757 2176 786 2204 p.
801 2170 852 2197 60.

126 2210 188 2241 Sed
202 2211 279 2241 nihil
295 2218 411 2244 temere
424 2215 605 2245 novandum
620 2223 685 2254 est;
700 2224 732 2247 et
746 2228 803 2248 nos
813 2219 853 2249 de

125 2262 183 2291 hac
197 2272 230 2291 re
245 2276 292 2294 συν
310 2270 373 2304 Θιῳ
394 2265 535 2304 pluribus
550 2267 636 2298 alias.
683 2269 851 2307 Caeterum,

125 2312 342 2350 praevalentem
361 2315 450 2346 codd.
475 2318 573 2348 MSS.
598 2321 852 2361 orthographiam

126 2373 200 2393 cum
232 2376 260 2402 z,
291 2366 441 2397 hebetiori
470 2370 647 2401 mediorum
676 2373 853 2404 seculorum

126 2416 389 2454 pronunciationi‚
413 2428 524 2458 neque,
547 2426 584 2450 ut
597 2421 643 2459 fit,
665 2433 721 2461 per
731 2434 853 2463 expres-

127 2476 194 2495 sam
210 2466 283 2496 satis
299 2468 445 2498 omnium
458 2470 620 2501 literarum
635 2475 854 2513 proprietatem

127 2517 281 2554 exhibitae,
305 2518 522 2558 imputandam
544 2522 684 2555 dixerim.
729 2526 853 2558 Volun-

126 2570 225 2600 tarius
240 2571 370 2609 pedibus
385 2573 467 2603 eoin
484 2577 670 2607 sententiam
686 2579 852 2620 Prisciani,

126 2621 177 2652 lib.
193 2622 214 2653 i.
231 2625 288 2653 sub
304 2623 413 2655 finem:
449 2630 472 2644 “
489 2627 530 2657 In
556 2629 790 2663 semivocalibus
811 2634 852 2663 si-

126 2676 150 2691 “
167 2674 283 2705 militer
294 2682 367 2706 sunt
382 2676 450 2706 aliae
462 2680 662 2718 praepositivae
677 2683 746 2714 aliis
760 2685 852 2715 semi-

127 2726 151 2742 “
166 2725 323 2757 vocalibus
343 2727 376 2757 in
402 2728 514 2759 ezidem
538 2730 671 2771 syllab53
693 2741 729 2764 ut
750 2747 781 2766 m
804 2747 851 2766 se-

130 2777 154 2793 “
169 2783 283 2816 quente
297 2789 329 2815 η,
346 2784 382 2808 ut
395 2780 591 2820 Mnestheus,
607 2785 717 2816 amnis.
740 2789 763 2817 S
774 2797 851 2827 quo-

128 2829 151 2844 “
167 2837 227 2867 que
248 2837 395 2871 sequente
415 2844 444 2862 m
453 2848 463 2867 ‚-
490 2840 525 2863 ut
552 2835 695 2876 Smyrna,
715 2849 853 2879 smarag-

129 2881 153 2896 “
168 2881 242 2910 dus:
267 2893 342 2913 nam
368 2885 482 2915 vitium
507 2886 639 2926 faciunt,
667 2890 721 2930 qui
743 2902 759 2920 z
781 2897 854 2922 ante

131 2933 153 2948 “
169 2942 198 2960 m
213 2933 364 2966 scribunt:
389 2947 552 2979 nunquam
575 2940 660 2971 enim
682 2942 798 2982 duplex
820 2944 854 2974 in

139 2983 159 2998 ‘¹
170 2983 269 3022 capite
298 2986 421 3026 syllabae
447 2997 547 3030 potest
571 3003 645 3024 cum
673 2994 736 3026 alia
760 2995 854 3037 jungi

911 656 933 671 “
948 659 1148 684 consonante.
1171 654 1321 685 Lucanus
1329 665 1454 696 quoque
1465 657 1523 687 hoc
1533 663 1635 688 osten-

910 707 933 722 “
949 704 1005 741 dit,
1028 705 1062 735 in
1077 716 1106 736 x.
1126 709 1194 737 121.

940 782 959 796 “
969 783 1059 814 Terga
1068 782 1173 815 sedent,
1190 783 1285 809 crebro
1301 784 1420 809 maculas
1431 785 1558 810 distincta
1568 793 1635 811 sma-

1014 821 1091 854 ragdo
1099 831 1108 847 :

908 891 930 906 “
946 899 1021 918 nam
1037 889 1063 919 si
1078 895 1158 920 esset
1171 901 1188 920 z
1203 896 1275 921 ante
1289 902 1330 927 m,
1354 891 1493 922 subtrahi
1516 892 1549 922 in
1563 903 1631 924 me-

904 942 926 957 “
943 945 991 970 tro
1005 941 1138 972 minime
1159 948 1272 981 posset,
1296 953 1353 973 nec
1369 949 1463 974 staret
1477 954 1598 983 versus;
1621 957 1635 976 s

904 994 924 1008 “
940 991 1026 1021 enim
1049 993 1083 1022 in
1113 999 1213 1024 metro
1236 1004 1318 1034 saepe
1342 994 1409 1024 vim
1433 996 1634 1026 consonantis

904 1045 926 1060 ‘⁴
944 1043 1092 1074 amittit.'’

903 1093 1013 1131 Porro,
1036 1098 1147 1127 virides
1162 1100 1340 1137 smaragdos
1363 1108 1382 1127 a
1397 1105 1503 1129 nostro
1519 1100 1632 1131 Tibul-

901 1144 950 1176 lus
965 1147 1108 1186 sumpsit,
1131 1148 1162 1178 ii.
1187 1152 1215 1179 4.
1240 1152 1289 1180 27.
1315 1149 1370 1180 ubi
1394 1150 1484 1189 plura
1508 1153 1632 1182 Brouk-

901 1197 1026 1235 husius;
1048 1199 1102 1229 sed
1117 1201 1184 1230 haec
1207 1207 1281 1230 sunt
1295 1201 1439 1232 trivialia.
1487 1203 1527 1233 In
1543 1214 1633 1235 versu

900 1256 1059 1289 sequente,
1082 1262 1139 1289 que
1155 1257 1186 1280 et
1200 1258 1242 1282 est
1258 1253 1372 1282 absunt
1386 1253 1486 1283 codici
1502 1261 1544 1285 Π.

945 1299 1020 1332 Ver.
1039 1303 1110 1331 806.
1137 1303 1276 1332 obversa.-
1303 1302 1322 1333 i.
1339 1313 1366 1333 e.
1388 1302 1461 1339 luci,
1482 1305 1532 1334 vel
1558 1306 1631 1344 soli;

900 1350 985 1381 unde
1001 1352 1155 1391 Avienus,
1178 1354 1239 1384 fab.
1266 1364 1314 1384 xv.
1342 1358 1370 1385 8.
1393 1355 1483 1386 nullo
1505 1358 1633 1398 negotio

899 1403 1068 1434 emaculari
1083 1410 1195 1444 potest,
1218 1405 1257 1435 de
1266 1417 1386 1445 pavone
1401 1406 1548 1448 loquens:

930 1487 974 1515 Et,
990 1486 1069 1510 simul
1081 1490 1180 1512 erectae
1193 1488 1363 1513 circumdans
1373 1490 1496 1521 tegmina
1507 1493 1617 1523 caudae,

963 1528 1097 1557 Sparserat
1108 1533 1249 1557 arcanum,
1266 1535 1361 1553 versus
1371 1529 1398 1553 in
1410 1533 1490 1560 astra,
1504 1531 1598 1562 jubar:

900 1596 919 1626 i.
936 1608 961 1627 e.
986 1601 1007 1615 “
1024 1609 1056 1628 se
1070 1605 1192 1629 vertens
1204 1599 1239 1629 in
1256 1599 1353 1629 solem
1361 1599 1392 1637 ;”
1416 1607 1452 1630 ut
1477 1601 1526 1630 vel
1541 1602 1631 1632 vitio.

900 1660 967 1678 sam
993 1649 1161 1681 lectionem
1184 1662 1291 1682 rursus
1318 1651 1494 1692 significare
1519 1653 1631 1685 debere

894 1701 1025 1740 pulchre
1047 1702 1126 1732 vidit
1150 1703 1407 1742 Cannegieterus,
1430 1704 1486 1744 qui
1511 1705 1630 1735 adeun-

895 1754 963 1786 dus·
1006 1756 1130 1796 Stylum
1144 1762 1349 1786 correctorem
1364 1756 1397 1786 in
1414 1764 1630 1796 opportunum

901 1808 1030 1847 Apuleii
1049 1809 1156 1839 locum
1180 1819 1265 1839 nunc
1288 1809 1424 1847 mittam,
1447 1815 1521 1840 met.
1544 1810 1577 1841 ii.
1599 1822 1631 1850 p.

902 1864 971 1892 109.
995 1864 1017 1879 “
1035 1861 1131 1897 Quid,
1155 1871 1255 1902 quum
1278 1861 1400 1900 capillis
1421 1861 1508 1892 color
1521 1868 1631 1902 gratus

898 1915 969 1941 “et
998 1912 1081 1942 nitor
1106 1912 1289 1952 splendidus
1316 1912 1438 1950 illucet;
1470 1919 1501 1943 et
1522 1920 1630 1945 contra

900 1966 922 1981 “
939 1963 1013 1993 solis
1027 1963 1127 1994 aciem
1139 1963 1188 1994 vel
1199 1970 1327 2004 vegetus
1338 1963 1490 2004 fulgurat,
1503 1965 1551 1994 vel
1563 1965 1632 2004 pla-

899 2018 922 2034 “
937 2016 1025 2046 cidus
1046 2016 1181 2054 renidet,
1204 2022 1260 2046 aut
1284 2016 1317 2045 in
1343 2017 1533 2046 contrarium
1557 2027 1628 2057 gra-

900 2070 922 2085 “
938 2067 1015 2097 tiam
1031 2067 1128 2097 variat
1143 2066 1350 2107 adspectus?''
1377 2066 1411 2108 (i.
1427 2077 1453 2096 e.
1480 2066 1558 2097 dum
1574 2070 1629 2099 ob-

897 2124 1047 2157 versatur,
1071 2118 1111 2148 ad
1126 2118 1281 2159 angulum
1305 2118 1463 2148 diversum
1484 2120 1627 2150 observa-

897 2172 976 2211 tus.)
1023 2175 1046 2190 “
1062 2171 1106 2201 Et
1120 2182 1216 2209 nunc,
1244 2177 1280 2201 ut
1295 2182 1421 2207 aurum,
1449 2182 1628 2210 coruscans,

898 2222 970 2252 “in
996 2222 1098 2253 levem
1129 2223 1232 2253 mellis
1255 2222 1443 2261 deprimitur
1470 2224 1626 2259 umbram,

897 2278 919 2292 “
938 2285 1025 2304 nunc
1040 2273 1165 2305 corvina
1180 2273 1345 2314 nigredine
1360 2272 1491 2303 caerulos
1504 2273 1522 2284 ’²
1552 2273 1585 2315 (i.
1601 2285 1628 2304 c.

897 2326 1024 2366 virides)
1036 2330 1057 2344 “
1064 2326 1280 2357 columbarum
1291 2325 1364 2356 colli
1374 2324 1519 2356 flosculos
1528 2336 1628 2355 aemu·

898 2382 920 2396 ‘⁴
936 2378 1034 2415 latur3
1050 2377 1099 2407 vel
1109 2388 1218 2418 quum,
1235 2377 1332 2418 guttis
1347 2376 1493 2407 Arabicis
1508 2378 1626 2407 obunc-

900 2433 922 2448 “
938 2436 998 2466 tus,
1021 2436 1052 2460 et
1066 2430 1198 2469 pectinis
1212 2431 1338 2470 angusti
1351 2429 1445 2459 dente
1460 2429 1549 2459 tenui
1564 2429 1625 2459 dis-

899 2484 921 2500 “
937 2481 1133 2519 criminatus,
1165 2486 1196 2511 et
1225 2491 1308 2520 pone
1336 2491 1461 2510 versum
1491 2486 1626 2516 coactus,

899 2536 920 2550 “
935 2532 1126 2563 amatoribus
1149 2532 1248 2563 oculis
1270 2542 1444 2567 occurrens,
1468 2531 1507 2561 ad
1529 2531 1628 2561 instar

899 2588 920 2602 “
935 2583 1063 2623 speculi,
1089 2583 1192 2614 reddit
1217 2583 1388 2624 imaginem
1411 2582 1623 2623 gratiorem?'’

897 2637 1018 2677 Vulgo,
1041 2637 1604 2675 contrariam—adspecttam—arguti
1612 2649 1621 2665 .-

897 2689 951 2720 sed
965 2690 1071 2720 locum
1086 2688 1243 2729 perlegas;
1266 2698 1341 2718 nam
1357 2687 1396 2717 de
1413 2689 1537 2717 textorio
1553 2698 1625 2726 pec-

895 2743 959 2772 tine
985 2751 1050 2770 non
1073 2741 1184 2780 agitur.
1230 2739 1307 2769 Vim
1334 2738 1481 2768 dictionis
1505 2738 1623 2768 Lucre·

896 2793 989 2822 tianae
1014 2794 1132 2823 obversa
1160 2792 1273 2822 Sextus
1298 2790 1489 2830 Empiricus,
1512 2790 1532 2820 i.
1552 2794 1623 2820 121.

896 2845 939 2874 ita
961 2843 1087 2873 extulit:
1121 2849 1176 2874 Κειι
1202 2844 1227 2874 οἱ
1250 2850 1397 2884 τραχηλοι
1418 2842 1445 2873 δε
1469 2856 1524 2873 «των
1550 2855 1623 2881 περι-

898 2909 997 2937 στερων
1013 2908 1092 2937 παρα
1109 2909 1162 2930 τοις
1183 2895 1310 2938 διαφορες
1328 2899 1568 2926 ΕΠΙΚΛΙΣΕΙΣ
1585 2893 1624 2923 δι-

897 2955 991 2988 αφοροι
1007 2955 1150 2987 φαινονται
1166 2961 1249 2978 κατα
1263 2961 1380 2988 χρωμα-

941 2997 1014 3030 Ver.
1026 3002 1096 3030 807.
1113 3001 1205 3035 Ωιιεί.·
1225 2999 1266 3029 V.
1278 2998 1326 3030 ed.
1343 3001 1436 3034 Quoe‚·
1455 3006 1519 3026 non
1530 2993 1622 3029 male,

832 3058 905 3090 ΥΞ
