1894 3253
634 261 870 310 LIBER
917 257 1228 309 PRIMUS.

1629 260 1691 302 59

331 396 447 438 Hinc
466 396 579 437 laetas
599 395 736 436 urbeis
756 392 930 450 puerum
950 392 1099 433 florere
1119 392 1320 441 videmus,

330 469 675 526 Frundiferasque
695 469 812 510 novis
833 468 975 508 avibus
996 481 1143 508 canere
1164 466 1346 521 undique
1365 462 1509 520 sylvas:

329 544 463 596 Hinc,
484 544 599 585 fessae
619 542 812 599 pecudes,
835 542 1010 598 pingues
1030 555 1104 595 per
1125 540 1276 595 pabula
1294 539 1405 589 laeta,

185 701 274 732 Hinc
287 701 383 740 probe
408 697 619 738 interpreteris
634 696 820 737 Virgilium,
846 705 917 736 geo.

188 753 219 784 ii.
245 755 319 783 ¹211.

215 813 252 838 At
262 811 333 837 rudis
344 811 436 836 enituit
447 810 551 842 inpulso
565 815 677 834 vomere
687 815 813 840 campus:

183 863 202 894 i.
227 873 252 894 e.
283 862 375 893 hilari
404 862 485 892 ridet
509 861 858 900 fecunditate——puram
881 870 919 890 ex

181 915 306 946 cultura
348 916 484 955 speciem
520 914 673 945 induitur.
744 912 918 951 Ausonius,

186 968 312 999 Mosen.
335 971 404 1000 158.

409 1028 572 1060 proprioque
583 1027 663 1051 nitent
675 1028 791 1058 Pangaea
803 1028 885 1058 Lyaeo.

188 1079 228 1110 A.
247 1078 382 1117 Gellius,
405 1079 456 1109 xii.
477 1083 502 1109 l.
533 1082 556 1096 “
573 1080 623 1108 Ac
647 1088 728 1117 saepe
747 1076 850 1107 videas
866 1089 918 1107 ar-

185 1134 207 1148 “
223 1132 321 1162 bor-em
337 1133 439 1162 loetam
457 1136 488 1160 et
508 1132 667 1167 nitentem,
691 1129 724 1158 in
740 1129 846 1158 locum
861 1128 918 1158 ali-

185 1184 208 1199 “
225 1192 282 1212 um
297 1182 529 1221 transpositam,
552 1180 715 1211 deterioris
736 1186 826 1209 terrae
844 1190 919 1209 suco

187 1235 208 1250 “
225 1232 416 1272 deperisse:'’
440 1238 476 1262 ut
498 1234 585 1263 laetas
607 1237 729 1271 segetes,
746 1231 836 1272 Virg.
852 1241 920 1271 geo.

186 1284 207 1314 i.
225 1288 250 1315 l.

187 1337 358 1375 Caeterum,
386 1337 526 1367 numeris
549 1338 701 1367 horumce
723 1337 919 1368 dulcissimo-

184 1400 258 1420 rum
287 1400 434 1420 versuum
461 1391 626 1421 concinere
651 1401 724 1421 suos
752 1391 851 1422 voluit
880 1392 921 1422 ad

183 1453 312 1473 omnem
328 1442 501 1473 clausulam
528 1443 581 1473 ille
603 1443 688 1473 idem
708 1454 856 1475 summus
871 1455 919 1475 ar-

185 1494 261 1524 tifex
287 1493 542 1525 modulationum
556 1495 762 1534 po'eticarum,
786 1497 839 1537 qui
855 1497 922 1527 Lu-

185 1550 273 1581 cretii
282 1550 430 1580 volumen
446 1561 568 1590 semper
576 1553 709 1582 habebat
725 1552 922 1591 replicatum,

186 1607 217 1632 et
232 1602 377 1633 indefessi
392 1603 475 1633 oculi
493 1604 736 1635 scrutationibus
750 1604 919 1643 perlustra-

186 1655 251 1691 bat,
267 1654 307 1684 ad
322 1654 377 1685 ecl.
390 1665 419 1685 X.
436 1658 489 1686 55.
505 1656 647 1696 quamvis
661 1666 831 1686 commune
842 1657 922 1686 nihil

186 1707 312 1747 utrique
327 1706 396 1738 loco
410 1718 484 1738 cum
500 1707 656 1738 sententia¹
670 1708 805 1738 vicissim
825 1709 920 1739 inter-

190 1758 327 1789 cederet:

352 1818 505 1849 tenerisque
516 1826 591 1844 meos
603 1819 720 1844 incidere
730 1827 835 1845 amores

222 1859 367 1883 Arboribus
378 1866 384 1882 ε
398 1862 519 1883 crescent
531 1858 595 1889 ipsae
607 1867 615 1888 3
633 1860 766 1888 crescens,
778 1867 892 1884 amoreS.

193 1906 304 1947 Usque
318 1907 407 1945 adeo,
424 1907 513 1947 quasi
535 1907 662 1946 po'e'seos
684 1908 752 1948 ejus
766 1908 926 1939 blanditiis

192 1958 340 1997 irretitus,
366 1964 397 1988 et
412 1958 504 1998 plane
521 1971 704 1999 επταημενσς,
731 1960 813 1990 ultra
828 1960 927 1999 spatia

192 2009 339 2040 curriculi
363 2010 544 2041 Lucretiani
570 2021 635 2040 non
657 2010 710 2041 ille
736 2011 835 2051 quivit
856 2021 926 2041 eva-

193 2062 269 2103 gari.

237 2113 311 2143 Ver.
338 2117 410 2146 254.
434 2113 565 2154 fetuque
591 2121 774 2154 gravantur.

192 2175 260 2206 geo.
275 2164 309 2194 ii.
327 2167 399 2196 429.

820 2115 925 2154 Idem,

448 2223 510 2255 fetu
522 2230 616 2249 nemus
629 2231 710 2250 omne
718 2226 861 2257 gravescit.

238 2286 311 2317 Ver.
327 2290 401 2318 255.
427 2288 532 2318 Hinc:
552 2287 594 2318 V.
613 2287 660 2318 ed.
677 2289 716 2319 13.
733 2295 773 2319 Π.
791 2295 824 2320 Σ.
841 2291 925 2320 Hic:

195 2344 228 2369 et
242 2339 284 2368 V.
300 2339 348 2370 ed.
366 2341 469 2377 aliter,
485 2351 541 2380 pro
555 2343 662 2371 alitur.

241 2390 317 2420 Ver.
336 2393 407 2422 256.
425 2391 567 2431 puer-iim.
600 2392 650 2422 Sic
663 2392 702 2422 V.
719 2392 765 2422 ed.
783 2393 820 2423 Β.
839 2400 879 2423 Π.
895 2399 926 2423 et

195 2442 365 2472 verissime:
394 2444 508 2481 caeteri,
520 2446 635 2483 pueris.
671 2444 828 2484 Regimen
844 2445 925 2475 scili-

196 2500 246 2525 cet
271 2495 452 2535 exquisitius
482 2495 639 2535 displicuit
666 2497 811 2535 librariis,
848 2498 927 2528 nihil

196 2551 309 2585 praeter
337 2546 478 2586 vulgaria
506 2547 604 2577 doctis
632 2558 748 2587 sapere.
805 2550 928 2580 Floret-e

195 2607 280 2636 vero,
311 2600 468 2630 abundare
475 2614 486 2634 ;
516 2600 567 2629 cui
591 2600 712 2629 notioni
740 2602 927 2631 convenien-

196 2649 334 2680 tissimus
357 2657 402 2680 est
417 2651 568 2691 gignendi
591 2661 689 2681 casus,
734 2652 928 2692 Exemplum

196 2700 311 2730 sufficit
328 2702 491 2738 Manilius,
515 2703 540 2732 si
563 2702 659 2732 modo
674 2703 842 2734 sinceritati
864 2715 929 2735 suae

199 2753 390 2792 restituatur,
406 2754 444 2784 iv.
461 2758 532 2785 687.

226 2814 348 2838 Maxima
358 2818 429 2839 terra
442 2815 501 2839 viris
513 2817 518 2840 !
541 2818 577 2839 Et:
590 2815 779 2840 secundissima
790 2817 874 2842 doctis

229 2852 292 2877 Urbs
305 2861 357 2878 una
369 2854 485 2887 ingeniis,
498 2855 618 2886 florentes
627 2856 677 2880 oris
688 2856 814 2881 Athenae.

202 2901 290 2932 Hinc
319 2905 449 2936 erectior
474 2905 562 2937 fieret
589 2907 630 2938 ad
659 2906 757 2938 finem
785 2917 855 2949 geo.
886 2908 927 2940 iv.

202 2951 367 2994 Virgilius:

995 693 1043 718 1110
1056 693 1195 725 Virgilium
1208 700 1253 718 me
1263 696 1389 724 tempore
1399 692 1483 717 (luicis
1493 692 1581 717 alebat

993 733 1162 764 Parthenope
1171 732 1275 762 studiis,
1288 732 1421 762 florentem
1432 732 1554 764 ignobilis
1562 731 1616 757 otii.

967 785 1076 815 Cicero
1090 795 1147 823 pro
1163 783 1282 814 Archia}
1297 783 1400 822 poeta,
1416 789 1486 815 sect.
1499 784 1549 814 vii.
1573 787 1595 803 “
1613 783 1695 814 Haec

963 839 986 854 “
1001 838 1105 866 studia
1138 835 1379 866 adolescentiam
1405 838 1493 866 alunt
1505 835 1540 866 .-”
1572 841 1603 866 et
1631 841 1697 866 erat

962 893 1039 917 tunc
1056 888 1205 926 temporis
1227 889 1400 918 adolescens
1417 888 1518 918 Maro.
1562 886 1695 918 Pacuvi·

963 949 1012 978 us,
1028 940 1113 979 apud
1130 940 1284 977 Nonium,
1297 940 1338 970 ix.
1356 944 1385 970 6.

992 1003 1136 1033 Postquam
1147 1005 1189 1027 est
1199 1005 1318 1026 oneratus
1326 1001 1449 1033 frugum,
1461 1005 1488 1026 et
1501 1000 1571 1025 floris
1581 999 1678 1025 Liberi.

966 1050 1016 1081 Sic
1032 1052 1219 1092 legendum:
1247 1052 1354 1093 vulgo,
1371 1055 1543 1084 honoratus.

1007 1105 1087 1135 Ibid.
1098 1105 1361 1146 puerum-florere.
1395 1107 1603 1144 Mantuanus,
1622 1105 1697 1137 AEn.

963 1157 1015 1186 vii.
1034 1161 1104 1188 645.

1313 1218 1410 1249 quibus
1421 1218 1488 1243 Itala
1503 1219 1559 1250 jam
1575 1222 1636 1243 tum

996 1256 1117 1281 Florum-it
1128 1261 1197 1281 terra
1209 1257 1282 1282 alma
1292 1257 1362 1282 viris
1372 1266 1381 1282 :

967 1305 1097 1344 Statius,
1114 1307 1213 1337 Theb.
1230 1317 1256 1337 v,
1273 1310 1324 1338 54.

1250 1365 1358 1396 florebat
1368 1366 1443 1391 dives
1454 1365 1566 1391 alumnis

996 1407 1073 1430 Terra
1084 1415 1093 1431 .-

967 1462 999 1487 et
1014 1457 1131 1487 Accius
1146 1457 1179 1486 in
1196 1457 1396 1496 Blenalippo:

997 1530 1060 1537 —
1072 1517 1200 1549 Quisnam
1205 1517 1295 1547 florem
1307 1516 1412 1541 liberam
1424 1516 1520 1541 invidit
1531 1515 1646 1542 meum?

971 1568 1097 1598 Graecas
1125 1567 1296 1608 elegantias
1325 1567 1474 1597 aemuiati.
1527 1567 1700 1606 Lucianus,

968 1619 1071 1659 Scyth.
1093 1625 1120 1651 9.
1138 1620 1181 1649 ita
1196 1618 1529 1650 restituendum—&m
1545 1626 1629 1650 πολιν
1643 1632 1700 1649 ακ-

965 1673 1102 1710 μαζεσαν
1118 1687 1202 1715 ocupa
1220 1686 1359 1714 τοσαυ-ι-ῃ,
1377 1686 1439 1710 και,
1458 1685 1542 1702 κατα
1558 1685 1605 1702 τον
1621 1683 1702 1704 ποιη-

968 1737 1019 1756 τὴν
1036 1737 1141 1760 emmor,

988 1792 1127 1820 Avewmr
1142 1792 1262 1830 wyoeblotg
1279 1802 1377 1827 τοισιν,
1395 1790 1432 1824 οἷς
1448 1795 1594 1821 ΘΑΛΛΟῙ
1608 1797 1703 1825 rto-15.

970 1861 1067 1890 Malis
1075 1871 1160 1899 vero,
1177 1861 1216 1891 sit
1229 1863 1384 1902 ‹roflorere
1399 1861 1539 1892 absolute
1553 1863 1703 1901 positum,

969 1919 1005 1942 ut
1020 1913 1051 1942 in
1070 1914 1159 1953 Vir-g.
1176 1924 1244 1953 geo.
1260 1913 1291 1942 ii.
1309 1917 1337 1943 6.
1348 1915 1447 1954 floret
1460 1925 1552 1953 agen-,-
1579 1920 1611 1944 et
1624 1925 1702 1953 pen-

971 1968 1042 1996 deat
1065 1967 1223 2007 genitivus
1247 1965 1379 2006 puer-iim
1405 1976 1424 1995 a
1449 1977 1521 1996 voce
1543 1969 1643 2006 laetus,
1669 1974 1706 1998 ut

969 2022 1058 2051 laetus
1075 2023 1186 2059 animi,
1204 2020 1275 2050 Vel.
1292 2021 1413 2050 Patere.
1430 2020 1462 2050 ii.
1479 2024 1528 2052 9⁴2.
1544 2021 1598 2051 ubi
1613 2021 1704 2061 plura

970 2073 1047 2103 dant
1061 2074 1246 2112 interpretes
1262 2072 1417 2112 exempla,
1433 2079 1464 2102 et
1481 2072 1534 2103 Sil.
1550 2073 1620 2104 Ital.
1633 2074 1704 2105 xvii.

970 2129 1045 2156 508.
1068 2127 1244 2156 laetissz’mus
1259 2128 1333 2155 iroe:
1360 2135 1416 2154 nos
1439 2130 1545 2155 autem
1567 2126 1704 2165 priorem

970 2177 1052 2206 viam
1069 2177 1171 2216 potius
1191 2177 1387 2217 ingredimur
1402 2176 1617 2208 lucentiorem.

971 2229 1129 2270 Denique,
1157 2230 1255 2259 codex
1279 2241 1296 2260 e
1323 2229 1435 2259 nostris
1463 2235 1497 2259 Δ.
1524 2239 1581 2268 pro
1607 2231 1704 2269 urbis,

972 2283 1065 2312 habet
1085 2285 1204 2320 herbas,
1227 2288 1259 2314 et
1281 2282 1314 2312 in
1337 2282 1480 2322 margine
1501 2282 1705 2312 variationem

974 2347 1011 2365 ‹ra›
1020 2337 1136 2374 pratis,
1151 2334 1221 2365 loco
1230 2336 1356 2374 pueris;
1383 2333 1467 2364 unde
1480 2344 1544 2364 non
1559 2333 1706 2373 illepidus

972 2386 1142 2415 versiculus
1157 2386 1287 2416 exsistit:

1011 2445 1078 2469 Hinc
1090 2445 1167 2469 laetas
1175 2444 1264 2480 herbas
1271 2444 1354 2476 pratis
1364 2445 1460 2469 florere
1470 2444 1602 2469 videmus.

971 2495 1126 2525 Horatius
1141 2496 1215 2525 huic
1238 2495 1366 2525 lectioni
1389 2501 1443 2530 est,
1469 2501 1500 2524 et
1516 2504 1609 2533 scopo
1630 2493 1702 2533 loci,

970 2548 1132 2588 impendio
1146 2547 1316 2587 appositus,
1332 2547 1382 2577 od.
1401 2547 1445 2576 iii.
1467 2550 1514 2576 18.
1531 2551 1559 2578 9.

1064 2607 1146 2631 Ludit
1156 2606 1254 2631 herboso
1265 2613 1346 2638 pecus
1357 2612 1439 2630 omne
1450 2609 1546 2637 campo.

974 2657 1121 2697 Receptis
1147 2663 1252 2686 tamen
1284 2655 1545 2695 acquiescendum
1574 2656 1703 2687 arbitra-

972 2720 1053 2739 mur.

1015 2763 1091 2792 Ver.
1107 2765 1180 2792 ⁶257.
1213 2761 1422 2802 andzfiras
1436 2764 1545 2803 sylvas.
1579 2764 1705 2794 Ennius

974 2814 1057 2854 apud
1075 2814 1287 2851 Macrobium,
1303 2814 1342 2844 vi.
1362 2818 1390 2844 2.

1004 2885 1282 2892 ·-—-——-—
1291 2879 1374 2898 omne
1383 2874 1495 2899 sonabat

1004 2913 1152 2938 Arbustum
1162 2911 1274 2937 fremitu
1291 2912 1384 2945 sylva?
1391 2913 1546 2944 frundosai'.

1020 2961 1102 2994 Ibid.
1127 2963 1233 2994 avibus
1254 2974 1363 2995 cancre
1385 2965 1494 3003 sylvas.
1540 2962 1706 3003 Preigerus

935 3023 1001 3054 Es
