1894 3253
564 212 799 262 LIBER
848 212 1259 262 SECUNDUS.

1576 223 1666 263 365

305 351 443 405 Atque
463 348 545 389 huc
566 356 661 389 sunt
680 348 882 402 conjecta3
916 361 1078 388 necesse
1097 354 1172 397 est,
1195 346 1414 388 confiteare

306 424 407 465 Esse
428 423 526 464 alios
547 423 634 463 aliis
655 431 858 462 terrarum
878 420 920 460 in
941 420 1127 475 partibus
1148 421 1298 471 orbeis,

162 502 267 542 1075
301 500 357 541 Et
378 500 509 540 varias
529 498 745 538 hominum
765 496 938 553 genteiS,
960 503 1001 535 et
1021 494 1125 536 secla
1145 495 1335 536 ferarum.

365 574 466 615 Huc
487 571 664 621 adcedst,
687 570 747 611 uti
768 570 810 610 in
835 568 994 610 summa
1016 584 1079 609 res
1102 568 1212 610 nulla
1232 570 1283 609 sit
1303 584 1401 619 una,

306 648 443 690 Unica
464 662 557 703 quae
578 647 788 703 gignatur,
817 652 858 684 et
877 643 999 685 unica
1018 643 1184 699 solaque
1203 652 1377 694 crescat;

305 721 422 771 Quin
443 720 642 775 aliquoius
663 719 737 760 siet
757 718 866 768 secli,
887 717 1172 774 permultaque
1191 719 1338 760 eodem

302 796 395 837 Sint
415 809 580 852 genere:
614 794 657 833 in
679 793 822 848 primis
843 791 1086 833 animalibus
1106 792 1243 834 indice
1263 803 1401 835 mente

164 876 271 912 1080
303 870 492 912 Invenies
514 870 571 910 sic
591 868 876 924 montivagum
896 883 1026 924 genus
1046 883 1131 909 esse
1150 867 1345 918 ferarum,

302 945 370 987 Sic
391 944 610 985 hominum
631 943 839 1000 geminam
859 943 1032 998 prolem,
1056 943 1111 984 sic
1132 943 1309 999 denique
1329 952 1463 985 mutas

305 1018 622 1075 Squamigersun
643 1017 835 1073 pecudea
858 1026 897 1058 et
918 1032 1093 1072 corpora
1113 1026 1261 1059 cuncta
1281 1018 1504 1060 volantum.

305 1094 587 1149 Quapropter,
610 1092 760 1134 coelum
781 1092 899 1133 simili
920 1093 1093 1143 ratione,
1123 1092 1335 1134 fatendum
1356 1101 1431 1143 est,

158 1257 180 1272 “
196 1263 311 1294 genere
333 1253 540 1283 numerosa:‘’
564 1253 670 1283 confer
693 1264 711 1283 a
735 1264 793 1283 ver.
814 1256 887 1283 552.

157 1305 199 1336 ad
214 1316 274 1336 ver.
291 1309 361 1338 541.

201 1366 276 1395 Ver.
295 1368 387 1397 1079.
411 1367 513 1396 indice
539 1371 656 1396 mente:
690 1365 710 1395 i.
725 1375 751 1395 e.
773 1364 890 1394 iudicio

157 1416 285 1454 mentis;
318 1416 342 1445 si
373 1416 503 1446 rationis
533 1417 712 1456 mentisque
734 1422 888 1445 monstra-

156 1468 258 1498 tiones
272 1467 423 1497 attendas.
456 1468 496 1497 In
512 1468 570 1497 hac
586 1466 718 1496 lectione
734 1466 804 1496 libri
816 1476 890 1496 con-

156 1519 277 1558 spirant
302 1528 426 1555 omnes;
450 1528 551 1558 neque
576 1518 651 1548 satis
675 1528 740 1547 esse
774 1528 890 1547 caussae

157 1572 291 1608 videtur,
302 1578 338 1601 ut
353 1582 391 1601 ex
403 1571 529 1601 arbitrio
539 1582 648 1601 eorum
662 1572 892 1610 anctoritatem,

157 1624 402 1654 divinationibus
442 1624 678 1664 ingeniosorum
722 1624 890 1654 hominum

157 1675 398 1714 anteponendis,
419 1675 647 1706 conculcemus.
694 1675 798 1705 Aliter
814 1675 889 1714 Lip-

157 1728 194 1758 sii
227 1734 399 1765 tentamen‚
430 1728 523 1768 injice
552 1734 691 1764 mentem,
723 1727 886 1757 arrisisset:

157 1778 228 1809 vide
247 1789 318 1819 quae
342 1779 480 1808 diximus
505 1779 544 1808 ad
563 1789 622 1809 ver.
641 1782 733 1810 1046.
757 1785 788 1808 et
806 1779 888 1809 Gro-

157 1830 242 1860 novii
259 1831 354 1860 etiam
367 1830 546 1870 conjectura
559 1840 710 1871 magnam
725 1831 819 1861 habet
838 1841 889 1860 ve-

157 1882 185 1911 ri
215 1881 467 1920 similitudinem,
498 1884 603 1913 inclite
628 1884 782 1913 Memmi:
814 1893 889 1912 nam

157 1936 187 1964 cl
203 1934 374 1974 saepissime
389 1934 527 1975 migrant
541 1935 574 1964 in
590 1937 621 1970 d,
637 1941 667 1964 et
682 1942 694 1965 t
706 1945 780 1965 cum
795 1947 811 1966 c
821 1946 889 1974 pas-

160 1986 219 2016 sim
243 1993 471 2024 commutatur;
494 1997 613 2017 errores
638 1988 732 2017 etiam
758 1988 791 2017 iu
818 1998 889 2027 pro-

159 2038 235 2077 priis
261 2038 444 2068 nominibus
471 2044 546 2069 sunt
567 2038 661 2079 longe
684 2040 890 2078 usitatissimi,

160 2090 208 2120 uti
223 2091 408 2120 monuimus
423 2090 456 2120 in
477 2090 687 2129 superioribus
701 2090 772 2130 plus
786 2091 891 2122 semel.

160 2141 252 2172 Nihil
278 2148 384 2172 tamen
406 2143 466 2173 hoc
489 2149 629 2182 tempore
652 2153 766 2174 novare
793 2144 892 2174 tutius

161 2203 197 2223 ac
211 2194 384 2224 consultius
403 2195 599 2225 arbitramur.

204 2244 278 2274 Ver.
298 2248 388 2275 1080.
412 2248 569 2277 Invenies:
598 2245 695 2276 Vind.
714 2247 754 2277 V.
779 2246 826 2277 ed.
852 2254 892 2278 Π.

162 2299 198 2326 Σ.
212 2297 496 2326 Invenisse.—esse:
525 2304 565 2327 Π.
581 2309 676 2328 omne.

206 2354 279 2385 Ver.
301 2359 390 2386 1081.
411 2358 585 2395 geminam:
613 2357 649 2387 P.
674 2358 713 2387 L.
743 2363 777 2389 Δ.
800 2366 840 2389 Π.
858 2365 892 2390 Σ.

159 2410 306 2445 genitam.
353 2407 415 2437 Sed
432 2418 502 2438 vera
524 2414 570 2438 est
584 2408 676 2439 lectio
698 2416 821 2450 recepta
835 2422 892 2442 no.

161 2458 225 2495 bis3
259 2468 317 2488 nec
345 2459 452 2489 minus
474 2460 515 2489 ad
545 2460 607 2490 alia
635 2461 789 2500 exempla,
802 2462 893 2503 feras

162 2519 288 2548 nempe,
303 2513 415 2550 pisces,
433 2516 465 2541 et
478 2513 621 2547 volucres,
639 2512 783 2551 pertinet,
799 2524 894 2554 quam

164 2561 205 2591 ad
218 2563 369 2592 homines:
396 2568 432 2592 ut
448 2563 539 2601 po'e'ta
558 2563 723 2603 significet,
746 2575 811 2595 non
825 2574 894 2595 tan-

162 2613 330 2643 tummodo
359 2614 460 2643 multa
489 2624 554 2644 esse
582 2615 734 2656 cujusque
771 2616 896 2656 generis

163 2665 324 2703 animalia,
339 2665 393 2695 sed
408 2665 443 2695 in
453 2666 562 2706 quovis
576 2667 673 2697 etiam
683 2678 800 2707 genere
810 2669 894 2698 mul·

163 2723 196 2747 ta
212 2718 375 2758 utriusque
392 2718 491 2749 sexus.
536 2719 628 2749 Adeo
643 2720 723 2749 nihil
738 2726 783 2750 est
797 2721 831 2750 in
847 2731 894 2751 re-

164 2778 237 2798 rum
262 2768 386 2808 natura,
411 2769 495 2810 quod
526 2770 566 2800 sit
592 2771 723 2801 unicum
748 2778 779 2801 et
808 2786 894 2804 αυτο-

167 2833 252 2858 γενες.

211 2871 292 2902 Ibid.
311 2875 466 2912 geminam
484 2876 609 2914 prolem.
635 2875 793 2915 Virgilius
806 2875 894 2915 paul-

164 2922 197 2953 lo
213 2922 302 2954 aliter
316 2925 455 2964 phrasim
471 2927 587 2971 posuit,
611 2927 685 2959 AEn.
703 2928 722 2958 i.
738 2931 810 2961 274.

1125 1259 1253 1290 geminam
1264 1263 1344 1290 partu
1355 1259 1429 1284 dabit
1441 1259 1486 1284 Ilia
1494 1261 1598 1292 prolem.

977 1330 1051 1359 Ver.
1071 1333 1162 1362 1085.
1186 1333 1303 1361 unica:
1328 1331 1362 1360 in
1384 1331 1544 1363 codicibus
1566 1333 1665 1364 Nonii

933 1381 1119 1420 depravatis,
1135 1382 1167 1412 ii.
1183 1386 1255 1413 480.
1271 1382 1386 1423 legitur
1400 1385 1564 1415 unm—In
1575 1395 1665 1416 versu

934 1439 1104 1470 praeeunte‚
1124 1440 1164 1463 Π.
1179 1434 1481 1474 terrarum—Mox,
1498 1436 1540 1466 V.
1556 1436 1603 1467 ed.
1618 1443 1664 1468 ter

934 1496 1056 1523 manus,
1072 1495 1127 1524 pro
1142 1488 1300 1516 terminus.

981 1545 1053 1576 Ver.
1072 1550 1162 1576 1086.
1179 1549 1344 1586 depactus:
1363 1547 1382 1577 i.
1399 1558 1426 1578 e.
1444 1550 1577 1590 defixus:
1602 1560 1664 1580 un-

934 1597 983 1633 de,
999 1598 1084 1637 quod
1099 1598 1247 1638 Virgilio,
1259 1609 1326 1639 geo.
1341 1599 1380 1630 iv,
1395 1603 1466 1631 115.
1480 1607 1526 1630 est
1542 1604 1564 1619 “
1575 1602 1665 1641 plan-

936 1652 957 1666 “
973 1655 1020 1679 tas
1033 1650 1170 1691 figere,”
1194 1650 1239 1680 rei
1261 1651 1384 1681 rusticae
1395 1651 1608 1691 scriptoribus,
1632 1664 1666 1683 a—

934 1701 1056 1742 liisque,
1079 1709 1126 1732 est
1146 1714 1292 1743 pangere.
1339 1703 1537 1735 Glossarium
1559 1712 1661 1736 vetus:

1476 1756 1665 1797 Columella,

934 1806 977 1836 iii.
995 1810 1043 1837 16.
1063 1810 1089 1837 1.
1117 1810 1138 1825 ‘⁶
1154 1807 1339 1837 malleolum
1364 1810 1534 1848 depangere
1540 1810 1578 1845 ,·²'
1612 1810 1666 1841 sed

935 1859 1073 1897 Plinius,
1091 1860 1125 1889 in
1141 1866 1203 1890 nat.
1219 1860 1289 1891 hist.
1305 1861 1366 1891 xxi.
1385 1865 1436 1893 79.
1460 1862 1574 1893 maluit
1587 1865 1665 1906 defi-

931 1922 1010 1949 gere.

936 1758 958 1771 “
975 1755 1140 1794 Depungo,
1172 1755 1424 1796 κατατηγνυμι.”

993 1972 1067 2002 Ver.
1103 1976 1193 2004 1087.
1234 1973 1337 2004 Hicce
1370 1984 1477 2005 versus
1505 1975 1539 2004 in
1574 1975 1666 2006 editis

936 2024 1115 2065 vulgaribus
1141 2026 1182 2056 ad
1210 2027 1292 2056 hanc
1315 2037 1460 2057 normam
1474 2027 1604 2068 legitur:

966 2117 1038 2141 Tam
1058 2120 1151 2142 manet
1169 2117 1217 2148 his,
1238 2121 1266 2143 et
1287 2122 1344 2142 tam
1367 2118 1459 2143 nativo
1480 2118 1533 2142 haec
1554 2125 1666 2150 corpore

1090 2170 1226 2191 constant.

938 2243 1018 2279 Nos,
1041 2240 1185 2271 codicum
1216 2239 1375 2279 scripturae
1406 2239 1541 2278 pressius
1563 2239 1666 2269 adhae-

936 2300 1050 2332 rentes,
1075 2294 1200 2324 suavius
1219 2292 1338 2333 aliquid
1361 2292 1548 2322 concinnare
1563 2293 1668 2322 conati

937 2357 1060 2377 sumus:
1085 2356 1161 2376 nam
1183 2345 1263 2375 nihil
1278 2351 1387 2375 contra
1401 2345 1495 2375 libros
1517 2350 1668 2374 novatum

937 2405 993 2437 est,
1016 2398 1043 2428 si
1059 2397 1194 2436 excipias
1210 2403 1238 2428 et
1260 2404 1335 2434 tam,
1362 2406 1418 2436 pro
1432 2399 1535 2426 etiam.
1583 2396 1667 2427 Cum

936 2450 1041 2490 phrasi
1057 2456 1173 2485 autem,
1201 2451 1350 2480 terminus
1372 2454 1475 2478 manet
1499 2449 1575 2485 Izcec,
1603 2458 1669 2478 non

937 2504 1147 2542 inopportune
1162 2501 1317 2532 committi
1339 2500 1434 2540 possit
1456 2501 1515 2529 hoc
1536 2499 1668 2540 Virgili-

940 2565 1050 2592 anum,
1070 2564 1138 2595 geo.
1154 2554 1193 2584 iv.
1210 2557 1282 2583 206.

1074 2641 1141 2672 ipsas
1153 2638 1276 2670 quamvis
1287 2638 1393 2670 angusti
1404 2637 1526 2662 terminus
1538 2637 1592 2662 aevi

970 2688 1132 2720 Excipiat-.

984 2768 1058 2799 Ver.
1071 2771 1163 2798 1088.
1186 2770 1375 2807 generatim:
1395 2767 1436 2798 V.
1453 2767 1501 2798 ed.
1519 2766 1559 2798 Ο.
1578 2773 1617 2797 Π.
1635 2770 1669 2796 Σ.

943 2831 986 2855 Ω.
1004 2829 1132 2863 generat
1146 2825 1189 2853 in.
1224 2822 1360 2861 Nempe,
1386 2822 1536 2860 scriptum
1556 2818 1669 2850 eratin

940 2875 1141 2912 membranis,
1165 2879 1332 2914 generati,
1358 2874 1442 2904 vocis
1456 2873 1596 2913 partibus
1618 2870 1668 2899 ni-

941 2928 1044 2960 mium
1064 2926 1483 2958 distantibus—abundans.-
1510 2923 1558 2953 M.
1573 2923 1671 2952 abun-
