1894 3253
573 222 808 272 LIBER
855 218 1270 272 SECUNDUS.

1576 231 1663 270 231

313 357 460 397 Sursus
480 356 590 397 enim
611 371 751 398 vorsus
771 356 1014 414 gignuntur,
1037 363 1078 397 et
1097 355 1293 413 augmina
1312 360 1495 395 sumunt:

313 430 368 471 Et
389 445 549 472 sursum
569 431 712 472 nitidae
731 431 884 488 frugeS,

907 431 1170 486 arbustaque,
1193 437 1397 471 crescunt:

200 509 277 546 190
311 504 518 555 Pondem,
534 514 734 561 quantum
751 507 794 546 in
811 521 852 546 se
867 513 941 554 est,
957 519 1084 560 quom
1100 504 1293 545 deorsum
1310 511 1460 545 cuncta
1473 501 1666 544 ferantur.

309 578 413 629 Nec,
436 594 562 634 quom
583 579 798 620 subsiliunt
818 580 933 635 ignes
954 578 1007 619 ad
1027 585 1135 619 tecta
1155 577 1394 628 domorum,

306 652 362 694 Et
382 653 500 694 celeri
520 652 686 694 flamma
707 652 929 710 degustant
949 653 1079 708 tigna,
1102 651 1350 708 trabeisque,

204 826 280 857 Ver.
299 828 368 857 190.
392 832 561 866 quantum:
581 832 621 858 Π.
638 826 673 856 in
688 832 849 867 quantum.

165 879 336 916 Caeterum,
352 878 429 908 olim
444 877 665 915 dlvinaveram,
682 889 740 909 nec
752 879 893 919 poenitet,

163 930 208 961 ita
222 930 395 971 legendum
417 941 483 961 esse
498 932 584 961 hunc
598 941 738 961 versum:

190 1004 316 1033 Pondere,
336 1008 470 1035 quantum
495 1004 522 1028 in
542 1011 569 1029 se
591 1008 642 1034 est,
664 1011 748 1036 quom
767 1005 893 1029 deorsum

287 1048 388 1068 cuncta
397 1043 519 1068 ferantur
530 1051 536 1067 :

161 1108 183 1138 i.
201 1118 226 1137 e.
243 1117 302 1137 suo
316 1107 466 1147 pondere,
493 1107 677 1138 naturaliter
691 1107 894 1147 deprimente.

165 1159 375 1197 Correctores‚
401 1159 522 1198 opinor,
538 1158 621 1189 male
636 1159 752 1195 callidi,
778 1158 817 1189 ad
834 1169 894 1189 ver.

163 1212 236 1240 205.
259 1220 333 1239 mox
348 1210 536 1245 venientem,
564 1210 655 1250 cujus
669 1209 791 1239 diversa
805 1220 893 1249 pror-

160 1270 213 1291 sus
228 1261 307 1291 ratio
323 1267 379 1299 est,
396 1262 481 1291 hunc
496 1261 641 1291 volebant
656 1261 861 1291 conformare.

206 1312 280 1343 Ver.
301 1315 370 1343 191.
393 1313 577 1343 subsiliunt:
606 1311 628 1342 i.
645 1322 671 1342 e.
694 1314 731 1342 de
750 1313 805 1342 sub
820 1311 892 1342 sali-

160 1368 300 1393 unt—ex
316 1363 464 1393 inferiore
479 1363 549 1393 loco
574 1362 701 1393 saliunt.
749 1363 895 1393 Gemella

156 1413 344 1455 significatio
358 1420 405 1444 est
419 1414 507 1444 verbi
522 1415 664 1445 submz‘tto
681 1414 722 1444 ad
746 1414 766 1444 i.
783 1418 810 1445 8.
839 1415 893 1445 ubi

159 1475 216 1496 nos
231 1465 369 1496 videndi.
416 1465 491 1495 Non
507 1465 593 1496 aliud
608 1471 654 1496 est
668 1465 812 1496 usitatior
833 1476 893 1495 vox

156 1517 298 1548 subsulto.
345 1516 396 1545 Sic
426 1516 531 1546 Varro
563 1517 648 1556 apud
679 1516 835 1555 Nonium,
860 1517 892 1547 ii.

159 1571 232 1600 515.
256 1578 330 1598 voce
347 1569 483 1599 Mirius:

216 1635 321 1673 Subsilis
332 1642 363 1660 ac
374 1635 488 1667 plaudis.

159 1694 228 1725 Nec
243 1705 307 1725 non
326 1694 480 1725 Plautum
503 1700 534 1725 et
560 1694 713 1726 Senecam
728 1706 804 1726 voce
820 1706 895 1726 usos

156 1756 223 1776 esse
238 1752 268 1776 te
283 1746 383 1776 lexica
399 1746 570 1777 docebunt:
601 1747 687 1777 unde
712 1757 777 1777 non
803 1747 893 1777 audi-

158 1796 256 1827 endos
271 1807 323 1827 eos
334 1797 450 1834 dicam,
463 1797 518 1837 qui
531 1807 569 1827 ex
578 1809 694 1836 susum,
704 1798 752 1828 vel
763 1809 894 1834 sursum,

155 1852 283 1886 etymon
298 1848 382 1877 vocis
400 1847 511 1877 volunt
526 1858 688 1878 accersere.
736 1848 890 1879 Glossari-

155 1909 214 1929 um
235 1905 336 1928 vetus:
365 1902 387 1918 “
404 1901 544 1936 Subsilio,
562 1900 770 1940 ὑφαλλομαι.”
816 1901 891 1931 Non

158 1950 313 1989 discrepat
329 1963 367 1981 τε
381 1951 508 1990 ειιῖῄίείο
525 1951 571 1981 vis
586 1951 671 1991 apud
688 1951 776 1992 Virg.
793 1952 849 1983 ecl.
865 1963 895 1983 x.

158 2004 209 2032 74.
232 2001 286 2031 ubi
309 2006 415 2031 tamen
446 2002 572 2032 Servius
597 2003 818 2042 interpretatur
841 2014 896 2043 per

156 2063 276 2084 sursum
282 2053 379 2092 jacit.
413 2053 463 2083 Ita
473 2054 643 2093 capiendus
654 2061 700 2085 est
711 2054 797 2085 idem
808 2066 894 2085 sum-

158 2114 230 2134 mus
245 2111 340 2143 vateS,
364 2105 404 2136 ad
426 2116 495 2146 geo.
511 2106 550 2136 iv.
575 2110 649 2138 585.
671 2108 726 2148 qui
755 2107 842 2138 locus
855 2109 894 2138 ab

157 2156 218 2187 hoc
232 2156 423 2187 Lucretiano
438 2167 601 2196 expressus
616 2163 674 2188 est:

174 2223 355 2255 Terstamma‚
366 2225 401 2249 ad
411 2232 538 2249 summum
550 2225 608 2250 tecti
618 2225 738 2258 subjecta,
749 2225 868 2251 reluxit:

160 2281 182 2311 i.
206 2292 232 2312 e.
258 2293 290 2312 se
316 2284 699 2324 subjiciens—subsiliens.
746 2286 892 2316 Mentem

159 2332 258 2371 po'etae
273 2334 425 2374 sagaciter
439 2335 516 2365 vidit
531 2336 690 2376 Heynius,
715 2342 746 2366 et
761 2336 886 2377 elegan-

159 2384 278 2415 tissime
294 2385 467 2417 declaravit.

207 2436 288 2467 Ibid.
311 2443 388 2468 tecta
405 2441 570 2469 domorum.
599 2440 692 2470 Idem
705 2446 800 2477 vates,
814 2441 889 2471 AEn.

161 2489 224 2519 viii.
243 2493 294 2521 98.

251 2575 498 2585 ——-—-—
508 2571 566 2588 rara
575 2564 704 2589 domorum

255 2605 327 2627 Tecta
340 2604 443 2628 vident.

163 2666 258 2697 Unde
281 2666 373 2697 illum
397 2668 552 2708 corrigam
575 2668 734 2709 equidem,
758 2668 831 2699 ibid.
855 2670 885 2700 ii.

163 2721 234 2749 446.

220 2791 382 2816 Dardanidae
393 2796 488 2817 contra
499 2793 589 2823 turris,
600 2799 631 2818 ac
641 2795 706 2817 tecta
716 2792 856 2822 domorum,

222 2831 333 2856 eulmine
342 2833 500 2858 convellunt
509 2841 516 2857 ε

162 2893 183 2922 i.
201 2903 226 2923 e.
249 2898 407 2935 πρυμνοθεν,
422 2903 457 2929 ut
473 2907 533 2929 rer.
550 2901 623 2929 603.
639 2897 782 2927 inferius:

214 2951 299 2983 Vox..
324 2954 351 2985 1.

1224 824 1372 856 sternitque
1383 831 1398 848 a
1409 824 1517 849 culmine
1528 825 1650 856 Trojzim.

940 885 1055 916 Nescio
1067 891 1183 920 tamen,
1198 895 1240 914 an
1254 884 1358 922 lectio,
1377 884 1483 914 Servio
1494 890 1669 914 memorata

937 943 1030 977 atque
1045 937 1079 967 in
1094 936 1282 977 quibusdam
1292 935 1452 966 codicibus
1462 942 1592 974 servata,
1603 945 1667 966 non

940 989 1089 1029 anteponi
1105 989 1228 1019 debeat:

1321 1068 1351 1086 ac
1362 1064 1413 1086 tom
1425 1061 1569 1086 domorum

969 1102 1095 1127 eulmina
1107 1102 1274 1127 convellunt.

941 1166 1059 1196 Saltem
1076 1179 1118 1206 τῳ
1133 1172 1211 1196 tecta
1227 1167 1364 1196 culmina
1380 1165 1413 1194 in
1424 1171 1575 1195 aeternum
1585 1165 1669 1195 vale-

937 1218 1050 1255 dicere,
1076 1224 1111 1248 ut
1125 1217 1230 1256 phrasi
1245 1217 1463 1256 putidissimae,
1480 1217 1587 1247 nullus
1602 1218 1666 1247 hae-

936 1270 1102 1300 sitaverim.

981 1321 1056 1351 Ver.
1082 1324 1095 1351 1
1105 1325 1156 1352 9‘2.
1180 1323 1287 1360 tigna:
1315 1320 1362 1351 M.
1382 1322 1471 1360 signa
1477 1336 1488 1357 ;
1516 1320 1597 1350 forte
1627 1330 1667 1350 an

937 1372 1030 1402 vellet
1043 1374 1140 1411 ligna.
1172 1372 1261 1402 Nihil
1277 1372 1478 1402 mutandum.
1521 1371 1669 1402 Similiter

939 1424 1149 1462 Mantuanus,
1164 1434 1232 1464 ge0.
1248 1423 1287 1454 iv.
1301 1426 1375 1454 507.

953 1490 1067 1514 Garrula
1079 1497 1161 1521 quam
1172 1489 1248 1522 tignis
1259 1490 1356 1514 nidum
1367 1491 1511 1522 suspendat
1524 1489 1650 1514 hirundo.

939 1548 989 1578 Ibi
1006 1548 1084 1578 liber
1100 1558 1184 1578 unus
1206 1548 1316 1578 itidem
1339 1550 1446 1587 signis.
1491 1547 1666 1583 Ausonius,

936 1599 977 1629 id.
994 1599 1034 1629 xi.
1050 1602 1102 1629 44.

967 1665 1111 1690 Parietibus
1123 1670 1185 1696 quae
1197 1671 1263 1689 saxa
1274 1664 1357 1694 locat,
1368 1670 1431 1695 quae
1442 1664 1551 1688 culmine
1561 1663 1642 1696 tigna.

982 1728 1063 1759 Ibid.
1101 1730 1192 1759 celeri
1210 1727 1346 1769 ιῙῖατητιιίὶ
1376 1730 1548 1768 degustant.
1593 1727 1668 1757 Ele-

937 1781 1135 1821 gantissime:
1162 1786 1198 1810 ut
1213 1779 1266 1810 alii
1281 1781 1381 1819 po'e'tae
1396 1779 1511 1819 passim
1525 1781 1668 1818 lambere,

937 1835 1035 1868 edere,
1050 1837 1082 1861 et
1096 1831 1210 1861 similia
1225 1831 1335 1861 dicunt
1349 1831 1388 1861 de
1403 1833 1534 1871 ignibus.
1579 1831 1668 1862 Hinc

934 1884 969 1913 in
991 1881 1100 1923 quavis
1124 1882 1239 1922 pagina
1255 1889 1395 1913 veterum
1410 1882 1526 1923 legitur
1539 1884 1669 1922 rapidus

938 1936 1227 1976 —aacp05—zg›zz·s.·
1252 1934 1271 1964 i.
1289 1944 1314 1964 e.
1329 1936 1588 1964 edam—celeriter
1597 1945 1669 1965 con-

939 1996 1076 2017 sumens:
1102 1984 1188 2014 unde
1202 1984 1428 2024 rapidoefi’rae,·
1450 1995 1667 2015 voraces—‘ra-

933 2050 1042 2080 paces:
1068 2038 1152 2078 quod
1168 2048 1294 2076 moneo,
1310 2043 1347 2067 ut
1361 2038 1417 2068 sibi
1429 2037 1552 2076 parcius
1563 2036 1670 2067 indul-

937 2097 1033 2133 geant
1048 2096 1233 2121 correctores
1247 2089 1428 2129 reponendo
1442 2090 1575 2124 rabiclae,·
1593 2099 1670 2118 nam

938 2144 971 2173 in
982 2143 1031 2173 his
1046 2142 1235 2173 dictionibus
1246 2146 1396 2180 perpetuo
1407 2140 1562 2170 fluctuant
1572 2140 1668 2178 scrip-

937 2201 970 2225 ta
984 2194 1188 2233 exemplaria:
1207 2193 1312 2222 videas
1329 2191 1504 2222 Heinsium
1519 2191 1559 2220 ad
1574 2189 1666 2220 ovid.

936 2246 1023 2287 epist.
1036 2256 1064 2276 x.
1082 2250 1133 2277 96.
1156 2250 1187 2275 et
1203 2254 1262 2274 nos
1277 2243 1371 2281 infra,
1387 2242 1426 2272 iv.
1443 2245 1516 2273 716.
1549 2240 1667 2271 Simili-

936 2304 982 2329 ter
996 2308 1062 2328 non
1076 2307 1147 2327 raro
1163 2298 1344 2326 obversatur
1365 2296 1445 2325 velox
1450 2295 1585 2335 flamma
1595 2307 1606 2324 :
1632 2299 1669 2324 ut

930 2351 965 2381 in
980 2356 1099 2387 nostro,
1115 2349 1154 2379 vi.
1171 2351 1243 2379 688.
1254 2389 1262 2396 .

981 2418 1106 2444 Excussit
1116 2417 1234 2442 calidum
1237 2415 1353 2447 flammis
1364 2414 1494 2439 velocibus
1505 2414 1600 2446 ignem:

932 2477 1018 2507 unde
1033 2476 1164 2507 feliciter
1180 2474 1404 2505 emendaturus
1419 2484 1502 2511 sum,
1514 2472 1548 2502 ni
1559 2471 1663 2511 fallor,

933 2530 1040 2560 locum
1057 2530 1096 2566 Q.
1122 2529 1236 2566 Curtii,
1263 2537 1389 2558 crucem
1404 2526 1574 2556 editorum:
1600 2525 1664 2556 viii.

934 2586 981 2613 lo.
997 2586 1027 2612 8.
1051 2585 1074 2600 “
1092 2581 1189 2612 Caesis
1202 2581 1318 2621 quippe
1332 2578 1417 2608 silvis
1427 2580 1594 2619 flammam
1609 2587 1663 2607 ex-

931 2638 953 2653 “
969 2634 1158 2670 citaverunt3
1181 2643 1252 2673 quae
1275 2633 1343 2671 igni
1358 2640 1471 2660 Λιιτε
1489 2629 1662 2669 oppidano-

932 2689 955 2704 “
971 2696 1043 2716 rum
1057 2685 1197 2724 sepulcra
1212 2681 1487 2722 comprehendit:”
1504 2681 1524 2711 i.
1533 2691 1559 2712 e.
1571 2682 1664 2712 celeri

932 2745 963 2769 et
978 2740 1071 2769 veloci
1086 2737 1160 2777 igne
1175 2735 1327 2766 Lucretii.
1375 2734 1493 2775 Vulgo,
1508 2735 1596 2764 alita.

932 2791 1103 2826 Caeterum,
1119 2789 1178 2818 hoc
1187 2787 1328 2818 translati
1340 2786 1492 2817 sermonis
1501 2785 1659 2824 specimen

931 2852 982 2872 me
998 2841 1147 2871 admonet
1161 2850 1309 2870 versuum
1324 2838 1451 2870 Manilii
1467 2837 1657 2868 lautissimo-

931 2903 1012 2930 rum,
1029 2891 1146 2933 duplici
1161 2889 1337 2931 corruptela
1356 2889 1579 2927 laborantium,
1605 2886 1659 2918 sed

903 2955 933 2989 Q
