1894 3253
686 295 1143 339 ARGUMENTA.
1546 308 1659 337 xxxv

157 419 257 468 imo,
280 418 312 459 si
333 419 469 460 anima
490 420 730 461 immortalis
753 424 814 476 (ut
833 421 994 462 Platoni
1016 422 1147 462 visum
1168 421 1244 474 est)
1258 420 1522 471 concedatur,
1545 435 1657 462 mor-

156 501 239 533 tem
260 501 396 534 tamen
417 494 519 534 nihil
540 510 638 544 csse,
662 510 756 536 cum
778 496 915 536 anima
935 504 1122 551 separata
1142 510 1228 536 non
1244 495 1491 545 meminerit,
1516 511 1557 536 se
1578 510 1656 536 un-

154 582 279 622 quam
309 577 429 610 antea
459 569 672 608 exstitisse.
740 568 937 618 Proinde,
970 569 1023 609 ad
1054 585 1135 610 ver.
1169 575 1264 610 906.
1297 570 1404 611 ridet
1432 569 1651 611 hominum

151 656 298 682 vanam
329 642 381 682 de
411 642 616 697 sepultura
647 642 962 683 solicitudinem:
995 642 1146 683 deinde
1176 643 1444 695 demonstrat,
1477 653 1654 686 mortem

149 731 234 757 non
251 732 335 757 esse
355 717 523 766 malum,
546 717 642 773 quia
656 717 810 757 mortui
829 731 916 757 non
936 716 1125 773 indigent
1143 717 1229 758 istis
1249 717 1382 768 bonis,
1406 719 1552 775 quibus
1573 719 1654 760 vivi

147 790 345 847 gaudent,
377 806 510 847 neque
540 792 624 832 istis
645 791 855 832 doloribus
885 790 1133 842 afficiuntur,
1167 793 1238 848 qui
1267 793 1436 834 miseros
1457 794 1649 836 mortales

145 865 345 916 cruciant,
367 880 495 921 usque
515 865 569 906 ad
589 880 671 905 ver.
696 870 791 906 943.
854 865 995 906 Vitam
1025 867 1148 907 etiam
1169 867 1301 922 ipsam
1331 883 1417 909 non
1438 884 1523 910 esse
1542 869 1649 910 desi-

145 939 382 990 derabilem,
405 941 558 996 quippe
578 955 672 995 quae
692 939 795 980 nihil
815 940 912 981 novi
942 940 1100 992 afferat,
1123 941 1193 982 sed
1214 942 1376 983 easdem
1397 958 1557 998 semper
1576 958 1649 985 vo-

145 1012 317 1068 luptates
346 1030 474 1070 usque
494 1014 548 1054 ad
568 1029 762 1055 nauseam
793 1014 1087 1065 subministret,
1118 1016 1172 1056 ad
1191 1032 1275 1057 ver.
1298 1022 1392 1057 990.
1455 1018 1521 1058 Ne
1549 1033 1648 1059 vero

143 1088 231 1129 istae
251 1087 414 1137 fabulae,
438 1103 537 1144 quas
550 1089 684 1143 po’e'tae
705 1096 890 1138 narrant,
913 1088 965 1129 de
978 1089 1115 1131 inferis
1136 1098 1176 1131 et
1190 1092 1323 1145 poenis
1343 1099 1436 1146 post
1451 1100 1644 1142 mortem,

142 1171 322 1203 terreant
342 1162 547 1212 mortales,
570 1162 668 1202 inde
688 1162 741 1204 ad
759 1177 839 1203 ver.
869 1167 986 1203 1036.
1010 1178 1152 1205 omnes
1172 1165 1257 1205 illas
1279 1165 1498 1206 commoda
1518 1166 1643 1207 inter-

140 1237 370 1290 pretatione
401 1237 541 1277 elevat.
605 1236 746 1285 Unde,
784 1251 912 1292 usque
944 1238 997 1278 ad
1030 1237 1155 1279 finem
1185 1238 1306 1294 hujus
1338 1239 1448 1290 libri,
1485 1248 1643 1290 monet,

138 1310 351 1365 plerosque
371 1310 611 1352 mortalium
641 1311 780 1366 inepte
801 1320 841 1352 et
861 1312 1037 1354 absurde
1067 1314 1120 1354 de
1139 1323 1274 1356 morte
1294 1315 1429 1370 queri3
1463 1330 1559 1357 cum
1580 1331 1643 1357 sa·—

137 1384 377 1438 pientissimi
398 1385 630 1436 hominum,
654 1394 693 1426 et
704 1386 976 1441 potentissimi
997 1387 1150 1428 ducum
1171 1396 1211 1429 et
1222 1389 1535 1444 imperatorum,
1559 1390 1643 1431 vim

137 1458 239 1499 dirae
259 1459 506 1501 necessitatis
525 1461 740 1501 senserint:
764 1475 811 1500 ac
825 1460 960 1511 docet,
982 1461 1076 1502 ideo
1096 1464 1289 1505 mortales
1304 1465 1430 1506 vitam
1443 1465 1643 1507 solicitam

135 1540 176 1574 et
188 1533 413 1589 inquietam
433 1548 570 1591 agere,
593 1534 706 1590 quod
720 1533 828 1575 hanc
844 1535 987 1576 mortis
1008 1537 1397 1593 contemplationem
1418 1539 1640 1597 refugiant,

135 1615 175 1647 et
204 1607 342 1663 inepte
374 1609 477 1650 votis
510 1608 700 1649 omnibus
734 1623 825 1649 eam
857 1609 983 1650 vitam
1015 1619 1225 1666 expetant,
1260 1628 1385 1669 quam
1418 1615 1640 1670 aliquando

134 1682 322 1723 amissuri
352 1692 460 1733 sunt,
484 1698 577 1739 quae
598 1683 753 1724 nullam
773 1697 924 1725 novam
946 1685 1199 1740 voluptatem
1229 1687 1388 1738 afferat,
1411 1689 1638 1730 innumeris

134 1770 231 1796 vero
261 1756 471 1798 doloribus
502 1766 541 1798 et
571 1757 761 1811 periculis
792 1758 974 1799 obnoxia
1007 1759 1224 1809 reddatur3
1261 1763 1507 1814 praesertim,
1542 1778 1638 1804 cum

134 1829 308 1869 vivendo
328 1830 431 1870 nihil
451 1831 671 1872 detrahant
692 1832 744 1872 de
764 1840 950 1886 tempore
973 1833 1131 1883 mortis,
1155 1849 1248 1889 quae
1268 1843 1408 1878 manet
1428 1851 1570 1880 omnes
1590 1837 1634 1878 in

136 1910 349 1943 aeternum.

381 2142 474 2196 IN
527 2144 869 2199 LIBRUM
925 2148 1376 2209 QUARTUM.

189 2346 321 2395 QUA
351 2364 473 2404 supra
495 2350 599 2391 libro
620 2352 755 2406 primo
776 2369 870 2395 usus
901 2364 960 2396 est
981 2359 1290 2412 comparatione
1312 2359 1544 2409 Lucretius,
1579 2371 1625 2401 ut

131 2420 322 2462 Memmii
353 2424 414 2464 sui
445 2425 628 2465 animum
658 2427 856 2482 tantisper
886 2444 910 2469 a
935 2431 1200 2473 contentione
1229 2433 1449 2483 relaxarct;
1483 2433 1627 2474 eadem

128 2493 239 2536 hunc
258 2495 408 2536 librum
430 2508 621 2552 quartum
642 2514 666 2539 a
686 2515 767 2540 ver.
794 2505 828 2541 1.
851 2502 905 2542 ad
925 2518 1007 2544 ver.
1030 2508 1098 2545 26.
1120 2506 1368 2560 auspicatur,
1401 2516 1446 2548 ut
1466 2508 1627 2549 audito-

127 2584 215 2609 rem
236 2569 311 2610 sibi
332 2570 505 2611 docilem
535 2573 695 2623 reddat,
724 2582 764 2615 et
783 2583 998 2618 attentum.
1060 2579 1119 2620 II.
1142 2579 1260 2621 Libri
1290 2580 1409 2635 hujus
1429 2583 1627 2636 proponit

126 2653 429 2701 argumentum,
448 2646 560 2702 quod
576 2661 630 2688 ex
646 2649 844 2692 industria
861 2667 956 2693 cum
972 2654 1248 2708 superioribus
1265 2656 1481 2697 connectit.
1516 2656 1625 2697 Cum

124 2718 234 2758 enim
254 2720 389 2774 primo
410 2728 450 2760 et
471 2721 650 2762 secundo
681 2722 786 2764 libro
806 2725 970 2766 abunde
990 2726 1191 2777 docuerit,
1215 2743 1308 2783 quae
1329 2738 1368 2769 et
1389 2730 1523 2784 qualia
1544 2731 1624 2771 sint

124 2806 260 2833 rerum
280 2794 521 2847 primordia,
545 2795 691 2850 quibus
712 2796 854 2854 figuris
874 2799 1081 2849 distincta,
1105 2816 1187 2856 quo
1207 2811 1326 2843 motu
1347 2803 1545 2853 ferantur,
1576 2819 1623 2845 ac

125 2875 289 2909 caeteras
310 2882 372 2910 res
393 2878 626 2924 procreent,
658 2870 763 2912 libro
784 2887 880 2914 vero
902 2875 1023 2915 tertio
1044 2876 1192 2916 animae
1215 2886 1336 2933 atque
1357 2879 1482 2919 animi
1504 2886 1622 2918 natu-

867 2949 892 2979 C
919 2942 946 2978 2
