1894 3253
641 286 733 328 AD
765 285 1169 329 LECTOREM.
1549 286 1651 326 xxiii

152 411 247 452 Alia
276 419 371 452 sunt
400 410 582 465 insuper,
623 425 734 451 meas
755 411 852 451 vitae
882 411 1061 452 rationes
1091 410 1352 468 attingentia,
1385 417 1426 451 et
1456 423 1651 466 magnam

145 485 258 541 apud
278 493 434 526 mentes
464 485 664 541 benignas
696 484 934 525 humanitus
955 486 1229 526 admissorum
1251 485 1557 526 excusationem
1578 483 1652 524 ha-

146 559 412 602 biturat--de
442 558 590 614 quibus
620 566 758 598 tamen
789 558 932 599 melius
964 567 1099 600 tacere
1128 567 1246 614 puto,
1288 574 1412 616 quam
1444 558 1653 616 questibus

145 634 369 676 ambitiosis
389 633 566 674 inaniter
585 631 810 689 indulgere.

205 783 354 834 Porro,
386 798 439 825 ne
460 798 527 824 me
548 782 746 835 fortassis,
770 784 821 825 ab
842 783 911 826 tali
942 785 1088 840 puerili
1115 795 1285 836 φιλαυτιςι
1317 785 1651 834 remotissimum,

144 858 272 899 lector
292 858 496 899 existimet
516 858 695 914 propriis
716 858 873 916 ingenii
889 858 1035 900 fetibus
1056 859 1147 915 plus
1169 875 1290 916 aequo
1311 859 1519 909 delectari,
1543 856 1656 914 quod

142 946 238 973 eum
258 931 378 973 toties
398 932 451 973 ad
466 933 616 973 Silvam
636 947 772 973 meam
796 934 988 974 Criticam
1008 934 1256 983 remiserim5
1281 933 1492 975 docendus
1513 939 1655 982 restat,

142 1021 210 1048 me
229 1015 488 1062 compertum
507 1006 675 1056 habere,
712 1021 764 1047 ex
784 1022 861 1047 usu
891 1006 1103 1048 literarum
1124 1008 1366 1058 maturiore,
1403 1007 1584 1062 plurima
1609 1007 1653 1046 in

142 1081 227 1123 istis
256 1080 611 1122 lucubrationibus
631 1080 822 1130 inveniri,
860 1096 954 1136 quae
975 1081 1056 1122 sint
1070 1081 1306 1136 juveniliter
1342 1081 1578 1131 temeraria,
1611 1098 1657 1118 οι.

144 1154 355 1208 πςοςδιονυπι
371 1170 554 1210 prorsus,
576 1162 617 1196 et
632 1154 802 1195 homine
818 1155 962 1195 critico
978 1155 1171 1212 indigna;
1195 1155 1267 1196 sed
1280 1171 1374 1211 quae
1394 1156 1438 1195 in
1453 1155 1658 1196 sitientem

144 1230 280 1280 famae,
317 1245 413 1271 rure
433 1238 573 1271 tamen
603 1228 808 1280 abditum,
831 1237 871 1270 et
892 1245 917 1270 a
936 1228 1049 1270 libris
1077 1229 1418 1285 sermonibusque
1439 1229 1659 1269 doctorum

142 1303 519 1360 disjunctissinium,
542 1301 733 1344 facillime
752 1310 920 1358 possent
941 1302 1102 1344 cadere:
1136 1311 1232 1344 sunt
1252 1311 1390 1345 autem
1407 1318 1547 1344 rursus
1567 1303 1659 1358 plu-

143 1379 248 1420 rima
268 1378 345 1420 rite
365 1377 615 1434 excogitata,
648 1377 784 1433 qualia
804 1377 914 1418 viros
935 1376 1085 1418 harum
1106 1393 1246 1418 rerum
1268 1377 1458 1419 callentes
1472 1377 1659 1433 jucunde

143 1452 433 1502 morabuntur,
456 1460 496 1493 et
516 1460 682 1493 aetatem
701 1451 848 1493 ferent:
882 1468 930 1493 ea
949 1452 1224 1507 potissimum,
1248 1467 1351 1508 qnae
1370 1453 1414 1492 in
1437 1452 1547 1492 Novi
1566 1452 1660 1493 Re-

143 1528 250 1569 deris
268 1527 548 1568 monumentis
569 1526 823 1582 explicandis
839 1535 962 1583 atque
977 1527 1228 1568 illustrandis
1245 1534 1503 1582 occupantur
1509 1544 1521 1576 3
1545 1526 1658 1577 alibi,

143 1602 221 1643 nisi
251 1600 381 1652 fallor,
413 1601 527 1643 haud
557 1610 711 1643 temere
741 1602 1001 1657 reperienda:
1048 1602 1161 1658 quod
1202 1602 1308 1643 serio
1339 1600 1660 1656 triumphamus.

146 1677 245 1719 Non
260 1676 377 1717 enim
396 1676 425 1716 ii
446 1691 601 1726 sumus,
636 1677 707 1732 qui
738 1691 873 1718 sacros
894 1676 1020 1717 libros
1040 1676 1104 1717 vel
1125 1691 1220 1717 cum
1241 1675 1503 1716 nobilissimis
1525 1674 1662 1715 ethni-

146 1766 290 1793 corum
320 1758 505 1792 veterum
524 1751 568 1791 in
589 1750 734 1792 eadem
754 1750 909 1792 trutina
931 1750 1100 1790 velimus
1121 1764 1292 1804 ponere,
1316 1756 1388 1789 aut
1407 1747 1554 1788 eodem
1575 1755 1660 1789 stu-

146 1825 216 1866 dio
237 1823 592 1874 commentandos,
615 1839 663 1865 ac
679 1824 956 1873 meditandOS,
980 1822 1159 1864 cordatis
1173 1822 1315 1864 saltem
1327 1821 1566 1864 hominibus
1587 1837 1660 1864 au·

149 1907 369 1939 tumemus:
403 1907 519 1936 πολλῆς
537 1913 576 1945 γε
590 1915 652 1936 xus
673 1895 728 1935 δει·

538 2057 672 2101 Χςυσεοι
690 2057 872 2098 zachaeum,
891 2044 1075 2097 ἑκατομζοῗ
1093 2045 1275 2085 εννεοιέοιων.

208 2191 304 2232 Jam
324 2205 436 2242 vero,
458 2192 573 2248 prius
594 2192 693 2234 libet
712 2192 953 2234 brevissime
973 2191 1216 2248 disquirere,
1250 2205 1375 2247 quam
1394 2190 1493 2232 huic
1511 2191 1659 2247 praefa-

151 2264 253 2305 tioni
283 2264 409 2307 finem
430 2281 601 2321 ponam,
634 2275 775 2308 utrum
808 2267 1028 2309 Lucretius
1059 2274 1199 2308 noster
1228 2265 1307 2308 alia
1335 2265 1491 2323 ingenii
1510 2280 1660 2307 monu-

151 2346 291 2379 menta
310 2340 516 2395 quaepiam
536 2341 661 2382 literis
681 2342 956 2392 mandaverit,
979 2356 1073 2397 quae
1085 2342 1130 2382 in
1145 2340 1226 2382 hoc
1246 2355 1381 2381 aevum
1402 2355 1488 2381 non
1508 2339 1660 2394 perdu-

152 2427 306 2453 ravere.
370 2413 509 2465 Certe,
534 2430 628 2456 eum
649 2415 692 2455 in
714 2416 854 2457 animo
886 2415 1078 2456 habuisse
1107 2415 1160 2456 de
1180 2416 1259 2456 situ
1281 2422 1321 2456 et
1346 2414 1539 2470 qualitate
1557 2415 1662 2454 sedi-

151 2500 214 2526 um
234 2493 474 2538 sanctarum,
504 2504 604 2544 quas
625 2491 800 2531 numina
820 2490 996 2531 deorum
1018 2498 1174 2540 tenent,
1197 2490 1250 2531 de
1269 2487 1497 2530 tenuissima*
1516 2487 1661 2528 itidem

150 2560 335 2615 ipsorum
355 2561 517 2612 natura,
549 2578 717 2618 prorsus
740 2564 931 2615 intactili,
965 2580 1042 2606 nec
1062 2564 1306 2606 admittente
1327 2569 1482 2603 tactum
1502 2562 1659 2617 utique,

150 2648 228 2675 nec
257 2635 432 2675 vicissim
458 2646 842 2687 exercente;—-non
873 2638 1155 2694 perfunctorie
1185 2638 1397 2686 disserere,
1430 2651 1504 2678 suo
1533 2636 1660 2691 ipsius

153 2709 278 2749 etiam
297 2710 533 2752 testimonio
555 2710 820 2766 liquidissime
836 2712 1058 2769 colligitur,
1081 2712 1125 2752 in
1140 2711 1209 2752 lib.
1230 2727 1267 2752 v.
1289 2725 1393 2752 verr.
1422 2713 1658 2752 147—158.

155 2797 284 2837 quum
304 2793 642 2842 argumentorum
665 2787 978 2842 propositorum
1004 2786 1164 2837 seriem,
1197 2786 1267 2842 qui
1292 2785 1489 2843 sequitur,
1523 2800 1661 2827 versus

160 2856 337 2900 claudat:
