1894 3253
234 265 324 311 178

728 257 788 303 Τ.
847 255 1228 304 LUCRETII

231 395 339 432 1040
371 390 583 438 Materies,
607 388 740 444 aliqua
763 390 923 430 ratione
943 403 1084 428 aversa
1103 388 1199 428 via'i.

370 465 458 506 Nec
477 464 610 521 plagae
630 471 802 519 possunt
822 463 1072 504 extrinsecus
1092 461 1277 516 undique
1297 474 1500 502 summam

370 539 625 580 Conservare
645 554 828 589 omnem,
851 552 1155 594 quaequomque
1176 544 1236 577 est
1256 536 1488 578 conciliata:

369 613 534 654 Cudere
554 613 665 654 enim
685 613 830 654 crebro
850 620 1037 668 possunt,
1059 618 1302 666 partemque
1329 610 1500 660 morari,

367 687 486 729 Dum
506 688 675 728 veniant
695 687 803 738 aliae,
826 702 873 728 ac
894 686 1073 742 subpleri
1095 700 1256 727 summa
1275 692 1466 740 queatur3

220 844 310 874 Hinc
325 843 454 874 fortasse
470 844 605 875 Plautus
627 845 722 876 etiam
747 844 951 885 corrigendus

218 902 321 933 restat,
339 896 433 935 Epid.
445 906 470 927 v.
491 901 516 927 1.
533 900 584 928 45.

311 964 448 989 Perdidisti
459 969 486 990 et
497 965 622 998 reparasti
634 973 691 996 me,
702 974 776 992 soror
786 968 828 991 !—

217 1021 327 1062 Vulgo
341 1022 469 1062 legitur,
486 1025 635 1062 reperisti.
728 1054 732 1058 ,

261 1074 336 1104 Ver.
365 1078 457 1104 1058.
482 1076 627 1115 Diffluz't:
665 1075 684 1105 i.
709 1086 735 1105 e.
765 1075 951 1116 liquescit—

215 1126 641 1165 dissolvitur—diffunditur,
681 1133 712 1157 et
741 1128 782 1158 ad
811 1128 950 1158 nihilum

214 1179 380 1216 evanescit,
411 1185 447 1209 ut
469 1190 552 1220 aqua
574 1180 607 1209 in
631 1185 746 1210 terram
773 1180 942 1212 destillata:

214 1230 285 1260 vide
303 1230 465 1269 Sophoclis
482 1231 631 1260 Trachin.
660 1235 731 1262 698.
755 1236 786 1260 et
802 1232 947 1262 animad-

214 1283 371 1313 versiones
385 1294 479 1313 meas.
512 1284 616 1314 Locus
631 1289 677 1313 est
691 1285 949 1324 germanissimus

213 1335 357 1374 Apuleii,
374 1335 407 1365 in
422 1341 495 1365 met.
512 1336 553 1366 ix.
577 1347 606 1375 p.
625 1340 697 1366 640.
720 1337 768 1366 ed.
797 1336 947 1367 Oudend.

214 1390 236 1405 “
253 1386 432 1425 Interdum,
449 1387 602 1417 acerrimo
618 1388 765 1427 gravique
775 1388 870 1418 odore
883 1388 946 1418 sul—

213 1441 235 1457 “
252 1439 360 1478 phuris
371 1439 498 1479 juvenis
510 1439 666 1470 inescatus
676 1445 769 1479 atque
782 1441 947 1470 obnubila-

213 1493 236 1508 “
253 1496 313 1526 tus,
329 1490 498 1520 intercluso
514 1491 637 1530 spiritu,
660 1491 860 1531 diffluebat?
886 1491 904 1521 i.
922 1503 947 1522 e.

211 1541 319 1571 animo
335 1547 366 1571 et
380 1541 497 1571 viribus
509 1541 869 1572 deficiebatur—sensim
882 1543 945 1572 col-

210 1592 385 1629 labebatur,
411 1598 442 1622 et
456 1593 546 1633 quasi
562 1595 776 1631 evanescebat,
804 1593 947 1634 undique

210 1644 323 1682 sparsis
338 1644 462 1674 viribus.
510 1644 585 1674 Alia
600 1650 646 1674 est
661 1644 822 1675 translatio
840 1645 945 1685 Virgi-

209 1694 307 1733 liana,
324 1695 363 1725 ad
381 1696 456 1726 AEn.
473 1695 504 1726 ii.
520 1699 582 1727 169

272 1778 314 1801 Ex
323 1777 465 1807 illofluere,
477 1784 507 1802 ac
519 1780 591 1802 retro
602 1777 724 1809 sublapsa
736 1777 839 1808 referri,

272 1810 322 1833 Res
333 1808 473 1833 Danaum:

208 1890 323 1919 nempe
354 1890 391 1910 ex
417 1880 484 1910 saxi
512 1881 681 1922 fragmine,
706 1881 791 1922 quod
807 1887 943 1912 vetustas

210 1931 344 1969 subruit,
374 1932 422 1961 vel
456 1931 551 1962 ruina
581 1933 731 1973 qualibet,
762 1932 941 1971 decidente;

210 1991 285 2020 ergo
315 1983 394 2012 bene
428 1983 566 2013 Servius:
607 1984 770 2020 “Flam-e,
802 1985 942 2020 delabi;'’

210 2042 274 2061 non
290 2034 399 2070 dilabi,
422 2044 493 2073 quae
509 2034 603 2064 dictio
616 2035 801 2065 Lucretium
816 2046 942 2066 accura—

208 2083 272 2113 tius
297 2084 491 2123 interpretari
516 2085 610 2115 valet:
646 2086 704 2115 etsi
734 2086 853 2116 fuerint
877 2087 940 2116 for-

209 2136 298 2166 tassis
312 2136 500 2174 occasiones,
525 2137 640 2176 quibus
664 2138 780 2167 utravis
806 2148 865 2168 vox
892 2138 940 2167 in-

208 2186 388 2217 differenter
407 2187 547 2218 adhiberi
570 2188 692 2227 poterit.
738 2189 886 2230 Heynius
901 2189 942 2219 ad

206 2237 313 2268 locum
344 2237 466 2268 fallitur
491 2239 624 2279 egregie.
678 2239 784 2270 Adeas
814 2241 940 2271 Terent.

208 2290 329 2320 Heaut.
353 2301 380 2320 V.
412 2294 437 2320 1.
464 2293 512 2321 73.
544 2291 649 2331 ibique
678 2292 940 2324 Westerhovium.

210 2341 262 2371 Sic
281 2342 384 2372 Graeci
401 2341 517 2380 passim
533 2342 643 2385 διαρρειν
659 2351 758 2386 «τρυφῃ,
783 2350 814 2374 et
828 2344 937 2374 simili-

209 2394 278 2429 bus,
295 2393 396 2423 solent
411 2393 522 2424 dicere.

254 2445 336 2475 Ibid.
359 2447 501 2476 amittens
518 2457 634 2485 corpus.
688 2447 784 2477 Hanc
806 2447 938 2478 locutio-

210 2506 284 2526 nem
300 2496 451 2527 dabamus
466 2508 592 2536 operam
608 2498 763 2528 illustrare
779 2509 884 2538 supra,
900 2499 940 2529 ad

209 2557 270 2577 ver.
288 2551 359 2578 810.
381 2558 444 2588 quo
459 2549 677 2579 amandandus
691 2549 788 2579 lector
799 2556 852 2580 est.

256 2598 337 2629 Ibid.
360 2602 405 2630 sic
421 2602 522 2630 omnia
539 2602 644 2631 debent
660 2602 806 2632 Dissolvi.
851 2601 937 2631 Tan-

212 2654 282 2679 tum
298 2661 362 2680 non
378 2653 507 2682 verbum
522 2653 616 2682 verbo
633 2652 788 2693 Virgilius
810 2654 876 2684 haec
893 2653 939 2684 ef-

212 2699 312 2736 finxit,
328 2712 395 2741 geo.
411 2702 430 2733 i.
448 2707 519 2734 200.

623 2789 658 2814 sic
668 2789 752 2814 omnia
762 2789 824 2814 fatis

309 2825 338 2847 In
351 2826 508 2856 pejusfluere
517 2838 525 2853 .·

213 2898 256 2929 sic
271 2899 318 2928 uti
334 2909 391 2929 nos
406 2901 622 2941 castigandum
634 2915 698 2934 esse
711 2905 939 2940 contendimus,

213 2955 243 2979 et
259 2950 343 2980 hunc
360 2950 464 2980 locum
480 2952 617 2983 Lucretii
629 2955 780 2986 habemus
792 2955 940 2986 strenuis-

994 843 1073 872 sime
1104 841 1348 872 subvenientem.
1406 841 1571 880 Consulas,
1597 841 1622 871 si
1651 842 1731 872 tanti

995 894 1045 931 sit,
1062 904 1132 933 quae
1147 893 1327 932 nuperrime
1343 892 1383 922 ad
1398 893 1495 922 istum
1509 903 1632 923 versum
1644 903 1730 923 com-

996 945 1131 975 mentati
1146 955 1266 974 sumus.

1040 995 1112 1026 Ver.
1130 999 1222 1026 1039.
1245 995 1354 1036 defecit
1361 1009 1371 1026 :
1399 995 1440 1025 V.
1457 995 1505 1025 ed.
1532 996 1661 1036 dffCiti
1689 996 1728 1027 Ο.

994 1049 1131 1090 dqfiecit;
1158 1054 1199 1077 Π.
1220 1053 1264 1077 Ω.
1288 1049 1411 1089 defici&
1440 1052 1474 1078 Δ.
1490 1049 1591 1089 defici.

1039 1098 1121 1129 Ibid.
1145 1098 1257 1138 defecit
1271 1099 1474 1138 subpeditare.
1514 1098 1630 1128 Rarius
1645 1098 1727 1139 regi-

993 1161 1067 1181 men
1083 1151 1236 1180 habemus
1252 1151 1383 1191 hujusce
1392 1151 1479 1181 verbi
1491 1160 1565 1181 cum
1574 1150 1729 1180 infinitivo

994 1208 1152 1242 sequente,
1167 1211 1270 1241 neque
1280 1202 1353 1232 alibi
1367 1208 1483 1232 temere
1495 1201 1726 1241 reperiendum.

995 1253 1046 1283 Sic
1062 1259 1169 1283 autem
1187 1253 1296 1291 Silius,
1312 1253 1355 1283 iii.
1375 1256 1445 1284 111.

1342 1338 1377 1362 sic
1389 1337 1495 1362 foedera
1507 1342 1582 1368 nota,

1010 1369 1206 1408 'Primitiaeque
1218 1378 1280 1407 tori,
1289 1377 1390 1409 gelidos
1398 1381 1429 1401 ut
1441 1377 1560 1402 scandere
1570 1382 1663 1403 tecum

1023 1416 1147 1448 Deficiam
1160 1421 1266 1442 montes
1279 1418 1382 1448 conjux
1395 1419 1457 1442 tua?

993 1491 1047 1521 Ad
1062 1502 1157 1531 quem
1173 1492 1279 1521 locum
1293 1492 1430 1522 Heinsio
1445 1502 1594 1531 reponere
1609 1491 1727 1523 volenti

990 1544 1134 1584 Deficior
1160 1553 1200 1572 ne
1224 1542 1410 1580 auscultem,
1435 1543 1484 1572 vel
1510 1543 1595 1573 solus
1617 1543 1727 1573 fecerit

990 1594 1164 1624 Lucretius.
1224 1594 1394 1632 Caeterum,
1425 1594 1463 1624 de
1493 1595 1552 1624 hoc
1582 1593 1726 1624 absoluto

990 1655 1050 1674 usu
1067 1645 1151 1675 verbi
1167 1647 1337 1684 suppedito,
1365 1656 1424 1675 nos
1446 1645 1585 1675 diximus
1607 1645 1647 1676 ad
1662 1655 1723 1677 ver.

990 1699 1062 1728 548.
1086 1697 1191 1727 videas
1205 1697 1302 1727 etiam
1319 1697 1565 1736 Ruhnkenium,
1588 1703 1620 1727 et
1642 1708 1723 1738 quos

986 1749 1093 1779 laudat
1108 1750 1154 1779 vir
1169 1760 1315 1790 magnus,
1331 1749 1371 1780 ad
1388 1749 1487 1780 Rutil.
1503 1750 1585 1789 Lup.
1601 1750 1633 1780 ii.
1647 1755 1675 1782 9.

1029 1802 1104 1832 Ver.
1124 1806 1214 1833 1040.
1230 1801 1336 1842 aliqud
1353 1805 1490 1833 ratione:
1510 1802 1553 1832 sic
1570 1803 1608 1833 P.
1621 1802 1719 1834 Vind.

986 1854 1026 1883 V.
1044 1853 1092 1884 ed.
1121 1854 1195 1895 (nisi
1211 1855 1296 1894 quod
1311 1855 1423 1885 habeat
1446 1856 1582 1892 rarione,
1610 1864 1720 1894 opera-

986 1915 1070 1943 rum,
1095 1911 1131 1936 ut
1145 1911 1266 1945 putem,
1283 1905 1390 1947 culpa)
1416 1907 1454 1936 B.
1479 1906 1516 1937 L.
1541 1907 1591 1937 M.
1618 1906 1658 1937 Ο.
1676 1913 1719 1937 11.

989 1963 1023 1989 Σ.
1049 1965 1092 1989 Ω..
1117 1958 1193 1988 editi
1220 1958 1363 1989 hodierni
1390 1969 1464 1989 cum
1492 1963 1527 1989 Δ.
1554 1963 1587 1988 et
1615 1959 1654 1989 G.
1680 1958 1721 2000 (si

988 2009 1064 2040 fides
1087 2010 1310 2049 Havercampo
1335 2011 1376 2040 sit
1400 2011 1533 2049 servata)
1559 2009 1643 2041 rectci
1668 2022 1716 2041 re-

984 2063 1094 2099 gione,·
1119 2061 1317 2100 improbante
1333 2061 1427 2092 etiam
1444 2063 1539 2100 probe
1561 2060 1718 2091 Bentleio.

987 2112 1113 2150 Noster,
1130 2123 1156 2142 v.
1181 2116 1252 2143 414.

1149 2181 1198 2212 vis,
1209 2182 1298 2214 aliqud
1309 2182 1406 2207 ratione
1417 2188 1526 2211 aversa,
1536 2181 1655 2206 recessit.

985 2241 1131 2261 —aversa
1141 2244 1152 2261 .·
1178 2231 1218 2262 P.
1235 2233 1375 2269 adversa,
1392 2241 1495 2260 errore
1511 2230 1643 2261 solenni.

1030 2282 1111 2313 Ibid.
1134 2294 1238 2314 aversa
1251 2284 1332 2314 via'i:
1354 2297 1405 2317 της
1419 2283 1466 2314 ὁδε
1477 2295 1718 2324 απεστρκμμεναι,

984 2343 1040 2372 pro
1055 2333 1115 2370 vid,
1145 2334 1194 2364 vel
1209 2346 1228 2365 α
1244 2333 1307 2372 viti,
1323 2346 1450 2366 aversa:
1477 2345 1553 2365 nam
1567 2334 1718 2365 manifes-

981 2385 1102 2416 tissima
1118 2390 1165 2416 est
1189 2385 1356 2415 Graecismi
1378 2386 1501 2425 phrasis
1516 2387 1717 2417 Lucretiana.

985 2436 1220 2477 Hujuscemodi
1236 2437 1376 2467 venustis
1392 2437 1582 2468 novitatibus
1597 2436 1718 2477 potissi-

983 2502 1074 2521 mum
1091 2492 1248 2522 Horatius
1263 2492 1452 2529 delectatum
1475 2497 1511 2522 ut
1526 2494 1645 2522 irarum
1662 2492 1716 2520 ab·

983 2545 1105 2581 stineto,
1136 2549 1167 2573 et
1188 2545 1292 2574 desine
1315 2545 1520 2583 querelarum,
1552 2553 1622 2583 quae
1644 2546 1718 2571 sunt

983 2595 1130 2625 omnibus
1147 2595 1319 2626 notissima.
1365 2596 1448 2625 Haec
1463 2600 1569 2625 autem
1581 2592 1715 2632 exquisi-

984 2647 1044 2677 tior
1067 2647 1218 2686 scriptura
1240 2647 1425 2687 scrupulum
1446 2644 1608 2676 nonnullis
1630 2644 1716 2674 haud

985 2698 1080 2729 dubie
1095 2698 1215 2739 injecit,
1232 2705 1263 2729 et
1281 2698 1491 2739 vulgariorem
1510 2695 1715 2725 constructio-

985 2761 1071 2788 nem,
1090 2765 1131 2791 τῳ
1146 2750 1229 2782 νεοιᾶ
1248 2752 1369 2791 regione
1385 2747 1624 2788 suppeditatam,
1641 2747 1716 2778 huic

985 2801 1055 2832 loco
1070 2802 1200 2841 peperit.
1563 2835 1565 2838 ι

1028 2854 1104 2884 Ver.
1135 2856 1225 2884 1041.
1243 2857 1388 2892 possunt:
1423 2850 1468 2880 ita
1491 2850 1525 2880 P.
1550 2849 1647 2880 Vind.
1673 2850 1714 2880 V.

984 2904 1034 2935 ed.
1054 2905 1090 2934 Β.
1110 2904 1148 2934 G.
1165 2904 1201 2933 L.
1226 2903 1273 2932 M.
1299 2907 1336 2933 Δ.
1362 2907 1405 2932 Π.
1432 2901 1556 2942 reliqui,
1579 2907 1616 2932 ut
1637 2900 1712 2932 editi

983 2954 1135 2995 plerique,
1146 2959 1274 2994 possent.
