1894 3253
176 257 245 295 44

678 247 738 296 T.
791 246 1172 297 LUCRETII

322 380 364 422 Si
387 394 488 431 non,
510 386 622 420 certa
640 393 713 419 suo
734 379 830 434 quia
848 386 1035 434 tempore
1055 377 1212 420 semina
1231 390 1369 418 rerum

321 454 463 504 Quom
483 452 786 502 confluxerunt,
808 452 952 508 patefit
971 452 1260 508 quodcumque
1280 458 1460 502 creatur,

319 529 436 571 Dum
456 534 715 582 tempestates
735 526 900 576 adsunt,
922 534 962 567 et
982 526 1119 567 vivida
1138 525 1255 567 tellus

212 609 291 644 180
322 603 435 644 Tuto
456 616 519 642 res
540 609 700 642 teneras
720 601 845 643 ecfert
864 601 908 642 in
928 601 1095 642 luminis
1116 600 1234 641 oras?

322 675 464 727 Quod,
488 675 520 717 si
540 675 592 717 de
611 674 741 716 nihilo
761 674 922 726 fierent,
946 675 1086 717 subito
1108 682 1382 716 exorerentur

175 844 288 869 errore,
299 832 332 863 ni
340 832 442 871 fallor,
453 832 642 863 conferentis
651 832 799 869 codicem,
807 842 909 873 neque

178 886 310 917 nimiam
325 885 564 915 similitudinem
586 885 747 915 literarum
769 891 782 916 t
797 890 828 915 et
843 896 859 916 c
874 885 908 915 in

176 937 308 968 minoris
322 937 481 976 scripturae
492 936 602 966 formis
613 936 735 966 intento
747 935 821 966 satis
832 946 906 966 ocu-

177 991 209 1021 lo
224 989 392 1020 lustrantis.

223 1042 305 1073 Ibid.
323 1043 479 1072 suadente.
526 1040 577 1069 Ita
595 1040 634 1070 G.
648 1040 684 1070 B.
700 1040 737 1071 L.
755 1041 801 1070 M.
819 1044 854 1070 Δ.
868 1046 909 1070 Π.

178 1101 215 1129 Σ.
234 1103 279 1126 Ω..
295 1097 435 1132 suadere,
458 1095 499 1124 V.
516 1093 563 1124 ed.
586 1096 716 1124 sudante
739 1100 846 1124 autem
869 1092 906 1123 P.

177 1159 251 1179 cum
266 1147 345 1185 aliis,
357 1146 461 1177 hebeti
477 1145 613 1175 nimium
628 1151 721 1185 atque
735 1144 846 1175 inscita
857 1155 906 1174 ra.-

176 1201 271 1231 tione.
325 1199 394 1229 Nos
418 1197 574 1234 dedimus,
600 1207 670 1236 quae
696 1196 721 1225 si
748 1207 822 1226 cum
849 1197 907 1226 hac

176 1263 252 1284 voce
267 1250 458 1283 conferenda
472 1249 599 1287 dixeris,
615 1249 701 1279 idern
716 1255 821 1279 mutes

255 1318 358 1352 Χςυσεαι
371 1320 506 1349 χαλκωων,
521 1311 668 1347 {zaza-olma?
681 1311 831 1340 εννεαιέοιωνὲ

179 1370 274 1411 longe
288 1369 389 1409 magis
413 1367 543 1407 poetica,
561 1373 654 1407 atque
670 1378 688 1397 a
714 1368 834 1408 vulgari
857 1379 911 1407 pe-

179 1423 291 1454 destris
306 1420 454 1452 orationis
466 1430 525 1450 usu
536 1420 714 1450 remotiora.
761 1423 913 1451 Suadente

178 1485 264 1512 vero,
289 1473 376 1514 quasi
399 1471 522 1502 blandis
545 1470 670 1500 vocibus
693 1471 912 1511 compellante,

180 1533 212 1558 et
227 1524 517 1557 commodissimam
533 1534 565 1553 se
575 1524 810 1555 effundentibus
820 1535 912 1563 spon-

180 1579 275 1610 dente
291 1582 522 1617 tempestatem3
546 1582 582 1606 ut
597 1576 761 1617 Virgilius,
785 1587 853 1618 geo.
869 1576 913 1606 iii.

180 1634 255 1661 522.

316 1699 432 1731 Zephyris
444 1706 508 1724 cum
520 1700 585 1725 Iaeta
597 1698 750 1724 vocantibus
762 1702 912 1723 aestas—-.

183 1756 375 1787 Salmasium
401 1756 547 1796 equidem
569 1766 643 1786 cum
658 1755 769 1785 festivo
787 1761 912 1790 conatu,

180 1820 236 1839 sua
267 1810 370 1844 dante,
401 1807 535 1848 longum
565 1807 666 1837 valere
687 1806 851 1845 jusserim3
883 1811 914 1836 et

184 1861 336 1892 Creechio
351 1871 408 1890 nec
420 1860 581 1900 judicium
597 1870 654 1890 nec
669 1859 756 1898 lepor
771 1858 910 1898 contige-

183 1919 245 1950 rat,
260 1914 389 1943 sudante
404 1912 558 1951 probanti.

183 1964 294 1999 Porro,
310 1963 383 1992 hinc
400 1973 537 2000 exorsus,
556 1963 619 1993 Dei
634 1962 782 2001 praedicat
805 1961 908 1992 omni-

182 2015 357 2055 potentiam
372 2014 562 2054 gravissimis
584 2014 721 2044 versibus
743 2024 781 2043 ao
795 2013 912 2043 suavis-

185 2067 273 2097 simis
297 2066 455 2103 Sedulius,
479 2076 557 2106 quos
572 2065 598 2094 si
614 2064 759 2102 attulero,
780 2063 913 2104 gratiam

182 2129 248 2149 non
274 2117 440 2148 minimam
466 2128 485 2148 a
499 2117 593 2148 lautis
617 2116 784 2147 lectoribus
806 2116 909 2146 inibo:

183 2172 287 2212 pasch.
300 2181 394 2201 carm.
410 2171 462 2202 lib.
482 2174 507 2202 l.

215 2240 259 2263 Te
268 2239 337 2263 duce
348 2238 461 2263 difficilis
471 2245 525 2262 non
538 2241 577 2263 est
589 2239 647 2262 via:
664 2237 787 2262 subditur
798 2236 885 2261 omnis

216 2287 337 2318 Imperiis
345 2289 443 2311 natura
456 2285 519 2316 tuis,
531 2286 639 2316 rituque
650 2285 738 2310 soluto

218 2335 328 2359 Transit
338 2335 365 2358 in
377 2334 509 2364 adversas,
518 2335 589 2365 jussu
602 2334 769 2363 dominante,
779 2332 887 2364 figuras.

218 2383 244 2407 Si
250 2383 343 2413 jubeas
354 2382 447 2407 mediis
458 2384 559 2413 segetes
570 2387 644 2406 arere
654 2380 764 2412 pruinis,

218 2432 362 2455 Messorem
374 2430 505 2462 producet
516 2430 629 2461 hyems;
648 2429 669 2453 si
679 2435 787 2454 currere
797 2430 918 2453 mustum

218 2479 325 2505 Vernali
336 2480 384 2504 sub
395 2479 450 2504 sole
460 2478 535 2509 velis,
547 2478 702 2503 florentibus
712 2478 781 2502 arvis

217 2527 341 2551 Sordidus
352 2527 491 2559 impressas
502 2526 615 2552 calcabit
624 2526 723 2550 vinitor
734 2532 814 2555 uvas3

219 2574 378 2605 Cunctaque
388 2574 482 2599 divinis
493 2574 625 2607 parebunt
635 2577 759 2605 tempora
770 2572 857 2598 dictis.

187 2629 254 2661 Pro
273 2642 369 2667 arere,
385 2631 586 2662 scribendum
608 2630 756 2666 fortassis,
771 2632 892 2660 horrere
902 2642 913 2663 ;

187 2681 280 2720 spicis
294 2682 424 2712 scilicet:
443 2689 475 2713 et
489 2685 546 2713 has
561 2693 651 2713 voces
666 2681 830 2722 aliquoties
844 2691 921 2711 con-

187 2732 281 2763 fundi
303 2732 402 2763 discas
416 2734 455 2764 ab
472 2733 608 2765 Heinsio
625 2734 665 2765 ad
682 2732 774 2764 Ovid.
789 2738 862 2763 met.
881 2732 920 2764 iv.

190 2787 263 2816 777.

230 2836 307 2866 Ver.
323 2839 392 2867 177.
407 2839 491 2877 quia.
537 2837 588 2867 sic
604 2838 639 2868 P.
657 2842 689 2867 et
703 2842 836 2878 quatuor
847 2845 918 2866 nos-

189 2888 242 2920 tri:
260 2897 362 2930 neque
377 2888 490 2921 melius
500 2889 667 2930 procedere
681 2895 815 2930 poterat,
825 2898 921 2931 quam

953 832 994 862 ad
1009 833 1091 862 hanc
1106 831 1287 867 lectionem,
1303 830 1480 871 argumenti
1496 840 1618 862 cursus:
1640 832 1684 863 G.

952 889 1071 921 tamen,
1094 883 1136 913 V.
1152 882 1201 913 ed.
1220 883 1257 913 B.
1274 883 1315 913 L.
1333 883 1380 912 M.
1399 882 1438 912 O.
1462 883 1586 919 habent,
1611 885 1682 923 qui:

951 934 1038 965 unde
1053 944 1117 964 non
1139 933 1341 964 incommode
1357 933 1492 973 refingas
1507 933 1624 971 locum,
1641 933 1685 963 le-

952 990 1093 1019 vissimas
1127 998 1183 1027 per
1211 987 1414 1025 mutationes,
1447 987 1487 1017 ad
1510 988 1591 1017 hanc
1614 997 1687 1017 nor-

953 1053 1056 1072 mam:

981 1118 1006 1142 Si
1017 1124 1082 1147 non,
1093 1120 1167 1142 certa
1178 1123 1225 1142 suo
1237 1115 1293 1148 quoi
1306 1119 1430 1147 tempore
1443 1115 1549 1140 semina
1561 1122 1651 1140 rerum

983 1159 1046 1181 Tum
1054 1157 1256 1186 confluxerunt,
1264 1155 1358 1188 patefit
1366 1156 1558 1187 quodcumque
1566 1158 1689 1185 creatur,

984 1200 1055 1222 Dum
1068 1201 1243 1228 tempestates
1255 1197 1394 1221 adsunt—.

952 1255 970 1286 i.
987 1266 1011 1286 e.
1031 1259 1051 1273 “
1067 1255 1092 1284 si
1109 1265 1173 1285 non
1188 1254 1233 1293 id,
1249 1254 1333 1295 quod
1354 1260 1489 1292 creatur,
1505 1254 1556 1284 cui
1571 1264 1629 1284 sua
1643 1264 1691 1284 se-

953 1310 976 1325 “
992 1307 1080 1336 mina
1095 1317 1152 1337 suo
1167 1313 1307 1345 tempore
1319 1312 1395 1336 tunc
1411 1305 1602 1343 confluxere,
1626 1316 1692 1335 non

958 1364 977 1377 ‘⁴
993 1370 1024 1389 se
1039 1358 1183 1389 ostendat
1198 1359 1237 1388 ob
1253 1358 1328 1388 anni
1345 1363 1575 1396 tempestatem,
1591 1367 1685 1396 pecu-

958 1414 979 1428 “
995 1410 1113 1440 liariter
1128 1409 1406 1441 convenientem?''

959 1463 1026 1492 Nec
1042 1462 1185 1501 imperite
1200 1468 1300 1492 tentat
1317 1463 1568 1501 Havercampus:

981 1521 1005 1545 Si
1015 1528 1068 1545 non
1078 1525 1161 1551 certa,
1170 1528 1264 1552 suoque
1273 1520 1299 1544 ὶη
1309 1524 1443 1552 tempore,
1451 1521 1552 1545 semina
1561 1527 1694 1545 rerum-.

961 1572 1021 1602 Sed
1038 1572 1172 1602 enodata
1184 1572 1286 1613 magis
1298 1579 1371 1602 sunt
1382 1578 1516 1612 recepta,
1531 1578 1562 1602 et
1572 1572 1622 1603 vel
1633 1573 1694 1613 his,

959 1624 1009 1654 vel
1029 1625 1118 1663 meis,
1135 1625 1228 1666 longe
1244 1625 1453 1663 praeferenda..

1003 1676 1077 1706 Ver.
1098 1680 1166 1708 179.
1181 1678 1310 1707 adsunt:
1330 1677 1350 1706 i.
1361 1687 1387 1706 e.
1399 1677 1517 1713 favent,
1534 1676 1693 1715 opitulan-

959 1732 1029 1765 tu1‘3
1070 1733 1107 1758 ut
1134 1727 1310 1767 probissimi
1341 1727 1523 1757 Latinitatis
1552 1733 1694 1758 auctores

956 1779 1088 1817 passim:
1114 1778 1199 1808 unde
1222 1789 1302 1817 pene
1327 1777 1470 1817 inducor,
1496 1784 1532 1808 ut
1547 1778 1693 1809 medium

957 1829 1122 1860 ostendam
1150 1830 1285 1869 digitum
1311 1829 1457 1859 Bentleio
1488 1831 1623 1870 graviter
1644 1831 1693 1860 in-

958 1881 1151 1917 terminanti,
1175 1887 1206 1910 et
1222 1880 1380 1911 codicibus
1403 1882 1630 1920 obtemperem,
1654 1881 1695 1912 ad

961 1932 1074 1962 Horat.
1091 1938 1148 1962 art.
1160 1933 1241 1971 po‘et.
1258 1935 1329 1963 101.
1342 1943 1441 1972 quum
1450 1943 1516 1963 non
1528 1933 1619 1963 facile
1630 1944 1697 1964 cor-

961 1990 1144 2022 rumperent
1170 1984 1287 2013 librarii
1313 1994 1422 2014 vocem
1444 1987 1561 2025 adflent
1586 1985 1619 2014 in
1634 1985 1698 2015 suis

957 2035 1150 2068 membranis
1161 2035 1319 2073 scriptam,
1336 2046 1438 2075 neque
1453 2035 1628 2075 difficilem,
1639 2047 1694 2066 ne-

959 2098 1019 2129 que
1035 2085 1189 2126 ignotiore
1204 2085 1307 2116 vultu:

992 2156 1030 2179 Ut
1043 2154 1189 2180 ridentibus
1198 2154 1333 2184 adrident‚
1343 2153 1381 2178 ita
1393 2153 1518 2179 flentibus
1526 2154 1631 2185 adsunt,

992 2203 1110 2228 Humani
1122 2203 1215 2227 vultus
1225 2210 1234 2227 :

960 2264 980 2295 i.
996 2274 1021 2293 e.
1048 2268 1162 2302 praesto
1188 2268 1274 2301 sunt,
1301 2262 1342 2293 ad
1373 2263 1516 2304 quamvis
1545 2263 1693 2294 mutatio-

961 2326 1036 2347 nem
1051 2325 1084 2345 se
1098 2320 1220 2354 paratos
1236 2315 1391 2346 exhibent.
1438 2315 1530 2346 Idem
1545 2315 1619 2347 ibid.
1631 2325 1696 2346 ver.

963 2370 1035 2398 205.

995 2425 1146 2457 Adspirate,
1157 2428 1185 2450 et
1197 2425 1290 2456 adesse,
1302 2425 1389 2450 choris
1400 2428 1457 2450 erat
1468 2425 1581 2450 utilis—.

966 2474 1028 2504 Sed
1039 2473 1160 2514 judicio
1177 2484 1234 2504 suo
1250 2473 1374 2504 fruatur
1388 2484 1443 2513 per
1457 2484 1509 2504 rte
1521 2473 1625 2505 lector.

1003 2526 1081 2556 Ver.
1102 2529 1171 2556 180.
1188 2537 1275 2557 oras:
1294 2526 1342 2556 M.
1355 2528 1457 2564 horas,
1473 2524 1587 2555 usitata
1598 2525 1696 2556 varia-

960 2577 1059 2608 tione:
1098 2576 1263 2608 Bentleius
1285 2576 1399 2607 maluit
1424 2588 1520 2607 auras
1542 2581 1611 2615 post
1635 2576 1696 2605 Fa-

961 2630 1077 2666 brum;
1098 2635 1134 2659 ut
1149 2635 1270 2660 teneras
1295 2640 1390 2659 auras
1417 2627 1695 2667 conjungerentur.

964 2680 1064 2710 Nobis
1076 2691 1178 2721 neque
1190 2680 1305 2711 arridet
1315 2679 1435 2720 phrasis
1449 2689 1543 2708 auras
1557 2679 1696 2716 luminis,

964 2743 1066 2773 neque
1081 2733 1155 2763 sinit
1170 2743 1285 2764 novare
1306 2733 1340 2762 in
1355 2733 1413 2761 hoc
1429 2730 1508 2768 loco,
1524 2728 1573 2759 vel
1595 2728 1696 2759 ambi-

963 2794 1036 2825 guae
1057 2784 1159 2825 magis
1176 2782 1414 2815 constructionis
1437 2781 1543 2818 timor,
1559 2779 1609 2810 vel
1622 2779 1696 2809 imi-

963 2835 1041 2865 tatio
1056 2835 1245 2876 Virgiliana,
1262 2843 1358 2875 quam
1374 2832 1479 2862 statim
1502 2841 1560 2862 suo
1575 2836 1699 2871 tempo?

964 2897 998 2919 re
1011 2887 1179 2919 lectoribus
1192 2885 1307 2917 nostris
1318 2883 1520 2925 proferemus.
