1894 3253
159 261 224 305 6'6

672 253 733 301 Τ.
774 245 1158 298 LUCRETII

303 387 393 430 Nec
413 388 572 428 ratione
590 384 725 425 fluunt
745 381 838 432 alifi,
872 388 1132 438 stragemque
1146 386 1395 437 propagant,

304 463 369 504 Ac
390 474 515 516 quom
535 457 667 498 mollis
687 472 806 513 aquae
826 455 958 496 fertur
977 462 1127 495 natura
1145 462 1316 510 repente

303 535 494 577 Flumine
513 531 763 582 abundanti5
795 545 920 587 quem
940 529 1063 586 largis
1083 528 1285 570 imbribus
1306 535 1430 586 auget

165 692 274 723 Addas
291 691 435 727 Statium,
453 691 552 721 Theb.
567 690 606 720 iv.
623 693 696 721 680.

175 752 297 782 Tempus
304 753 371 779 erat,
380 749 464 774 medii
471 756 536 773 cum
545 748 629 773 solem
640 748 669 772 in
679 747 793 773 culmina
802 746 892 772 mundi

176 791 262 816 Tollit
273 790 369 815 anhela
380 790 482 815 dies—z

166 851 239 871 cum
252 839 375 877 Boetio,
391 839 442 869 lib.
460 838 499 869 iv.
514 844 588 868 met.
605 842 633 869 6.

284 897 398 930 Adspice
408 897 509 921 summi
519 896 631 921 culmina
647 895 700 920 coeli
711 903 721 919 .·

159 947 379 987 Juvmcoque,
403 956 514 986 evang.
538 945 609 975 hist.
633 945 678 975 iii.
705 954 811 974 versus
826 953 890 973 nou

162 998 305 1037 illepidos
320 997 486 1028 fundente:

193 1084 234 1108 Sic
246 1083 320 1107 vobis
330 1082 412 1108 faciet
423 1083 539 1114 genitor,
551 1081 597 1113 qui
608 1081 720 1106 culmina
731 1081 786 1105 caeli

192 1123 320 1153 Possidet,
331 1123 449 1148 immites
460 1130 535 1147 saevo
547 1123 567 1147 si
578 1127 687 1154 pectore
699 1122 815 1146 fratrum

191 1166 304 1189 Peccata
315 1168 442 1188 orantum
453 1165 519 1188 dure
531 1163 625 1195 punire
633 1163 737 1187 voletis.

835 1236 896 1267 Sed

163 1291 351 1322 divinationi
373 1301 453 1321 meae
476 1290 651 1320 astruendae
675 1290 740 1320 sola
756 1288 830 1320 satis
850 1295 896 1320 est

163 1343 297 1374 imitatio
314 1342 470 1380 Maronis,
487 1342 527 1372 ad
544 1343 618 1372 AEn.
634 1342 653 1372 i.
672 1346 722 1373 67.

195 1403 229 1428 Ni
236 1403 328 1433 faciat,
336 1402 430 1433 maria,
440 1409 470 1427 ac
479 1406 570 1432 terras,
578 1402 895 1434 coelumqueprtffundum‚

196 1443 303 1475 Quippe
321 1442 409 1467 serant
431 1442 515 1474 rapidi
535 1449 639 1471 secum,
662 1445 828 1473 verrantque
849 1448 897 1473 per

290 1490 376 1508 auras.

162 1239 282 1269 Videas
297 1239 393 1268 etiam
410 1238 560 1277 Calpuru.
579 1237 637 1267 ecl.
653 1237 718 1267 viii.
736 1239 786 1268 87.

166 1533 280 1571 Porro,
311 1543 375 1563 non
401 1538 521 1563 temere
541 1532 656 1563 dixeris
678 1532 841 1562 Avienum
864 1531 898 1561 in

167 1585 303 1622 Arateis,
326 1584 365 1614 de
390 1584 508 1624 Aquila
530 1584 724 1624 loquentem,
748 1585 807 1613 hos
832 1583 898 1613 Lu-

167 1635 254 1665 cretii
270 1645 375 1664 versus
392 1635 543 1665 intuitum
565 1646 642 1674 esse,
671 1635 749 1666 adeo
772 1645 900 1674 respon-

168 1686 245 1717 dent
259 1686 446 1717 locutiones:

198 1756 360 1786 Spumosum
373 1754 425 1779 late
437 1761 506 1778 mare
518 1754 637 1784 subruit3
657 1754 748 1778 omnia
759 1754 823 1783 caeli,

198 1797 296 1822 Omnia
306 1801 444 1827 terrarum,
456 1796 615 1826 moxslabra
627 1796 749 1828 procacia
761 1799 883 1820 vertunt.

212 1855 288 1885 Ver.
304 1859 375 1885 280.
399 1862 541 1886 verrunt:
560 1855 689 1895 quidam
700 1854 824 1884 voluere
836 1865 899 1885 ων-

170 1912 252 1944 tunt,
289 1906 344 1936 sed
380 1907 485 1936 nescio
515 1917 651 1946 quorum
681 1906 902 1945 fidejussorum

168 1958 406 1988 auctoritatibus
429 1957 563 1995 suffulti,
589 1964 701 1997 praeter
724 1968 837 1995 uuum,
863 1958 902 1988 V.

172 2011 220 2041 ed.
242 2021 299 2040 nec
324 2011 422 2048 male;
445 2011 489 2040 sic
515 2011 601 2041 euim
624 2011 770 2040 conditor
788 2011 900 2040 AEne't·

173 2062 239 2099 dos,
255 2062 286 2091 ii.
303 2065 375 2093 652.

602 2125 635 2144 ne
647 2122 750 2143 vertere
761 2126 853 2143 secum

190 2163 284 2186 Cuncta
293 2164 380 2192 pater,
389 2160 500 2190 fatoque
509 2159 636 2191 urguenti
645 2159 802 2183 incumbere
810 2158 890 2183 vellet
900 2161 906 2177 ἴ

173 2221 267 2251 quem
283 2210 432 2240 Lucanus
447 2209 589 2239 imitatus
605 2215 662 2246 est,
679 2209 718 2239 ad
729 2209 836 2238 Phars.
853 2207 903 2237 vii.

174 2266 225 2294 58.
269 2261 511 2300 Nobismetipsis
541 2272 616 2291 sane
646 2272 758 2300 parum
788 2260 905 2290 arridet

173 2314 254 2344 illud
269 2314 428 2353 epitheton
442 2315 547 2344 subito.
587 2313 682 2349 Quod
692 2313 905 2353 propositurus

176 2378 260 2404 sum,
276 2366 380 2396 hilum
395 2365 549 2405 discrepat
563 2366 598 2396 in
614 2365 812 2395 lineamentis
834 2365 904 2395 lite-

176 2429 298 2449 rarum:

340 2484 371 2501 ac
382 2480 455 2509 rupto
465 2477 595 2502 vexantia
605 2477 714 2502 turbine
724 2480 841 2510 raptant.

179 2527 229 2558 Ita
243 2527 410 2568 Virgilius,
427 2528 504 2558 AEn.
522 2527 553 2558 ii.
570 2531 641 2558 416.

241 2595 352 2620 Adversi
363 2600 436 2629 rupto
448 2604 498 2622 ceu
510 2596 647 2628 quondam
659 2596 759 2621 turbine
769 2596 846 2620 venti

240 2635 408 2666 confligunt.

180 2683 225 2714 Et
253 2693 378 2713 necesse
407 2691 452 2715 est
481 2685 534 2715 ille
563 2685 603 2715 sit
631 2685 775 2715 omnium
811 2685 909 2716 lector

181 2734 319 2764 maxime
342 2735 529 2774 incuriosus,
551 2737 599 2767 vel
621 2737 654 2766 in
679 2736 818 2767 Lucretii
842 2747 909 2766 car-

181 2785 321 2815 minibus
335 2786 455 2824 hospes,
472 2788 526 2827 qui
542 2788 702 2818 docendus
714 2793 771 2826 est,
786 2788 911 2827 po‘e'tam

182 2842 325 2867 nostrum
336 2838 392 2867 has
403 2838 577 2869 vicinitates
588 2840 811 2870 vocabulorum
822 2846 911 2880 rupto

183 2888 569 2928 —raptcmt—studiosius
593 2891 707 2921 venari.
752 2891 843 2921 Nihil
866 2897 911 2922 ta-

184 2949 259 2971 men
274 2939 308 2970 in
323 2940 471 2971 Lucretio
486 2945 603 2971 temere
617 2942 734 2972 mutari
749 2942 849 2973 debet.

979 687 1055 717 Ver.
1081 690 1154 716 281.
1182 688 1305 727 fluunt.
1360 684 1494 714 Amicus
1518 694 1610 714 meus
1635 684 1667 715 J.

935 739 958 770 J
961 748 1044 775 ones,
1067 738 1173 778 vigore
1189 736 1346 772 dictionis,
1368 741 1405 766 ut
1420 741 1539 775 putem,
1555 745 1669 775 parum

937 796 1113 827 contentus,
1123 790 1261 820 tentabat
1263 788 1394 830 furunt,
1406 787 1454 817 vel
1466 794 1579 818 ruunt:
1599 797 1670 828 quae

935 851 1025 872 voces
1041 852 1114 871 sane
1131 841 1244 880 saepius
1266 839 1510 880 penniscentur;
1535 844 1565 869 et
1587 849 1667 868 non-

937 893 1017 923 nihil
1040 894 1142 923 favere
1167 892 1256 923 locus
1284 891 1411 931 Virgilii
1436 891 1533 921 videri
1563 890 1669 930 possit,

938 945 1012 974 AEn.
1028 944 1082 974 xii.
1098 948 1169 974 453.
1192 953 1287 983 quem
1309 953 1384 972 mox
1404 941 1530 972 allaturi
1546 952 1668 980 sumus,

938 997 996 1026 sub
1009 1006 1070 1026 ver.
1087 1000 1162 1025 288.

941 1048 1003 1078 Sed
1017 1048 1103 1078 enim
1117 1047 1224 1077 invitis
1238 1046 1326 1076 libris
1340 1045 1420 1075 nihil
1437 1044 1671 1075 demutandum

939 1100 1089 1137 dixerim;
1127 1109 1202 1129 cum
1226 1097 1400 1137 praesertim
1428 1102 1552 1136 recepta
1580 1095 1673 1126 lectio

939 1152 1042 1182 motui
1058 1163 1136 1183 caeco
1152 1149 1400 1190 primordiorum
1421 1149 1460 1179 sit
1483 1148 1672 1179 convenien-

940 1204 1013 1241 tior,
1024 1208 1054 1232 et
1066 1201 1279 1239 similitudini,
1291 1211 1362 1242 quae
1376 1200 1588 1241 subsequitur,
1601 1199 1674 1240 pul-

939 1253 1092 1284 cherrime
1107 1253 1269 1293 praeludat.

987 1306 1060 1336 Ver.
1079 1310 1149 1336 282.
1167 1307 1233 1336 Ac:
1259 1305 1302 1335 ita
1314 1303 1411 1334 vind.
1427 1303 1482 1334 alii
1495 1314 1604 1334 omnes
1621 1306 1675 1343 Ut,

944 1356 992 1387 vel
1022 1358 1074 1388 Et.
1121 1356 1242 1386 Verum
1275 1356 1370 1386 fuerit
1400 1355 1540 1393 fortasse,
1575 1357 1674 1390 Quam

943 1419 1049 1449 qaom;
1076 1413 1106 1437 et
1130 1418 1298 1438 concursus
1324 1407 1478 1438 similium
1500 1406 1675 1437 dictionum

943 1459 1079 1490 librariis
1094 1459 1296 1498 displicuerit.

988 1512 1067 1542 Ibid.
1084 1514 1182 1542 mollis
1197 1523 1295 1552 aquae.
1319 1510 1486 1550 Exempla,
1499 1521 1569 1552 quae
1578 1511 1676 1541 Lam-

943 1565 1037 1595 binus
1052 1564 1211 1594 suscitavit
1226 1574 1264 1594 ex
1280 1563 1371 1604 Virg.
1397 1564 1471 1594 AEn.
1487 1563 1531 1593 iX.
1551 1565 1623 1594 817.
1646 1567 1678 1593 et

944 1616 1011 1655 ipso
1041 1615 1200 1653 Lucretio,
1231 1615 1263 1645 ii.
1289 1618 1363 1646 576.
1387 1614 1449 1644 alio
1471 1619 1622 1653 spectant,
1645 1619 1677 1644 et

944 1668 1051 1698 locum
1067 1678 1173 1698 coram
1189 1666 1279 1696 nobis
1300 1666 1380 1696 nihil
1403 1665 1561 1706 adjuvant.
1608 1665 1676 1705 Ap-

946 1721 1064 1760 positus
1079 1719 1179 1750 aderit
1190 1718 1348 1756 Tibullus,
1362 1718 1381 1748 i.
1398 1722 1425 1748 4.
1446 1721 1494 1749 18.

1037 1781 1131 1810 Longa
1143 1778 1198 1803 dies
1209 1777 1276 1801 molli
1287 1785 1353 1802 saxa
1364 1777 1468 1809 peredit
1477 1777 1548 1809 aqud
1557 1784 1566 1800 .·

946 1841 1041 1871 quem
1062 1829 1175 1868 pressis
1197 1827 1335 1868 vestigiis
1363 1827 1498 1857 Ovidius
1519 1826 1679 1857 insecutus

947 1888 1004 1920 est,
1020 1889 1077 1912 art.
1094 1891 1155 1912 am.
1172 1881 1191 1911 i.
1209 1883 1280 1912 475.

963 1952 1034 1983 Quid
1049 1951 1133 1982 magis
1144 1953 1183 1975 est
1194 1944 1267 1974 saxo'
1273 1949 1389 1973 durum?
1404 1948 1469 1980 quid
1479 1947 1578 1972 mollius
1587 1946 1679 1971 unda?

994 1993 1066 2015 Dura
1082 1994 1175 2015 tamen
1187 1989 1255 2013 molli
1267 1996 1334 2013 saxa
1346 1992 1477 2012 cavantur
1488 1987 1568 2020 aqud.

949 2050 1064 2079 Ilffolle's
1091 2047 1210 2087 utique,
1239 2053 1275 2076 ut
1298 2047 1350 2076 a'e'r
1371 2052 1402 2076 et
1416 2047 1510 2075 venti.
1557 2044 1680 2074 issarius

952 2101 1074 2138 Victor,
1090 2110 1162 2140 gen.
1181 2099 1224 2128 iii.
1245 2103 1291 2129 lo.

969 2161 1019 2184 Seu
1032 2158 1173 2183 volucrum
1185 2165 1222 2182 ex
1232 2157 1329 2188 specie,
1341 2156 1420 2180 mollis
1430 2163 1494 2187 quas
1502 2156 1614 2181 sustinet
1623 2157 1677 2181 αι’-’ν.

992 2208 1065 2238 Ver.
1097 2211 1168 2237 285.
1203 2209 1352 2239 Flumine
1374 2207 1557 2236 abundanti.
1606 2205 1679 2235 Vir-

947 2261 1053 2302 gilius,
1069 2270 1136 2300 geo.
1152 2259 1172 2289 i.
1191 2262 1260 2289 115.

979 2320 1130 2346 Praesertim
1142 2319 1249 2344 incertis
1259 2319 1280 2343 si
1291 2319 1426 2343 mensibus
1436 2318 1520 2342 amnis
1530 2318 1665 2343 abundans

979 2361 1053 2386 Exit.

952 2412 1069 2442 Accius
1084 2411 1117 2440 in
1132 2410 1294 2450 Epigono,
1310 2408 1393 2448 apud
1410 2408 1568 2439 Nonium:

979 2479 1059 2511 Apud
1070 2478 1242 2502 abundantem
1253 2477 1393 2509 antiquam
1404 2483 1526 2507 amnem,
1537 2479 1566 2501 et
1577 2476 1680 2508 rapidas

1072 2519 1157 2544 undas
1174 2518 1274 2542 Inachi.

951 2578 1099 2608 Valerius
1116 2576 1292 2613 Maximus,
1308 2575 1341 2605 ii.
1357 2579 1386 2606 2.
1401 2578 1430 2605 5.
1455 2578 1477 2593 “
1495 2573 1679 2612 Conspicuae

953 2634 974 2648 “
988 2630 1147 2660 felicitatis
1165 2629 1325 2667 Arpinum
1340 2627 1486 2664 unicum;
1501 2626 1565 2655 sive
1575 2625 1678 2655 litera-

953 2685 975 2701 “
990 2692 1062 2712 rum
1074 2680 1334 2722 gloriosissimum
1345 2683 1600 2716 contemptorem,
1617 2677 1681 2706 sive

955 2738 976 2752 “
991 2731 1426 2772 abundantissimumfinalem,
1441 2728 1556 2759 intuen'
1572 2728 1680 2759 velis.”

999 2786 1081 2816 Ibid.
1104 2796 1201 2826 quenz.
1226 2785 1277 2814 Ita
1291 2783 1331 2813 G.
1343 2782 1383 2811 V.
1397 2780 1447 2811 ed.
1465 2781 1503 2810 Β.
1516 2784 1551 2810 Δ.
1564 2784 1599 2811 Σ.
1610 2789 1679 2809 om-

955 2838 1033 2868 uino
1047 2837 1218 2873 verissime,
1228 2840 1264 2864 ut
1274 2837 1431 2872 respectus
1443 2831 1555 2861 tacitus
1566 2831 1678 2863 habea-

955 2896 1008 2920 tur
1029 2890 1069 2920 ad
1092 2886 1317 2929 generaliorem
1341 2883 1512 2914 dictionem
1529 2884 1681 2924 fluvium,

956 2941 989 2971 in
1003 2942 1141 2982 flumine
1156 2938 1398 2973 delitescentem,
1412 2940 1506 2976 atque
1526 2934 1571 2965 ibi
1593 2944 1679 2965 com-
