1894 3253
601 329 694 371 AD
740 328 1135 371 LECTOREM.
1557 329 1642 369 xvii

134 445 237 487 nasii
260 444 596 487 vindobonensis
616 446 855 502 professore.
915 452 944 472 “
968 446 1116 488 Exstat
1135 444 1204 487 hic
1225 443 1358 487 codex
1379 443 1640 486 membrana-

137 526 166 545 “
189 535 283 561 ceus
317 521 361 561 in
395 520 640 562 bibliotheca
676 520 865 562 Caesarefi
907 520 1238 570 Vindobonensi‚
1280 527 1321 561 et
1370 519 1492 561 seculi
1527 519 1638 560 MD.

135 601 165 620 ‘⁴
188 594 388 650 scriptura
417 595 520 635 nitet
541 594 708 650 quidem
729 593 1043 651 elegantissima,
1077 594 1147 635 sed
1168 594 1306 635 multis
1337 594 1440 635 adeo
1460 594 1566 635 vitiis
1582 593 1640 635 fe—

134 676 165 695 “
187 669 298 719 data,
321 678 367 710 ut
395 669 439 709 in
459 668 568 709 calce
588 669 722 723 operis
742 668 911 726 longam
932 669 1027 709 satis
1047 668 1241 709 vitiorum
1273 671 1418 710 seriem
1438 669 1486 710 iis
1506 668 1642 710 homi-

134 750 163 770 “
186 744 305 784 nibus
325 743 608 800 adjungerem,
631 744 700 798 qui
717 743 908 784 codicum
924 743 1054 785 MSS.
1071 743 1179 784 vitiis
1194 743 1402 794 delectari,
1425 744 1558 785 verius
1579 743 1641 784 di-

136 823 165 843 “
187 833 293 868 cam,
317 818 481 874 nugarI,
505 819 846 860 consueverunt.''

192 967 355 1009 Scilicet
373 967 480 1008 inter
500 968 587 1009 illos
609 977 845 1026 nugatores,
869 969 939 1025 qui
960 970 1205 1024 scripturam
1225 969 1469 1023 ipsissimam
1498 970 1646 1010 vetusti

133 1041 299 1091 codicis,
323 1042 405 1082 sive
425 1043 583 1083 sincera
604 1044 669 1092 sit,
692 1044 775 1084 sive
804 1043 972 1084 demum
992 1044 1152 1093 vitiosa,
1176 1043 1351 1084 fideliter
1372 1052 1643 1099 repraesenta-

135 1125 220 1157 tam
241 1116 382 1165 velint,
405 1126 568 1172 egomet
588 1117 709 1157 nimis
730 1117 850 1157 velim
872 1132 1024 1158 nomen
1045 1117 1231 1171 profiteri
1253 1132 1408 1158 meum:
1433 1128 1474 1158 et
1493 1118 1646 1174 gratias

135 1206 214 1247 ago
235 1190 407 1231 libenter
427 1191 642 1241 maximas,
665 1191 894 1246 habeoque,
917 1191 1014 1231 huie
1034 1193 1239 1246 nugatori,
1261 1191 1374 1246 quod
1387 1193 1487 1232 vitia
1508 1191 1649 1246 hujus-

134 1281 181 1306 ce
201 1264 352 1305 codIcis
372 1265 593 1314 notaverit5
627 1280 755 1320 quum
776 1265 977 1322 genuinas
999 1265 1174 1306 aliorimi
1204 1265 1405 1307 librorum
1435 1266 1645 1317 lectiones,

135 1350 257 1395 atque
283 1338 395 1379 haud
415 1339 540 1381 dubie
560 1340 845 1391 Lucretianam,
870 1340 1109 1396 saepiuscule
1130 1340 1390 1381 confirment.
1455 1341 1648 1392 Utinam,

135 1414 258 1464 συζυγε
277 1417 404 1460 *nm-as!
436 1430 602 1458 somnus
629 1416 718 1466 tibi,
742 1426 860 1457 tuum
881 1432 1032 1457 munus
1053 1417 1307 1472 exsequenti,
1330 1431 1416 1456 non
1437 1416 1651 1472 aliquoties

135 1492 418 1548 subrepsisset3
441 1506 518 1533 nec
539 1492 840 1533 commentitias
860 1493 1138 1534 recentiorum
1155 1491 1470 1533 emendatorum
1491 1491 1652 1532 divina-

136 1567 268 1616 tiones
288 1567 379 1608 loco
393 1568 576 1608 vitiorum
597 1567 756 1616 codicis,
774 1567 818 1607 in
834 1574 1032 1608 contextu
1048 1566 1224 1607 nimium
1244 1566 1420 1607 nimium
1441 1566 1654 1623 negligen—

137 1650 214 1691 ter,
246 1642 307 1682 uti
337 1642 600 1684 vehementer
630 1642 829 1698 suspicor,
862 1642 1105 1698 reliquisses:
1139 1640 1253 1698 quod
1283 1656 1379 1682 sane
1409 1650 1450 1682 te
1480 1640 1654 1681 subinde

137 1717 321 1771 quidem,
345 1717 529 1772 quamvis
550 1717 783 1758 inconsulto
804 1715 992 1765 forsitan,
1019 1715 1174 1766 fecisse,
1197 1715 1300 1755 mihi
1322 1723 1382 1755 est
1401 1715 1444 1754 in
1466 1714 1652 1755 omnium

139 1789 262 1847 longe
282 1792 610 1845 persuasissimis.

418 1905 538 1938 Unum
555 1905 623 1938 hoc
641 1915 809 1946 maceror,
827 1910 863 1939 et
883 1903 987 1938 doleo
1005 1903 1080 1944 tibi,
1093 1903 1242 1938 Carole!
1265 1905 1398 1938 deesse.

201 2008 320 2049 Idem
340 2007 475 2048 editor
494 2022 581 2047 non
602 2014 662 2047 est
682 2007 807 2047 etiam
828 2005 1074 2062 dedignatus
1095 2006 1328 2048 adscribere
1348 2008 1500 2049 codicis
1522 2009 1655 2050 alteri-

144 2098 190 2124 us
205 2084 324 2133 vitia,
338 2090 561 2138 nugatores
575 2081 736 2122 criticos
758 2095 812 2121 ex
828 2080 1067 2121 abundante
1082 2080 1284 2122 demereri
1301 2083 1488 2138 cupidus.
1551 2083 1657 2125 Hic-

145 2173 192 2199 ce
212 2156 360 2207 codex,
383 2157 427 2196 in
458 2154 602 2197 eadem
621 2154 869 2196 bibliotheca
905 2156 1122 2211 repositus,
1156 2157 1339 2198 continet
1376 2164 1406 2183 ‘⁶
1427 2157 1660 2215 fragmenta

147 2238 177 2258 “
202 2231 386 2273 Lucretii
406 2244 461 2271 ex
481 2230 609 2280 libris,
631 2229 672 2270 ii.
689 2229 746 2270 iii.
769 2238 809 2270 et
829 2230 881 2270 vi.
903 2245 928 2270 a
948 2244 1030 2270 ver.
1049 2231 1145 2271 743.
1166 2246 1295 2286 usque
1315 2231 1368 2272 ad
1389 2231 1535 2282 finem3
1559 2241 1599 2273 et
1614 2233 1657 2272 in

150 2312 189 2359 “⁸
202 2306 407 2361 principio
428 2305 552 2346 seculi
571 2305 655 2346 xiv.
677 2314 869 2346 exaratus
890 2304 1090 2346 videtur.''

209 2453 261 2494 In
280 2453 395 2494 brevi
425 2453 570 2496 notitia
600 2453 778 2495 literaria
810 2453 862 2495 de
881 2454 1004 2495 variis
1024 2454 1272 2496 editionibus
1303 2455 1504 2505 Lucretii,
1537 2469 1661 2510 quam

151 2527 356 2584 professor
375 2528 456 2578 ille,
487 2529 645 2570 deliciae
665 2538 932 2586 nugatorum,
967 2545 1051 2571 suae
1071 2530 1267 2586 praefixit,
1291 2531 1446 2571 mentio
1476 2529 1583 2571 facta
1603 2539 1662 2571 est

149 2603 396 2658 exemplaris
432 2604 475 2643 in
505 2603 753 2645 bibliotheca
790 2605 1122 2656 Vindobonensi‚
1163 2606 1335 2646 Venetiis
1369 2606 1554 2660 impressi
1587 2620 1660 2660 per

160 2678 409 2720 Theodorum
441 2679 489 2717 de
511 2678 809 2731 Ragazonibus‚
842 2695 953 2720 anno
976 2678 1510 2721 M.CCCC.LXXXXV.
1537 2694 1661 2735 quam

154 2751 379 2792 editionem
399 2751 590 2808 equidem
621 2767 835 2808 nunquam
855 2754 954 2794 vidi:
978 2754 1048 2795 sed
1069 2770 1118 2795 eo
1135 2754 1270 2794 minus
1291 2752 1369 2794 hoc
1389 2752 1662 2794 infortunium

155 2825 381 2867 dolendum
402 2836 476 2878 est,
499 2827 611 2882 quod
632 2843 824 2883 expressa
848 2830 898 2870 sit
918 2830 972 2870 ad
992 2829 1216 2870 editionem
1238 2828 1534 2878 Veronensem,
1551 2828 1662 2883 judi-

157 2913 205 2940 ce
217 2901 446 2955 professore
465 2909 627 2951 nostro;
660 2917 788 2957 quum
821 2908 850 2928 ‘⁶
872 2903 1009 2945 multis
1030 2904 1071 2944 in
1094 2903 1206 2953 locis,
1228 2911 1350 2960 atque
1370 2903 1473 2944 adeo
1490 2904 1532 2944 in
1553 2903 1661 2942 lacu-

162 2978 192 2999 “
214 2975 292 3025 nis,
315 2990 410 3016 cum
430 2975 496 3018 illa
519 2985 664 3019 exacte
684 2979 938 3020 conveniat.’'

284 3048 393 3090 VOL.
428 3050 448 3090 Ι
452 3081 460 3092 .
913 3052 939 3088 b
