1894 3253
603 274 838 323 LIBER
880 270 1190 320 PRIMUS.

1591 270 1651 312 89

283 409 426 458 Quom
447 407 570 449 semel
590 407 827 448 institerunt
846 405 1016 462 vestigia
1036 411 1148 445 certa
1167 402 1265 451 via'1'3

283 484 352 525 Sic
373 483 454 524 alid
475 497 527 524 cx
548 482 627 523 alio
647 497 722 538 per
742 490 782 522 te
803 489 889 522 tute
909 481 996 534 ipse
1015 479 1155 519 videre

282 557 454 599 Talibus
476 558 518 597 in
540 557 661 598 rebus
680 556 852 611 poteris,
876 569 1086 609 caecasque
1105 551 1281 593 latebras

164 637 248 672 410
281 631 498 673 Insinuare
519 631 692 680 omneis,
715 637 756 670 et
777 643 919 669 verum
939 626 1182 682 protrahere
1203 625 1313 665 inde.

177 787 259 819 Ibid.
276 789 404 828 quietes:
429 786 448 816 i.
465 796 491 816 e.
508 793 697 821 αναποιυλας,
713 791 749 815 ut
767 785 869 821 Plato,

134 839 174 870 (le
189 839 270 880 legg.
286 839 305 869 i.
323 838 486 868 inin—nou
502 844 803 868 αναπαιυλαι-κατα
820 850 871 869 την

135 890 262 922 ..δᾶν-ΞΥ
290 903 346 923 ‘7013
375 889 501 928 ὑψηλᾶίς
532 887 657 931 ΣΞῚΣΡΣΟἾΡ
684 902 732 919 ilat
759 901 872 930 ffxlsspalt

137 942 310 978 Juvencus,
326 952 438 982 evang.
456 941 526 971 hist.
541 941 572 970 ii.
592 944 641 971 16.

185 1001 314 1033 vulpibus
325 1001 353 1025 in
365 1000 433 1024 saltu
445 1007 523 1032 rupes
534 1000 627 1025 excisa
638 999 768 1024 latebram

183 1041 300 1069 Praetmt,
312 1044 339 1065 et
351 1039 426 1064 :seriis
443 1039 536 1063 avibus
548 1039 594 1064 dat
606 1039 681 1071 sylva
692 1039 809 1070 quietem.

139 1096 296 1134 Hilarius,
313 1097 346 1126 in
363 1107 433 1137 gen.
449 1107 510 1127 ver.
528 1101 578 1128 96.

169 1156 277 1187 Ignibus
287 1155 418 1180 instructo
431 1156 514 1185 coelo,
532 1160 608 1188 pater
619 1157 733 1188 optime,
745 1160 828 1181 terras

168 1196 301 1220 Excolere
312 1195 477 1226 adgrederis:
498 1196 580 1219 donas
592 1200 619 1220 et
630 1202 744 1220 munere
755 1196 846 1227 opimo

170 1236 262 1266 Regna
274 1234 428 1264 hominum,
443 1235 634 1266 pecudumque
645 1235 742 1264 larem,
754 1234 874 1266 requiem-

269 1281 321 1304 que
333 1274 485 1298 volucrum.

140 1321 254 1353 Plures
275 1322 437 1361 scriptores
452 1323 508 1351 has
523 1322 662 1352 ferarum
684 1322 795 1352 domos
819 1333 873 1352 cu-

140 1374 215 1404 bilia
232 1373 417 1411 nominant;
443 1379 490 1411 ut,
507 1374 643 1412 exempli
659 1373 773 1414 gratia,
790 1374 875 1403 Livi-

139 1436 179 1455 us
195 1425 397 1456 Andronicus
413 1426 446 1455 in
467 1438 568 1468 μειερῳ
591 1427 774 1456 hexametro
791 1426 877 1465 apud

141 1477 371 1507 Terentianum
388 1477 555 1507 Maurum:

179 1538 271 1570 Dirige
280 1539 451 1570 odorisequos
462 1539 496 1563 ad
508 1542 572 1563 tecta
583 1539 676 1564 cubilia
688 1546 775 1564 caneS.

143 1587 194 1618 Sic
206 1588 439 1618 rescribendum
451 1595 569 1627 putem,
586 1599 643 1628 pro
656 1595 751 1626 certa,
766 1598 878 1628 quam-

142 1640 190 1669 vis
208 1641 308 1670 obstet
322 1651 446 1681 quoque
463 1641 587 1671 ll‘Iarius
602 1641 798 1679 Victorinus,
821 1643 879 1671 sub

145 1691 198 1722 fin.
222 1692 273 1722 lib.
297 1693 316 1722 i.
345 1699 402 1722 art.
432 1703 565 1733 gramm.
589 1693 727 1723 eundem
756 1704 880 1723 versum

143 1742 282 1774 laudans.
329 1744 436 1774 Possis
456 1755 582 1785 quoque
597 1756 692 1782 caeca,
714 1751 750 1774 ut
764 1752 881 1782 noster,

145 1803 206 1824 ver.
223 1798 296 1826 409.
344 1801 449 1829 Rom-023
471 1796 565 1825 etiam
580 1802 693 1826 vocant
711 1797 824 1832 Graeci,
848 1796 882 1825 in

145 1846 259 1885 quibus
273 1847 383 1886 utique
398 1847 472 1876 ferae
483 1847 590 1886 jacent
604 1849 786 1878 dormientes
791 1864 801 1884 ,·
821 1858 880 1878 un-

149 1896 189 1926 de
208 1897 335 1935 Statim,
353 1898 453 1928 Theb.
473 1898 523 1928 xii.
541 1901 614 1929 255.

174 1964 226 1987 Per
234 1962 339 1993 fluvios,
351 1970 444 1988 secura
458 1963 530 1993 vadi,
543 1971 692 1996 somnosque
701 1965 822 1996 ferarum

173 2003 286 2032 Praeter,
294 2007 321 2027 et
333 2002 469 2027 horrendis
480 2003 575 2028 insessa
586 2004 677 2028 cubilia
689 2006 824 2029 monstris.

145 2050 238 2081 Libet
253 2051 392 2090 insuper,
416 2052 493 2082 dum
510 2053 544 2082 in
559 2054 617 2083 hac
633 2055 764 2084 materie
778 2065 881 2086 versa-

143 2112 227 2140 mur,
253 2103 420 2133 emendare
446 2105 594 2142 Varium,
625 2105 709 2144 apud
738 2107 880 2138 Macrob.

147 2154 185 2184 vi.
210 2158 238 2185 2.

161 2216 218 2240 Ceu
227 2216 298 2240 canis
308 2217 464 2242 umbrosam
475 2217 590 2242 lustrans
602 2219 737 2251 Gortynia
749 2220 859 2251 vallem,

163 2257 189 2281 Si
200 2257 284 2282 celeris
295 2258 384 2289 potuit
399 2266 488 2284 cerva:
501 2261 685 2291 conprendere
696 2259 788 2290 lustra,

163 2297 247 2320 saevit
258 2297 285 2320 in
296 2298 451 2328 absentem3
470 2302 508 2329 et,
522 2300 624 2323 circum
635 2299 747 2331 vestigia
758 2299 882 2329 lustrans,

165 2335 276 2360 AEthera
287 2343 334 2367 per
350 2337 468 2361 nitidum
481 2342 574 2363 tenues
584 2342 702 2364 sectatur
714 2339 818 2364 odores.

152 2383 252 2422 Libri,
276 2386 607 2424 veteris.—Caetemm,
630 2393 666 2417 ut
681 2387 720 2417 ad
741 2387 881 2417 Lucreti-

150 2445 207 2465 um
234 2443 437 2475 revertamur,
467 2448 532 2468 non
557 2439 640 2469 male
664 2439 775 2479 legunt
803 2450 883 2469 non-

151 2487 244 2526 nulli,
262 2498 320 2518 nec
335 2488 510 2527 invenuste,

470 2551 582 2576 intextas
594 2552 692 2577 frunde
703 2552 805 2584 quietes
810 2562 819 2584 ;

151 2611 230 2641 quos
247 2602 388 2632 acerbius
410 2603 542 2644 castigat
560 2604 739 2642 Creechius‚
762 2605 809 2634 vir
827 2615 884 2635 nec

149 2652 304 2690 doctrina,
349 2665 406 2685 nec
448 2656 587 2696 ingenio,
633 2656 883 2695 pollentissimus.

149 2703 246 2735 Hanc
273 2705 442 2736 lectionem
470 2707 628 2748 equidem,
659 2718 722 2746 prae
747 2707 885 2748 vulgata,

150 2757 290 2795 intectas,
321 2757 416 2798 longe
446 2759 565 2789 malim.
613 2759 790 2798 Saepissime
815 2770 885 2798 per-

151 2813 315 2852 mutantur
329 2815 427 2842 textus
442 2817 474 2841 et
487 2817 582 2842 tectus
591 2826 600 2842 .·
627 2817 658 2841 et
673 2812 716 2841 sic
731 2811 816 2841 haud
828 2811 885 2847 du-

151 2858 202 2887 bie
217 2861 432 2892 emendandus
460 2869 505 2892 est
534 2863 699 2893 Sallustius
721 2862 805 2901 apud
826 2862 886 2892 Isi-

153 2909 279 2950 dorum,
297 2913 397 2954 origg.
413 2915 475 2945 xix.
493 2919 542 2946 25.
565 2925 660 2956 quem
675 2914 782 2945 laudat
798 2915 886 2945 Prei-

154 2970 262 3000 gerus:
291 2968 311 2981 “
327 2964 475 2997 Renones
501 2973 576 2997 sunt
597 2966 753 2997 velamina
773 2966 886 2997 hume-

916 787 938 802 “
954 793 1062 814 rorum
1078 788 1109 812 et
1123 781 1255 822 pectoris
1277 791 1375 821 usque
1394 779 1434 810 ad
1450 779 1648 817 umbilicum,

917 839 939 854 “
955 841 1048 875 atque
1064 836 1187 865 intortis
1203 832 1284 863 villis
1300 832 1379 862 adeo
1391 831 1522 871 hispida,
1540 837 1575 860 ut
1589 831 1649 860 im.

918 892 940 908 “
956 891 1025 919 bres
1054 894 1201 928 respuant
1209 885 1302 925 3—de
1332 886 1445 926 quibus
1474 885 1651 922 Sallustius,

918 945 941 959 “
962 943 1111 972 Germani
1133 943 1280 971 intextum
1303 939 1465 969 renonibus
1483 947 1592 976 corpus
1607 942 1651 966 te-

917 996 940 1011 “
953 992 1073 1032 gzmt:''
1098 992 1117 1022 i.
1134 1002 1159 1021 e.
1176 990 1331 1021 artissime
1346 989 1534 1019 involutum.
1567 986 1650 1017 Vul-

916 1055 969 1085 gO,
996 1047 1159 1075 intectum:
1186 1049 1229 1081 at,
1253 1053 1326 1073 cum
1341 1048 1458 1081 tegunt,
1481 1050 1576 1081 quam
1592 1050 1651 1078 pu-

917 1096 993 1127 tide!
1022 1096 1073 1126 De
1095 1095 1281 1125 confusione
1303 1104 1376 1123 vero
1393 1093 1568 1122 dictionum
1590 1098 1651 1121 tec-

918 1154 966 1178 tus
979 1153 1007 1177 et
1023 1153 1130 1184 textus,
1148 1146 1216 1176 vide
1230 1146 1454 1176 Burmannum
1465 1143 1505 1173 ad
1520 1141 1652 1173 Anthol.

918 1199 987 1229 Lat.
1005 1209 1031 1228 V.
1052 1202 1120 1228 133.
1135 1201 1164 1228 5.

963 1251 1037 1281 Ver.
1054 1253 1126 1280 407.
1150 1251 1329 1280 institerunt
1350 1250 1494 1287 vestigia;
1528 1256 1584 1285 pro
1606 1255 1655 1275 re-

918 1303 1038 1343 gimine
1054 1302 1208 1333 usitatiori
1223 1300 1454 1340 posterioribus,
1476 1301 1655 1329 institerunt

919 1357 1061 1395 vestigiis.
1094 1353 1261 1394 Virgilius,
1280 1353 1355 1382 AEn.
1374 1351 1413 1382 xi.
1430 1354 1501 1382 575.
1518 1349 1655 1390 antiqui-

920 1418 1012 1438 orum
1028 1407 1237 1438 formularum
1255 1405 1501 1436 amantissimus:

1055 1468 1156 1499 pedum
1167 1466 1260 1499 primis
1271 1465 1359 1490 infans
1374 1464 1486 1497 vestigia
1497 1464 1596 1496 plantis

953 1506 1114 1531 Inniterat—
1124 1516 1132 1532 .-

922 1562 1015 1597 atque
1037 1556 1148 1587 itidem
1170 1567 1244 1587 cum
1268 1562 1379 1597 quarto
1401 1566 1487 1593 casu,
1513 1560 1550 1585 ut
1572 1553 1659 1584 haud

923 1619 993 1639 raro
1015 1615 1133 1639 veteres
1156 1609 1282 1646 comici,
1306 1619 1375 1649 geo·
1398 1608 1441 1637 iii.
1468 1611 1537 1637 164.
1582 1607 1659 1635 AEn.

924 1660 962 1690 vi.
991 1664 1062 1691 565.
1085 1660 1135 1690 vii.
1159 1664 1232 1691 689.
1277 1660 1364 1689 Loco
1389 1664 1496 1688 autem
1519 1656 1660 1687 Lucretii

926 1722 991 1741 non
1018 1711 1211 1741 incommodi
1237 1716 1312 1740 sunt
1334 1707 1520 1740 Nemesiani
1542 1717 1658 1742 versus,

926 1773 1035 1803 cyneg.
1053 1767 1126 1794 ⁶255.

943 1826 1065 1856 Namque
1076 1828 1103 1849 et
1116 1825 1228 1848 odorato
1239 1826 1355 1848 noscunt
1366 1822 1478 1854 vestigia
1489 1825 1578 1854 prato,

941 1865 1032 1894 Atque
1042 1864 1124 1889 etiam
1136 1864 1259 1895 leporum
1275 1866 1379 1888 secreta
1391 1862 1483 1887 cubilia
1494 1864 1658 1886 monstrant.

928 1914 1024 1944 Unde
1061 1924 1125 1943 non
1157 1912 1355 1952 improbabili
1388 1917 1503 1941 conatu
1532 1910 1661 1940 Livium

929 1964 1163 2002 Andronicum,
1180 1974 1280 2003 nuper
1295 1963 1472 2000 admotum,
1488 1967 1602 1992 tentes:

958 2025 1048 2056 Dirige
1059 2024 1228 2056 odorisequom
1238 2024 1273 2048 ad
1284 2027 1377 2048 secreta
1388 2022 1481 2047 cubilia
1491 2029 1589 2047 canem.

971 2075 1044 2105 Ver.
1067 2079 1140 2106 408.
1162 2077 1228 2105 alid
1236 2089 1246 2105 .·
1275 2075 1315 2105 G.
1332 2074 1380 2104 Μ.
1403 2076 1477 2109 alit,·
1505 2073 1602 2103 Vind.
1619 2073 1659 2103 V.

927 2125 976 2156 ed.
1002 2127 1039 2157 Β.
1065 2127 1105 2157 Ο.
1130 2133 1171 2156 Π.
1196 2131 1231 2158 Σ.
1254 2127 1361 2156 aliud:
1388 2134 1524 2165 quorum
1544 2130 1661 2163 postre-

926 2187 1000 2207 mus
1014 2177 1132 2207 omittit
1152 2184 1189 2208 te.

973 2229 1046 2260 Ver.
1073 2233 1145 2262 409.
1182 2241 1280 2261 caecas
1309 2230 1449 2259 latebras.

927 2282 1002 2312 AEn.
1018 2282 1061 2312 iii.
1079 2285 1150 2312 424.

957 2342 993 2365 At
1003 2340 1120 2372 scyllam
1132 2339 1203 2365 caecis
1214 2339 1323 2364 cohibet
1332 2339 1461 2371 spelunca
1471 2338 1580 2363 latebris.

1495 2227 1661 2267 Virgilius,

969 2393 1044 2422 Ver.
1060 2396 1133 2423 410.
1152 2393 1551 2431 Insz'nuczre-proh-alzere.
1583 2390 1661 2419 Sua-

927 2444 1051 2474 w'ssime
1062 2451 1179 2484 perstat
1193 2445 1241 2474 uti
1252 2443 1411 2474 vocabulis
1422 2441 1662 2473 similitudinem

925 2498 1254 2528 convenientissimam
1268 2507 1370 2534 suam,
1389 2496 1457 2535 jam
1479 2494 1662 2530 adhibitam,

927 2550 1164 2590 attingentibus
1211 2550 1276 2579 Hae
1291 2548 1472 2578 tralationes
1486 2545 1603 2576 scilicet
1616 2546 1662 2575 vi-

927 2601 1087 2631 vidissime
1102 2606 1327 2640 repraesentant
1347 2598 1445 2628 animi
1462 2598 1662 2638 sagacitatem

928 2664 983 2692 per
998 2664 1109 2684 omnes
1130 2663 1237 2683 rerum
1259 2652 1401 2681 sinuosas
1415 2651 1562 2690 ambages
1579 2650 1661 2680 inse-

929 2705 1054 2744 quentis
1069 2704 1259 2741 Veritatem,
1283 2707 1314 2732 et
1335 2712 1373 2731 ex
1396 2701 1590 2731 abditissimo
1612 2712 1661 2732 re-

929 2766 1017 2786 cessu
1042 2755 1172 2785 tandem
1197 2755 1230 2783 in
1255 2759 1396 2792 apertam
1417 2752 1521 2783 lucem
1541 2759 1662 2792 protra-

929 2809 1041 2838 hentis.
1088 2807 1151 2837 Sed
1180 2817 1305 2837 necesse
1334 2812 1391 2843 est,
1421 2805 1475 2835 ille
1503 2812 1596 2836 natus
1624 2805 1665 2835 sit

931 2874 995 2891 ανευ
1011 2867 1151 2902 §impie-m,
1170 2859 1223 2899 qui
1239 2858 1577 2888 consummatissimam
1591 2858 1662 2887 ubi—

931 2924 992 2953 que
1007 2913 1105 2942 nostri
1129 2912 1228 2951 po'etae
1245 2911 1463 2941 dexteritatem
1485 2920 1550 2940 non
1566 2909 1661 2939 mira-

931 2964 1059 2995 bundus
1083 2962 1326 3002 contempletur;
1350 2962 1523 2992 dilucidam
1545 2961 1579 2990 in
1598 2959 1661 2999 pri-⁴

869 3024 934 3055 GE!
