1894 3253
214 239 307 279 352
710 230 771 276 Τ.

825 229 1206 279 LUCRETII

358 362 471 404 Scire
490 362 597 410 licet,
623 359 734 400 nullo
754 360 981 414 primordia
1000 376 1117 416 posse
1137 361 1278 402 dolore

356 434 549 483 Tentari3
583 433 818 489 nullamque
838 433 1087 489 voluptatem
1108 450 1255 490 capere
1275 450 1327 476 ex
1347 452 1403 477 se:

357 508 708 565 Quandoquidem
728 522 814 548 non
835 516 929 549 sunt
949 523 1001 549 ex
1022 499 1101 549 illis'
1117 509 1414 564 principiorum

356 583 625 638 Corporibus,
648 598 825 639 quorum
845 592 980 624 motus
1001 585 1181 625 novitate
1200 585 1401 634 laborent,

241 661 323 700 970
355 658 442 699 Aut
462 657 639 713 aliquem
658 657 837 712 fructum
858 659 1022 713 capiant
1042 658 1267 699 dulcedinis
1288 659 1421 699 almae:

357 732 490 773 Haud
512 733 640 789 igitur
661 731 813 773 debent
834 748 918 774 esse
939 733 1020 774 ullo
1040 733 1215 788 praedita
1235 748 1367 774 sensu.

414 807 624 862 Denique,
648 807 732 847 utei
753 815 923 861 possunt
945 808 1095 847 sentire
1114 807 1305 847 animalia
1326 821 1514 863 quaeque,

359 881 577 936 Principiis
599 881 631 922 si
654 882 742 936 jam
764 890 823 922 est
845 897 983 922 sensus
1004 882 1246 922 tribuendus
1267 896 1429 931 eorum;

359 955 498 1004 Quid?
531 970 660 1012 genus
682 955 909 996 humanum
930 956 1149 1011 propritim
1171 955 1223 996 de
1243 955 1391 1011 quibus
1412 963 1577 998 auctum
1598 964 1674 1008 est,

243 1034 324 1072 975
359 1029 521 1072 Scilicet
541 1038 582 1071 et
602 1031 685 1071 risu
707 1031 882 1072 tremulo
903 1046 1100 1072 concussa
1121 1030 1383 1081 cachinnant,

212 1202 350 1237 arbitror,
385 1202 557 1242 genuinam
587 1204 752 1233 verborum
783 1209 940 1235 construc-

212 1253 331 1283 tionem
344 1259 534 1292 perspectam
543 1255 728 1283 habuerunt.
754 1254 845 1284 Idem
855 1266 943 1293 pror-

213 1315 266 1334 sus
292 1310 375 1340 sunt,
400 1304 484 1344 quod
509 1315 562 1334 eos
590 1304 692 1342 latuit,
715 1308 887 1344 primordia
912 1313 942 1336 et

207 1359 379 1397 principia,
393 1356 439 1386 uti
452 1362 579 1385 centum
591 1356 666 1386 locis
677 1357 836 1387 evincitur.
862 1358 941 1388 Haec

213 1414 261 1438 est
275 1408 373 1448 igitur
387 1407 537 1437 orationis
560 1407 668 1437 series:
695 1412 717 1426 “
735 1408 940 1448 Quandoqui-

215 1463 237 1478 “
254 1460 337 1495 dem,
363 1460 590 1498 principiorum
616 1461 772 1500 (corpora)
790 1471 854 1490 non
870 1467 943 1490 sunt

215 1515 238 1530 “
254 1523 291 1542 ex
307 1511 380 1541 ullis
395 1512 586 1550 corporibus,
615 1522 749 1551 quorum
773 1519 878 1542 motus
899 1512 943 1542 la-

214 1567 236 1581 “
253 1565 363 1593 borent
381 1563 414 1603 (i.
433 1573 458 1593 e.
482 1562 602 1592 soleant
624 1563 765 1592 dolorem
790 1564 867 1603 pati)
891 1569 946 1593 aut

214 1620 236 1635 “
253 1616 377 1655 capiant
400 1616 539 1646 fructum
566 1616 742 1646 dulcedinis
767 1617 833 1657 (ex)
859 1617 945 1646 novi-

216 1672 237 1687 “
255 1669 357 1699 tate:’'
380 1668 441 1709 qua
459 1668 574 1698 scilicet
590 1668 621 1697 in
645 1679 758 1698 novam
776 1669 947 1707 posituram

216 1720 362 1760 migrant.
410 1719 522 1749 Malim
539 1725 654 1755 tamen,
672 1731 744 1749 cum
761 1720 946 1759 quibusdam

214 1771 309 1806 libris,
341 1771 564 1810 simpliciorem
595 1771 760 1800 lectionem
792 1773 864 1808 illis,
891 1781 946 1810 pro

216 1825 300 1860 ullis,
317 1833 410 1863 quam
428 1823 545 1860 intulit,
562 1823 685 1861 opinor,
702 1823 817 1853 falsum
829 1823 943 1862 judici-

217 1886 274 1905 um
290 1875 328 1905 de
345 1876 442 1914 poeta:
465 1886 566 1905 sensu.
613 1876 719 1915 Atque
746 1875 788 1904 ita
815 1875 944 1905 demum

218 1926 339 1956 editum
355 1926 519 1956 voluimus.
567 1927 693 1956 Nomen
720 1927 946 1956 substantivum

217 1986 354 2018 repetere
378 1979 543 2009 Lucretius
570 1981 719 2019 pepercit:
747 1991 809 2020 quo
835 1990 947 2021 genere

218 2031 370 2060 sermonis
385 2031 461 2070 quid
477 2031 638 2062 usitatius?

263 2081 337 2110 Ver.
355 2085 426 2112 969.
449 2083 600 2112 laborent:
620 2082 639 2111 i.
657 2092 682 2112 e.
698 2087 867 2118 tententur,
884 2084 948 2113 vio-

219 2131 336 2162 lentius
351 2131 533 2163 afficiantur.
556 2132 720 2172 Virgilius,
737 2144 804 2173 geo.
820 2134 863 2164 iii.
880 2138 948 2165 195.

315 2205 406 2236 Sitque
416 2205 540 2230 laboranti
551 2206 656 2230 similis:

221 2283 291 2313 quae
315 2283 352 2302 cx
380 2272 540 2302 Theocriti
566 2273 725 2303 fonticulis
749 2273 947 2314 diligentissi-

222 2335 295 2354 mus
309 2330 392 2355 vates
406 2325 519 2361 hausit,
536 2324 620 2365 idyll.
636 2325 655 2355 i.
672 2328 722 2355 41.

243 2419 321 2426 —
335 2407 524 2431 KAMNONTI
537 2416 566 2431 το
579 2415 696 2440 καρτερον
708 2406 775 2441 adipi
787 2406 927 2431 ΕΟῙΚΩΣ,

269 2479 343 2509 Ver.
365 2481 436 2511 971.
460 2480 577 2509 Haud.-
605 2479 644 2509 V.
660 2479 708 2508 ed.
735 2479 773 2509 O.
800 2485 840 2509 n.
869 2480 946 2508 Aut:

223 2536 255 2560 et
269 2531 329 2566 hic,
346 2533 477 2571 capient,
494 2542 554 2561 ver.
572 2534 643 2563 970.
661 2531 700 2561 O.
717 2531 812 2560 etiam
827 2532 920 2561 debet.

267 2582 342 2612 Ver.
359 2586 430 2613 9752.
444 2585 579 2622 possint:
600 2582 635 2612 P.
651 2582 692 2612 V.
708 2581 755 2611 ed.
772 2586 806 2612 Σ.
824 2588 868 2612 Ω.
879 2593 950 2621 pos-

226 2639 314 2669 smzt,·
339 2639 370 2663 et
386 2633 557 2663 verissime:
584 2633 683 2668 aliter,
711 2643 775 2662 non
797 2632 878 2662 valet
903 2642 951 2662 ar-

228 2691 429 2724 gumentum,
456 2685 540 2726 quod
563 2685 668 2715 statim
683 2684 882 2715 enucleatum
898 2684 952 2714 da-

228 2736 340 2766 bimus.

272 2795 347 2826 Ver.
366 2799 435 2828 973.
458 2800 486 2829 si
498 2799 580 2839 jam.
604 2798 772 2828 Facessant
785 2797 956 2837 perfricatae

230 2847 342 2877 frontis
359 2848 491 2879 editores
506 2860 579 2880 cum
593 2860 650 2880 suo
672 2853 700 2881 si
713 2852 817 2889 etiam,
844 2855 953 2881 contra

231 2899 339 2931 libros:
365 2900 435 2931 vide
450 2900 491 2931 sis
506 2908 612 2932 autem
626 2912 687 2933 ver.
707 2906 796 2933 1018.

1029 1206 1103 1236 Ver.
1121 1208 1191 1237 974.
1208 1207 1394 1244 propritim:
1414 1204 1445 1233 V
1448 1203 1512 1234 ind.
1528 1203 1567 1239 Q.
1584 1214 1717 1243 propra-

985 1259 1057 1293 tc‘m;
1077 1258 1117 1287 V.
1130 1257 1177 1287 ed.
1192 1263 1226 1287 Δ.
1242 1263 1280 1286 Π.
1293 1258 1472 1296 ρνορνὶιιτης
1495 1255 1715 1294 O.propriam;

987 1312 1021 1337 Σ.
1034 1314 1160 1346 propter
1175 1314 1419 1337 res.—auctum.·
1439 1306 1538 1336 Vind.
1554 1312 1668 1341 actum,
1680 1311 1718 1335 ut

986 1359 1121 1394 Nonius,
1138 1358 1177 1388 xi.
1192 1362 1240 1387 18.
1256 1358 1289 1387 in
1301 1368 1374 1387 voce
1382 1360 1560 1397 propritim;
1580 1357 1716 1387 editores

985 1416 1103 1448 aptium
1131 1410 1198 1439 ausi
1221 1409 1348 1446 scilicet,
1365 1409 1449 1439 libris
1465 1408 1612 1438 omnibus
1628 1407 1716 1438 Reli-

987 1462 1115 1501 gionem
1159 1461 1375 1491 invocantibus
1421 1466 1529 1490 contra
1569 1459 1718 1499 profanos

989 1512 1219 1549 emendatores,
1233 1511 1415 1546 dictionem,
1442 1510 1591 1540 Lucretio
1606 1511 1719 1541 luben-

990 1563 1109 1593 tissime
1125 1563 1363 1603 frequentatam,
1391 1566 1539 1592 contextu
1562 1572 1720 1600 emovere3

991 1621 1021 1644 et
1036 1614 1118 1644 fctus
1134 1614 1282 1653 proprios,
1307 1624 1362 1652 per
1384 1613 1548 1643 audaciam
1563 1613 1720 1644 odiosissi-

991 1676 1077 1695 mam
1094 1671 1186 1706 atque
1201 1664 1456 1704 perditissimam,
1473 1663 1631 1696 infercire:

1028 1739 1077 1767 Ὠς
1088 1744 1212 1774 αργοιλεον
1225 1737 1328 1773 πραγμ]
1343 1747 1414 1769 ἱππ-ιν,
1428 1749 1445 1763 ω
1458 1739 1512 1768 Zw,
1524 1749 1570 1764 και
1585 1734 1658 1764 3201!

991 1804 1129 1841 Interea,
1149 1804 1199 1833 vix
1221 1802 1339 1843 ambigi
1361 1808 1464 1843 queat,
1489 1812 1529 1832 an
1555 1801 1718 1832 Arnobius

989 1856 1027 1885 sit
1043 1856 1083 1885 ad
1099 1855 1236 1885 Lucretii
1253 1855 1301 1884 sui
1315 1854 1457 1895 regulam
1467 1853 1655 1894 exigendus,
1667 1853 1719 1885 lib.

991 1906 1032 1937 iii.
1055 1918 1084 1946 p.
1105 1910 1174 1937 125.
1202 1911 1224 1924 “
1244 1907 1353 1947 Usque
1369 1907 1447 1937 adeo
1461 1916 1511 1937 res
1526 1906 1624 1946 exigit
1644 1916 1720 1945 pro-

993 1963 1013 1976 “
1025 1962 1133 1998 prilim
1147 1959 1221 1989 deos
1230 1959 1378 1989 scire—.'’
1408 1958 1507 1996 Libri,
1517 1959 1718 1998 propriatim:

993 2011 1047 2040 sed
1063 2011 1177 2049 passim
1194 2016 1336 2040 nostrum
1352 2010 1507 2049 exprimit.
1555 2010 1722 2044 Caeterum,

993 2062 1145 2101 interpres
1161 2073 1225 2092 non
1241 2064 1335 2102 probe
1351 2068 1382 2092 et
1396 2062 1547 2101 explicate
1557 2059 1727 2094 declaravit

992 2114 1091 2152 po'etae
1106 2120 1245 2144 mentem
1263 2124 1298 2144 ac
1315 2120 1458 2144 tenorem
1474 2111 1664 2152 argumenti,
1681 2110 1725 2141 sic

992 2175 1024 2194 se
1040 2166 1201 2195 habentes:
1230 2169 1251 2183 ‘⁴
1268 2165 1425 2204 Denique,
1441 2164 1467 2193 si
1485 2173 1595 2193 sensus
1612 2168 1658 2192 est
1681 2162 1725 2192 ita

993 2217 1192 2255 “principiis
1216 2215 1412 2252 tribuendus,
1440 2214 1487 2243 uti
1513 2223 1550 2243 eo
1575 2213 1726 2243 animalia

993 2271 1015 2286 ‘²
1032 2268 1210 2306 potiuntur;
1234 2267 1311 2308 quid
1325 2266 1498 2297 dicendum
1520 2265 1579 2295 erit
1601 2265 1642 2295 de
1665 2265 1728 2295 illis

995 2323 1016 2338 “
1029 2320 1200 2359 principiis,
1213 2320 1325 2360 quibus
1335 2320 1432 2349 homo
1442 2316 1580 2348 constat?
1593 2317 1728 2356 Nempe,

995 2374 1016 2389 “
1033 2381 1156 2401 necesse
1178 2377 1235 2408 est,
1251 2382 1287 2400 ea
1303 2380 1397 2400 omne
1412 2369 1540 2407 faciant,
1563 2368 1648 2408 quod
1670 2369 1727 2398 ho-

994 2427 1016 2442 “
1033 2424 1148 2461 minos3
1172 2430 1208 2453 ut
1229 2424 1429 2460 cachinnent,
1446 2421 1550 2457 fleant,
1574 2426 1605 2450 et
1629 2419 1729 2461 (quod

995 2478 1016 2493 ‘⁶
1033 2475 1127 2515 longe
1137 2475 1374 2505 festivissimum
1385 2473 1444 2513 est)
1460 2473 1502 2503 „ic
1514 2471 1683 2511 disputent,
1694 2476 1730 2501 ut

996 2530 1016 2545 ‘⁴
1029 2537 1085 2556 nos
1095 2537 1179 2556 nunc
1183 2526 1260 2566 jam,
1268 2526 1307 2556 de
1315 2524 1407 2555 variis
1414 2533 1520 2554 rerum
1527 2533 1581 2562 per
1590 2522 1729 2561 ipsorum

997 2582 1019 2596 “
1036 2584 1151 2608 coetum
1164 2577 1252 2607 factis
1268 2575 1552 2612 constitutionibus,
1569 2580 1599 2604 et
1609 2573 1647 2603 de
1657 2581 1727 2612 pro-

999 2632 1019 2647 “
1037 2629 1104 2668 pria
1118 2629 1215 2659 etiam
1231 2638 1341 2658 eorum
1356 2626 1477 2657 natura.
1507 2625 1576 2656 En!
1594 2623 1650 2654 tibi
1664 2621 1727 2661 pri-

998 2684 1020 2699 “
1037 2680 1157 2711 mordia
1168 2679 1412 2717 Democritulos‚
1423 2675 1642 2709 Heraclitulos‚
1654 2678 1684 2702 et
1695 2673 1728 2702 in

1000 2739 1020 2751 “
1036 2733 1228 2774 gravissimIS
1258 2732 1518 2771 philosophorum
1549 2726 1642 2757 facta!
1683 2726 1729 2756 At

1002 2791 1021 2803 “
1037 2784 1161 2825 qualem
1178 2784 1319 2822 demum,
1335 2783 1422 2814 boni!
1447 2778 1667 2811 absurditatem
1677 2777 1708 2809 !''

1045 2836 1117 2866 Ver.
1135 2838 1205 2867 975.
1226 2841 1267 2866 et:
1293 2840 1327 2865 Δ.
1344 2840 1387 2864 ut.
1429 2833 1505 2863 Jam
1519 2830 1655 2871 legimus
1670 2839 1727 2860 au-

1003 2895 1066 2920 tem
1083 2890 1151 2920 haec
1167 2899 1270 2928 supra,
1287 2887 1320 2918 in
1336 2887 1356 2916 i.
1373 2888 1442 2917 918.
