1894 3253
191 240 286 282 324

693 233 752 279 Τ.
795 228 1174 278 LUCRETII

332 366 580 414 Seminibus,
601 362 715 404 nullo
733 370 899 418 possent
919 361 1121 403 albescere
1139 367 1278 417 pacto:

331 441 456 490 Nam,
479 452 770 494 quoquomque
789 437 916 478 modo
935 436 1164 492 perturbeS,
1187 434 1337 477 caerula
1356 448 1448 491 quae
1469 433 1564 486 sint,

331 514 571 570 Numquam
591 513 636 553 in
654 526 933 553 marmoreum
953 511 1111 566 possint
1129 510 1309 567 migrare
1328 508 1520 551 colorem.

218 591 241 631 7
247 591 299 631 75
333 588 408 630 Sin
428 588 508 629 alio
528 595 651 643 atque
671 586 750 627 alio
771 593 866 628 sunt
886 586 1042 627 semina
1061 585 1191 626 tincta
1210 584 1362 634 colore,

331 663 441 712 Quae
461 660 585 703 maris
605 660 797 703 ecficiunt
816 675 947 702 unum
966 674 1199 715 purumque
1219 659 1395 700 nitorem
1402 676 1416 708 ;

333 738 396 779 Ut
416 751 524 792 saepe
544 751 597 777 ex
616 735 702 777 aliis
722 735 878 786 formis,
901 735 1102 790 variisque
1122 733 1280 791 figuris,

332 811 533 853 Ecficitur
552 810 750 866 quiddam
770 810 1032 866 quadratum,
1055 808 1218 864 unaque
1237 807 1390 865 figur&

333 886 631 935 Conveniebat,
653 886 713 926 uti
733 885 777 925 in
798 884 999 940 quadrato
1020 884 1223 925 cernimus
1244 898 1328 923 esse

218 963 241 1002 7
247 966 300 1002 80
331 960 575 1003 Dissimileis
597 959 762 1010 formas,
784 959 842 999 ita
862 972 1029 999 cernere
1049 957 1093 997 in
1113 971 1280 1012 aequore
1299 955 1434 1011 ponti,

331 1036 419 1077 Aut
439 1033 517 1076 alio
538 1035 581 1075 in
602 1049 685 1090 quo
705 1034 764 1074 vis
785 1047 870 1074 uno
889 1046 1077 1087 puroque
1097 1031 1248 1081 nitore,

331 1109 573 1152 Dissimileis
594 1109 716 1166 longe
736 1108 843 1150 inter
864 1122 906 1149 se
925 1107 1141 1162 variosque
1161 1105 1327 1147 colores.

189 1290 241 1318 bet
268 1292 311 1317 est
333 1285 374 1315 ad
398 1284 496 1314 finem
518 1282 637 1313 versus:
663 1282 738 1312 hinc
770 1282 918 1312 Muretus

189 1339 279 1369 docte
305 1342 336 1366 et
361 1336 521 1376 eleganter
548 1333 721 1372 suspicatus
738 1338 783 1363 est
798 1333 916 1363 Lucre-

187 1391 269 1421 tium
284 1387 451 1427 scripsisse:

507 1459 681 1490 quadratum,
689 1457 913 1489 unaequefigurae:

190 1527 255 1565 sed,
278 1526 311 1555 in
327 1535 359 1554 re
374 1523 501 1553 lubricae
516 1520 727 1557 divinationis,
753 1520 793 1550 ad
819 1520 914 1559 scrip-

186 1587 289 1611 turam
306 1576 447 1617 plurium
462 1573 617 1611 codicum,
644 1579 674 1603 et
690 1573 791 1611 ipsam
806 1572 916 1602 admo-

188 1632 267 1662 dum
296 1633 470 1662 venustam,
505 1625 664 1656 attendere
698 1624 918 1655 maluerim.—

192 1685 363 1718 Caeterum,
388 1680 539 1710 horumce
562 1687 711 1707 versuum
732 1677 919 1706 sententiam

191 1736 234 1765 sic
249 1732 380 1772 accipio:
413 1735 434 1750 “
452 1730 500 1761 Ut
521 1740 559 1759 ex
582 1739 688 1759 rerum
705 1728 823 1758 diverse
838 1727 918 1768 figu-

192 1792 213 1806 “
230 1792 368 1816 ratarum
380 1782 580 1823 congestione
592 1780 710 1821 aliquid
722 1780 831 1810 formae
841 1791 918 1820 quo-

193 1843 215 1858 “
232 1836 401 1868 dammodo
417 1834 576 1876 quadratae
592 1833 739 1870 efficitur3
763 1833 847 1873 quod
862 1834 920 1863 sub

193 1894 215 1908 “
233 1889 342 1920 eadem
369 1886 507 1928 generali
529 1884 643 1923 forma,
670 1884 829 1925 quadratae
856 1894 920 1913 non

195 1944 216 1959 “
234 1940 373 1970 multum
403 1938 607 1976 discrepante,
637 1936 740 1966 modis
777 1935 921 1975 piurimis

194 1996 216 2012 “
233 1991 343 2022 variari
359 1995 472 2029 potest,
500 1999 557 2018 nec
572 1995 678 2018 tamen
693 1987 837 2028 quadrati
853 1997 920 2026 spe-

193 2047 216 2062 “
232 2044 313 2073 ciem
343 2051 468 2079 prorsus
496 2039 594 2069 exire:
633 2039 675 2068 sic
705 2049 802 2076 mare,
832 2038 858 2068 si
884 2048 922 2068 ex

193 2098 216 2113 ‘⁶
233 2091 393 2133 principiis
416 2090 557 2120 colorum
579 2089 777 2119 dissimilium
801 2095 921 2119 consta-

193 2151 216 2166 “
232 2152 291 2184 ret,
319 2153 471 2184 magnam
492 2142 632 2172 colorum
655 2141 865 2171 diversitatem
890 2141 923 2171 in

194 2203 215 2217 “
233 2196 290 2227 sua
306 2195 467 2235 superficie
483 2195 661 2230 exhiberet;
682 2192 737 2222 sed
751 2202 805 2231 per
821 2202 863 2228 se,
889 2202 921 2222 re

194 2254 215 2269 ‘⁴
234 2247 324 2279 nulla
349 2247 542 2278 extrinsecus
565 2245 773 2285 impingente,
798 2254 921 2283 semper

194 2306 217 2322 “
234 2306 341 2332 manet
355 2298 556 2331 caeruleum.’'

239 2354 314 2384 Ver.
331 2355 403 2383 780.
426 2362 561 2392 tequam:
579 2349 622 2380 sic
632 2349 671 2380 P.
689 2349 733 2381 V.
749 2348 797 2380 ed.
812 2347 923 2389 reliqui

195 2416 316 2443 omne5,
332 2415 465 2444 (equora.

238 2458 314 2488 Ver.
331 2460 401 2488 784.
427 2467 502 2496 quo:
529 2454 566 2485 P.
582 2454 623 2485 V.
640 2453 688 2484 ed.
704 2455 922 2493 quota—omne

196 2511 282 2542 deest
295 2511 335 2540 Ο.
350 2515 519 2545 sle-esset,
529 2508 649 2538 sincera
661 2507 712 2537 Pii
726 2506 924 2546 exemplaria;

196 2574 269 2601 esse,
294 2561 388 2592 Vind.
405 2561 447 2592 V.
465 2561 512 2591 ed.
537 2565 574 2591 Δ.
593 2565 628 2591 Σ.
648 2558 733 2589 unde
755 2558 926 2599 legendum

199 2623 290 2656 puto:

356 2695 410 2720 quo
423 2688 584 2720 quadratum
596 2686 685 2712 minus
693 2687 766 2711 hiisce
776 2686 808 2711 sit
820 2689 909 2711 extra.

201 2762 285 2790 -sit
313 2768 416 2791 (πίνη.-
443 2761 562 2790 sincera
590 2759 641 2790 Pii
667 2758 866 2798 exemplaria,
893 2760 926 2789 in

199 2812 271 2842 illis.

247 2862 322 2892 Ver.
341 2864 411 2893 785.
435 2864 550 2893 varici:
578 2863 614 2894 I..
632 2864 737 2899 varim
764 2862 803 2893 Ο.
822 2867 855 2894 Δ.
876 2874 927 2894 vst-

202 2924 272 2945 mos.

1004 1281 1079 1311 Ver.
1097 1283 1167 1311 787.
1191 1291 1260 1320 quce
1274 1281 1380 1310 ducit:
1407 1278 1444 1309 P.
1467 1281 1548 1320 quod
1570 1281 1686 1312 dicunt.

961 1337 1031 1362 —et
1048 1333 1149 1361 inlicit
1165 1338 1215 1361 ut:
1243 1331 1283 1360 V.
1300 1330 1347 1360 ed.
1374 1335 1408 1361 Δ.
1426 1335 1460 1362 Σ.
1485 1333 1623 1369 inlicz'tu;
1648 1333 1686 1363 P.

963 1390 1003 1414 Π.
1022 1390 1069 1414 Ω.
1087 1385 1119 1413 in
1135 1384 1270 1419 lc'cz'tum;
1298 1382 1338 1412 O.
1356 1383 1588 1414 illicitum—ut
1604 1384 1689 1414 abest

960 1435 998 1465 L.

1004 1494 1078 1523 Ver.
1097 1495 1170 1523 788.
1187 1494 1317 1522 colores:
1336 1492 1377 1522 V.
1393 1492 1440 1523 ed.
1459 1493 1497 1524 Ο.
1515 1497 1550 1524 Δ.
1566 1496 1685 1531 coloris,-

962 1553 1002 1577 n.
1018 1552 1125 1575 autem
1140 1546 1260 1575 doloris.

1006 1606 1086 1637 Ibid.
1112 1605 1273 1637 Sententia
1297 1605 1427 1645 hujusce
1452 1605 1511 1635 loci
1534 1604 1692 1638 difficilior

964 1664 1010 1689 est
1032 1657 1200 1697 explicatu:
1228 1667 1285 1687 nec
1311 1657 1426 1695 priores
1453 1656 1586 1688 editores
1611 1657 1691 1689 mihi

964 1710 1107 1740 videntur
1137 1719 1207 1738 eam
1229 1709 1324 1747 probe
1350 1707 1496 1738 tenuisse.
1541 1710 1597 1738 An
1619 1720 1693 1740 vero

964 1772 1072 1791 meum
1089 1770 1221 1790 acumen
1237 1759 1270 1788 in
1286 1769 1356 1789 eam
1372 1765 1534 1798 penetrare
1548 1759 1692 1800 quiverit,

964 1823 1059 1851 penes
1073 1811 1221 1842 lectorem
1236 1811 1274 1840 sit
1285 1810 1452 1850 judicium.
1498 1816 1518 1829 ‘⁸
1531 1811 1595 1842 Res
1607 1823 1692 1853 quae-

966 1871 986 1883 “
1002 1865 1075 1896 dam
1092 1870 1174 1900 sunt,
1190 1864 1304 1905 quibus
1328 1864 1412 1894 color
1427 1870 1529 1895 certus
1546 1871 1691 1895 constan-

966 1921 988 1936 “
1001 1918 1120 1948 tissime
1135 1917 1302 1957 contingit:
1322 1917 1385 1946 veri
1401 1927 1475 1957 ergo
1490 1917 1593 1947 simile
1607 1918 1693 1948 vide-

967 1976 986 1988 “
1003 1976 1065 2008 tur,
1104 1969 1276 2009 primordia
1309 1969 1404 1999 etiam
1441 1980 1548 1999 earum
1587 1981 1693 2001 rerum

967 2027 987 2040 “
1003 2022 1147 2052 similiter
1175 2032 1240 2052 esse
1265 2021 1431 2051 colorata.'’
1478 2021 1559 2051 Haec
1585 2032 1693 2052 caussa

967 2079 1024 2111 est,
1040 2084 1111 2113 quae
1126 2073 1212 2104 ducit
1226 2079 1257 2103 et
1270 2072 1372 2110 illicit,
1396 2078 1432 2103 ut
1447 2073 1563 2103 colores
1578 2074 1692 2112 princi-

967 2126 1027 2166 piis
1041 2136 1146 2156 rerum
1168 2125 1351 2155 tribuamus.
1396 2125 1485 2155 Huic
1507 2131 1694 2166 argumento

969 2179 1012 2208 sic
1027 2177 1193 2208 Lucretius
1207 2175 1382 2215 respondet.
1419 2181 1438 2194 “
1456 2176 1529 2206 Hoc
1544 2176 1569 2206 si
1585 2187 1693 2207 verum

967 2235 987 2247 “
1002 2230 1093 2266 foret,
1117 2234 1228 2267 praeter
1243 2227 1431 2267 objectiones
1446 2227 1540 2258 modo
1554 2229 1694 2268 proposi-

966 2288 986 2301 “
1002 2288 1059 2319 tas,
1076 2283 1161 2313 haud
1177 2284 1238 2314 alia
1263 2283 1391 2322 insuper
1416 2294 1449 2313 se
1465 2283 1631 2324 ingereret,
1655 2294 1693 2315 ex

967 2340 986 2353 “
1002 2335 1166 2365 oculorum
1181 2335 1376 2373 testimoni03
1392 2345 1517 2374 nempe,
1537 2335 1620 2366 Alba
1629 2346 1694 2366 non

968 2392 987 2405 ⁸⁸
1002 2393 1147 2417 creantur
1159 2397 1196 2417 ex
1212 2387 1306 2424 albis;
1328 2386 1376 2416 uti
1391 2385 1494 2416 videre
1509 2391 1555 2416 est
1571 2389 1692 2429 (exem-

967 2448 987 2461 “
1003 2442 1047 2482 pli
1077 2441 1193 2483 gratia)
1228 2442 1262 2471 in
1288 2440 1400 2481 spuma
1423 2440 1556 2472 candida
1580 2441 1695 2482 pelagi,

969 2500 988 2514 “
1003 2505 1073 2536 quae
1089 2505 1126 2524 ex
1143 2493 1282 2525 caeruleis
1297 2492 1467 2532 particulis,
1490 2493 1574 2523 varie
1587 2492 1695 2533 positis

970 2553 990 2566 ‘⁶
1006 2553 1037 2578 et
1051 2546 1176 2581 affectis,
1205 2545 1319 2576 exoriri
1345 2544 1436 2575 solet:
1463 2543 1517 2574 sed
1531 2543 1625 2584 longe
1640 2545 1693 2573 ab·

971 2606 990 2618 ‘¹
1009 2599 1226 2629 surdissimum
1249 2597 1371 2627 videtur
1396 2596 1582 2631 existimare,
1609 2596 1694 2624 hunc

971 2658 991 2671 “
1006 2651 1173 2683 candorem
1189 2649 1278 2690 gigni
1294 2659 1383 2688 posse
1397 2646 1577 2687 primordiis
1595 2654 1692 2675 caeru-

973 2710 992 2722 ‘¹
1008 2703 1077 2739 leis,
1091 2701 1141 2732 vel
1157 2700 1361 2742 nigrantibus,
1378 2699 1481 2738 ponti;
1506 2699 1624 2739 (mov-05
1637 2696 1694 2725 sci-

973 2761 993 2774 “
1008 2755 1089 2790 licet,
1105 2761 1302 2794 μελαινομενε,
1330 2759 1475 2793 πορφυρεε,
1497 2749 1595 2787 nigri:
1624 2748 1693 2776 Ser-

973 2814 992 2826 “
1011 2808 1091 2844 vius,
1118 2806 1158 2836 ad
1183 2805 1271 2845 Virg.
1295 2814 1362 2844 geo.
1378 2804 1415 2832 iv.
1431 2800 1519 2839 575.)
1542 2799 1620 2837 imo,
1638 2810 1693 2838 po>-

974 2866 993 2879 “
1008 2860 1072 2890 tius
1097 2869 1135 2888 ex
1159 2857 1247 2888 nullo
1271 2856 1386 2892 colore,
1415 2852 1498 2893 quod
1524 2852 1694 2882 candidum

974 2917 993 2929 ‘⁶
1009 2916 1066 2947 est,
1083 2909 1194 2940 exoriri
1207 2912 1316 2947 posset,
1333 2913 1427 2945 quam
1443 2913 1480 2934 ex
1493 2903 1560 2943 ejus
1575 2909 1695 2933 contra-
