1894 3253
224 267 314 308 188

749 260 810 308 T.
860 259 1240 309 LUCRETII

360 391 595 448 Diffugiant
615 391 750 433 subito
770 407 968 449 magnum
988 407 1063 448 per
1082 392 1220 442 inane,
1243 391 1391 442 soluta3

364 467 436 516 Et,
457 480 510 506 ne
529 472 680 507 caetera
699 465 901 507 consimili
920 466 1081 507 ratione
1101 473 1339 521 sequantur:

368 540 482 580 Neve
503 548 627 581 ruant
646 540 738 581 coeli
759 539 968 580 tonitralia
987 539 1141 594 templa
1161 554 1352 594 superne,

364 613 578 670 Terraque
599 630 640 655 se
660 614 833 669 pedibus
854 615 1005 670 raptim
1028 614 1229 655 subducat
1237 632 1249 663 3
1283 622 1323 654 et
1343 628 1500 665 omnes,

226 692 333 728 1100
365 688 481 728 Inter
499 689 725 743 permixtas
746 704 884 731 rerum
906 689 1078 744 coelique
1098 688 1253 738 ruinas,

367 762 557 817 Corpora
577 763 791 814 solventes,
815 763 964 805 abeant
984 778 1058 819 per
1078 764 1200 804 inane
1220 761 1494 817 profundum3

418 919 445 942 et
458 917 555 948 ventis,
567 922 594 943 et
603 917 727 950 fulminis
739 926 821 951 ocyor
832 917 892 944 alis.—

223 972 253 997 et
268 968 318 997 his
332 968 418 1006 paria
443 967 527 1007 apud
543 975 684 999 auctores
706 969 869 1009 utriusque
891 968 951 997 lin-

221 1029 295 1059 guae
315 1019 440 1049 infinito
462 1030 597 1050 numero
618 1020 776 1061 leguntur.
820 1020 954 1060 Nequeo

223 1077 330 1101 tamen
346 1072 423 1101 mihi
440 1078 625 1112 temperare,
650 1073 726 1113 quin
741 1083 847 1103 versus
861 1083 953 1113 quos-

223 1123 298 1153 dam
320 1124 515 1154 Manilianos
540 1125 685 1163 excitem,
708 1135 844 1165 quorum
865 1124 953 1154 locu-

222 1174 324 1204 tiones
340 1185 376 1204 ex
399 1175 508 1205 multis
522 1175 661 1206 Lucretii
677 1176 764 1214 locis,
787 1177 861 1206 hinc
881 1176 955 1206 inde

223 1226 347 1265 sparsis,
359 1226 591 1267 elegantissime
606 1227 751 1257 delibatae
767 1233 851 1258 sunt.
898 1227 954 1257 In-

224 1277 395 1307 veniuntur
416 1284 523 1308 autem
545 1278 579 1307 in
603 1279 625 1308 i.
654 1282 726 1309 856.
757 1284 788 1308 et
813 1284 955 1309 nostrum

223 1327 354 1367 pulchre
369 1328 582 1360 illustrabunt:

256 1386 359 1418 Ignibus
371 1394 455 1418 usque
465 1388 533 1413 adeo
543 1391 639 1412 natura
648 1394 687 1413 est
699 1389 786 1413 omnis
797 1389 944 1418 abundans,·

258 1427 297 1451 Ne
308 1427 405 1452 mirere
417 1427 488 1452 faces
499 1428 598 1451 subitas
609 1432 737 1459 erumpere
749 1429 817 1458 coelo,

257 1468 382 1498 A'e'raque
393 1475 537 1492 accensum
546 1467 661 1497 flammis
673 1467 763 1492 lucere
773 1469 890 1498 coruscis,

258 1508 340 1532 Arida
351 1508 530 1539 complexum
541 1507 661 1539 spirantis
672 1509 774 1532 semina
786 1511 870 1538 terrae,

257 1549 328 1579 Quae
337 1547 444 1572 volucer
448 1551 553 1580 pascens
559 1547 623 1579 ignis
630 1548 959 1580 sequiturquejugatque‚

257 1586 375 1618 Fulgura
387 1593 450 1611 cum
463 1586 553 1611 videas
565 1587 700 1611 tremulum
711 1587 843 1612 vibrantia
855 1588 939 1612 lumen

257 1627 391 1651 Imbribus
404 1634 418 1651 e
429 1627 535 1656 mediis,
552 1630 579 1652 et
590 1627 679 1651 coelum
687 1627 804 1658 fulmine
814 1632 928 1661 ruptum.

231 1686 341 1725 Fugat
357 1685 478 1726 utique,
501 1684 626 1724 expellit
644 1685 737 1725 ignea
756 1685 891 1716 semina:
919 1687 962 1717 sic

229 1739 462 1780 castigandum:
500 1739 596 1780 vulgo
625 1740 752 1781 legitur,
774 1741 875 1782 fugit.
919 1741 964 1771 Et

229 1801 330 1830 voceS,
364 1792 482 1822 Italicis
512 1791 608 1822 literis
633 1792 798 1831 distinctae,
827 1803 864 1823 ex
890 1795 958 1823 the-

229 1844 327 1873 sauris
343 1843 540 1874 Lucretianis
556 1843 603 1874 vel
624 1844 767 1885 integrae,
790 1844 837 1874 vel
853 1844 959 1875 leviter

229 1894 370 1932 detortae,
386 1905 563 1934 provenere.

273 1947 348 1976 Ver.
380 1951 470 1979 1096.
502 1947 685 1988 Dg'ffugz‘ant
710 1951 822 1980 moenia
846 1953 963 1981 mundi.

234 2001 410 2032 Commode
431 2013 508 2032 cum
529 2004 577 2033 his
600 2006 876 2043 comparabuntur,
894 2016 965 2046 quae

232 2052 353 2083 dederit
389 2054 519 2092 scriptor
553 2056 794 2095 Apocalypseos,
833 2067 885 2087 xx.
918 2061 965 2088 ll.

235 2110 291 2136 Km
309 2104 372 2136 ειῖον
387 2108 468 2148 ἔρανον
485 2114 587 2137 λενκον
601 2121 707 2147 μεγαν,
733 2122 782 2138 και
806 2122 853 2139 τον
875 2111 965 2142 καθη-

233 2170 312 2197 μεναν
335 2157 380 2188 εντ’
395 2171 482 2188 αντε·
508 2158 537 2188 οὗ
561 2171 620 2189 moro
645 2172 779 2201 προςωπκ
802 2166 966 2191 ΕΦΤΓΕΝ

235 2210 252 2240 ’ἦ
269 2223 322 2248 γη,
340 2222 390 2239 και
404 2211 437 2238 ‘O
452 2215 642 2241 ΟΎΡΑΝΟΣ.

235 2259 347 2290 Editio
362 2260 402 2289 ad
425 2260 492 2290 cod.
509 2260 606 2291 Vind⁴
633 2268 752 2299 exacta,
779 2261 833 2292 dat
858 2263 965 2304 Dffc-

233 2314 338 2351 giunt,
364 2312 609 2351 typothetarum,
636 2318 673 2342 ut
694 2313 833 2351 arbitrer,
860 2324 897 2344 ex
916 2315 965 2344 in-

235 2362 332 2394 curia.

280 2415 355 2445 Ver.
377 2417 468 2447 1097.
494 2417 670 2446 Consimili:
697 2416 737 2446 O.
759 2419 864 2447 simili.
909 2417 965 2447 In-

236 2466 374 2507 signiore
396 2476 470 2496 cum
484 2467 632 2497 varietate
646 2467 680 2497 in
706 2473 745 2498 Π.
763 2479 866 2499 versus
880 2468 967 2499 exhi-

237 2519 342 2549 betur:

268 2579 302 2601 Et
313 2584 348 2602 ne
358 2580 449 2602 cuncta
460 2576 561 2610 quidem
572 2578 651 2603 simili
667 2578 770 2605 ratione
781 2584 936 2612 sequantur.

284 2637 359 2667 Ver.
380 2641 473 2673 1098,
497 2640 676 2668 tonitralia:
704 2639 741 2669 P.
754 2639 795 2669 V.
813 2639 860 2670 ed.
877 2641 916 2670 B.
936 2645 970 2671 Δ.

242 2694 283 2718 n.
311 2693 345 2719 Σ.
365 2691 557 2728 penetra-HQ
587 2690 684 2721 Vind.
705 2693 896 2731 penitralia;
932 2692 972 2722 G.

240 2738 277 2768 L.
295 2739 345 2769 M.
365 2747 409 2770 Ω.
424 2744 599 2772 coneto-alia.

286 2790 368 2820 Ibid.
392 2800 484 2823 ruant
513 2796 580 2824 coeli
606 2797 728 2835 templa.

241 2840 316 2877 tius,
333 2841 452 2871 Heaut.
468 2843 505 2873 iv.
521 2848 551 2874 5.
568 2849 619 2876 41.

775 2795 827 2826 Sic
850 2795 968 2826 Teren-

563 2903 638 2933 quid,
649 2904 670 2928 si
680 2910 752 2929 nunc
763 2905 851 2929 coelum
863 2905 940 2929 ruat?

242 2957 298 2990 ubi
323 2958 556 2990 Westerhovius
581 2961 662 2992 hanc
688 2963 826 3001 phrasim
851 2962 971 2994 erudite

998 918 1176 956 illustravit,
1193 923 1224 948 et
1239 922 1414 957 opportune
1430 917 1518 948 nobis
1537 917 1627 948 otiari
1642 918 1736 950 licere

997 970 1079 1000 fecit.

1042 1021 1126 1051 Ibid.
1163 1023 1334 1052 tonitralia.
1392 1020 1587 1060 Scripturam
1617 1021 1731 1061 genui-

999 1084 1074 1103 nam
1089 1084 1154 1103 esse
1174 1075 1357 1104 tonitruulia
1381 1073 1583 1111 arbitramur,
1607 1083 1625 1102 a
1639 1074 1734 1103 verbo

998 1128 1144 1156 tonitruo.
1186 1125 1384 1156 Glossarium
1398 1130 1503 1155 vetus:
1531 1128 1553 1143 “
1571 1127 1735 1161 Τοηὶινιιο,

1223 1183 1254 1207 et
1285 1177 1371 1207 idem
1404 1187 1525 1207 rursus:
1569 1180 1591 1195 “
1619 1183 1741 1219 Βροντω,

1244 1228 1362 1258 Seneca
1377 1233 1485 1258 autem
1501 1233 1533 1257 et
1547 1227 1602 1257 alii
1618 1237 1738 1258 nomen

999 1282 1169 1310 tonitruum
1193 1285 1354 1318 usurpant.
1401 1278 1559 1318 Apuleius
1583 1278 1622 1308 de
1644 1288 1741 1308 mun-

1001 1330 1053 1368 do,
1069 1332 1127 1360 sub
1143 1330 1252 1367 finem,
1267 1330 1307 1360 de
1321 1330 1415 1360 Jove:
1445 1333 1466 1347 “
1483 1329 1611 1359 Dicitur
1627 1335 1658 1359 et
1673 1328 1740 1359 ful-

1003 1384 1025 1399 “
1041 1386 1182 1422 gurator,
1199 1388 1230 1411 et
1245 1382 1436 1418 tonitrualis,
1453 1386 1484 1411 et
1499 1379 1717 1410 fulminator.'’

1045 1433 1120 1462 Ver.
1140 1436 1230 1463 1099.
1261 1434 1358 1463 Terra
1381 1443 1411 1462 se
1429 1433 1559 1471 pedibus
1579 1433 1738 1462 subducat.

1004 1483 1122 1512 Mediae
1146 1482 1231 1512 vocis
1246 1482 1383 1512 formam
1405 1487 1654 1523 potestatemque
1669 1493 1740 1514 ma-

1003 1534 1063 1564 luit
1079 1534 1247 1575 Virgilius,
1264 1535 1340 1564 AEn.
1360 1534 1405 1564 iii.
1424 1536 1497 1565 565.

1034 1593 1169 1618 Tollimur
1181 1593 1207 1617 ‘m
1220 1592 1323 1618 coelum
1336 1596 1450 1617 curvato
1464 1593 1582 1625 gurgite,
1593 1597 1621 1619 et
1631 1594 1714 1620 iidem

1035 1632 1164 1657 Subducta
1177 1633 1211 1656 ad
1222 1632 1308 1657 manis
1323 1632 1391 1656 imos
1402 1632 1548 1658 desidimus
1559 1633 1645 1659 unda.-

1000 1180 1022 1195 “
1038 1181 1142 1219 βροντω
1150 1177 1184 1207 .·”

1000 1232 1022 1247 “
1039 1228 1204 1259 tonz'truo.‘’

1006 1683 1024 1714 i.
1042 1693 1067 1713 e.
1091 1681 1178 1713 unda
1191 1694 1221 1713 se
1243 1684 1439 1720 subducente,
1461 1683 1511 1713 vel
1526 1684 1738 1715 subtrahente.

1007 1735 1180 1773 Arnobius,
1208 1734 1260 1765 lib.
1277 1745 1306 1764 v.
1334 1745 1364 1774 p.
1379 1737 1451 1765 175.
1498 1738 1520 1753 “
1536 1735 1662 1775 Jupiter
1676 1736 1742 1774 ille,

1008 1789 1032 1804 “
1049 1786 1240 1827 quicumque
1257 1792 1313 1824 est,
1341 1786 1367 1816 si
1391 1786 1520 1816 sentiret
1542 1797 1575 1816 se
1589 1797 1666 1824 esse,
1688 1793 1744 1817 aut

1010 1841 1033 1856 “
1049 1838 1074 1867 si
1096 1837 1161 1867 ullo
1177 1847 1270 1867 sensu
1286 1837 1462 1867 afficeretur
1476 1837 1614 1878 injuriae,
1637 1848 1745 1869 nonne

1009 1892 1030 1907 ‘⁴
1046 1888 1143 1929 digna
1157 1899 1205 1919 res
1221 1894 1311 1927 esset,
1326 1894 1451 1928 propter
1471 1899 1567 1929 quam
1581 1889 1690 1927 iratus,
1714 1895 1745 1920 et

1010 1944 1031 1958 “
1046 1940 1193 1979 percitus,
1209 1947 1324 1971 terram
1338 1939 1451 1970 nostris
1466 1941 1645 1971 subduceret
1657 1951 1743 1980 gres-

1010 1996 1031 2010 “
1048 1994 1141 2030 sibus,
1169 1991 1242 2022 solis
1271 1991 1397 2022 lumina
1419 1991 1632 2032 exstingueret
1652 1998 1745 2032 atque

1010 2046 1032 2061 “
1047 2043 1149 2081 lunae;
1172 2043 1248 2083 quin
1264 2042 1331 2072 imo
1353 2052 1402 2072 res
1424 2052 1534 2072 omnes
1555 2043 1590 2072 in
1606 2042 1743 2083 antiquae

1010 2098 1033 2113 ‘⁶
1049 2096 1185 2134 speciem
1201 2094 1409 2125 confunderet
1423 2094 1554 2124 unitatis
1564 2093 1598 2125 ?'’

1053 2145 1134 2175 Ibid.
1159 2147 1297 2185 raptim:
1324 2145 1344 2175 i.
1360 2155 1387 2175 e.
1409 2144 1531 2184 impetu
1553 2144 1744 2176 citatissimo.

1010 2195 1179 2236 Virgilius,
1198 2206 1265 2236 geo.
1282 2195 1313 2225 ii.
1330 2197 1402 2225 427.

1394 2247 1428 2270 ad
1439 2246 1524 2271 sidera
1536 2246 1629 2278 raptim

1073 2286 1105 2309 Vi
1117 2286 1224 2317 propria
1236 2286 1406 2310 nituntur—z

1010 2337 1065 2368 illa
1091 2338 1223 2378 hujusce
1249 2338 1320 2368 libri
1350 2339 1554 2377 Lucrefiana,
1584 2349 1646 2370 ver.
1674 2343 1744 2371 188.

1011 2390 1115 2429 phrasi
1131 2389 1247 2419 variata
1262 2390 1370 2420 volens
1384 2391 1545 2421 exhibere:

1058 2450 1077 2473 E
1089 2449 1215 2480 terraque
1232 2452 1330 2474 exorta
1340 2452 1437 2482 repente
1449 2451 1556 2475 arbusta
1565 2450 1680 2475 salirent.

1013 2499 1125 2537 Porro,
1149 2498 1188 2529 de
1202 2499 1356 2540 regimine
1373 2511 1411 2530 τε
1425 2510 1538 2537 omnes,
1562 2498 1632 2529 vide
1647 2498 1688 2530 ad
1708 2498 1744 2530 ii.

1015 2555 1086 2582 908.

1058 2603 1132 2633 Ver.
1152 2606 1242 2633 1100.
1260 2605 1447 2642 permis-tas:
1476 2603 1520 2633 G.
1545 2602 1592 2632 M.
1616 2603 1745 2637 mixtas,-

1015 2653 1128 2684 amissa
1151 2654 1253 2693 priore
1276 2653 1392 2693 syllaba
1413 2659 1538 2692 propter
1566 2651 1745 2682 similitudi-

1016 2716 1091 2736 nem
1116 2705 1319 2744 praecedentis
1339 2713 1403 2736 ter:
1429 2704 1501 2734 vide
1521 2703 1562 2733 ad
1575 2713 1637 2733 ver.
1655 2707 1748 2735 1077.

1012 2767 1175 2787 —rerum.-
1202 2756 1245 2786 sic
1260 2767 1326 2786 uno
1341 2766 1393 2786 ore
1409 2754 1516 2785 omnia
1537 2754 1678 2794 genuina
1692 2765 1746 2785 ex-

1014 2808 1175 2847 emplaria,
1203 2814 1269 2838 tam
1295 2807 1418 2846 scripta,
1444 2816 1539 2846 quam
1564 2805 1659 2836 edita:
1686 2807 1706 2836 i.
1721 2817 1747 2838 e.

1015 2867 1213 2891 terrenarum
1238 2869 1351 2889 rerum.
1399 2858 1566 2897 specimen
1588 2857 1745 2898 significa-

1014 2912 1065 2942 tfis
1079 2912 1210 2952 hujusce
1223 2910 1338 2951 passim
1353 2910 1544 2942 occurrentis
1559 2909 1693 2942 sufficiat
1706 2919 1744 2940 ex

1016 2963 1163 3000 Horatio,
1179 2962 1228 2996 od.
1243 2963 1281 2994 iv.
1300 2964 1348 2994 15.
1368 2964 1415 2994 17.
