1894 3253
169 259 234 301 60

677 251 738 298 T.
783 247 1162 299 LUCRETII

317 383 510 439 Corpora
529 382 760 436 deponunt;
795 389 835 422 et
860 379 1040 421 candens
1059 380 1210 421 lacteus
1230 378 1381 422 humor

202 463 285 499 260
317 458 525 500 Uberibus
545 464 686 496 manat
706 455 907 496 distentis:
939 454 1038 496 hinc
1058 469 1165 496 nova
1186 453 1320 509 proles
1339 454 1345 459 ’

318 531 502 573 Artubus
522 529 696 570 infirmis
717 537 877 570 teneras
897 528 1045 570 lasciva
1064 543 1138 584 per
1158 527 1306 569 herbas

174 692 347 728 opportune
379 686 536 717 commisit
563 685 645 716 illud
674 685 902 726 virg-ilianum,

137 740 144 744 '
174 751 242 782 geo.
258 740 288 770 ii.
303 743 376 770 328.

205 800 272 826 Avia
283 804 343 824 tum
355 802 472 824 resonant
489 798 587 823 avibus
598 797 717 830 virgulta
728 797 840 822 canoris.

219 848 298 878 Ibid.
322 849 405 879 novis
428 849 551 878 avibus.-
578 846 626 877 vel
649 846 856 885 implumibus
874 850 905 875 et

177 899 271 929 modo
287 900 376 935 natis,
403 905 440 929 ut
464 898 656 938 intelligatur
671 908 729 927 vox
753 897 791 926 de
806 895 903 936 garri-

175 951 300 981 entibus
315 950 535 981 tantummodo
550 949 830 988 pipilantibusque;
855 947 905 977 cui

176 1003 356 1033 conveniret
370 1001 615 1041 interpretationi
632 1000 797 1040 Virgilius,
826 999 903 1029 AEn.

177 1055 228 1084 xii.
246 1057 317 1085 475.

371 1112 465 1144 pennis
475 1111 528 1136 alta
540 1111 607 1135 atria
618 1110 712 1134 lustrat
724 1109 849 1138 hirundo,

206 1152 303 1176 Pabula
315 1159 396 1184 parva
410 1152 509 1183 legens,
521 1149 641 1180 nidisque
652 1149 793 1181 loquacibus
805 1155 889 1173 escas:

178 1207 238 1245 vel,
264 1208 371 1238 minus
397 1208 509 1243 stricte,
537 1207 659 1247 generis
674 1207 746 1236 novi
767 1206 845 1242 fetu,
871 1205 911 1235 ad

179 1265 303 1290 aetatem
318 1259 470 1290 cantionis
495 1258 665 1289 articulatae
685 1258 753 1298 jam
768 1268 910 1298 progres-

178 1322 221 1341 so.
803 1308 806 1314 ’

222 1363 298 1393 Ver.
322 1366 392 1394 258.
416 1362 518 1403 fessae.
566 1362 648 1392 Haec
672 1367 730 1399 est,
755 1368 910 1401 quantum

178 1420 310 1453 constat,
337 1414 481 1444 omnium
507 1413 659 1443 librorum
686 1423 783 1442 manu
802 1423 908 1442 exara-

179 1471 284 1496 torum
299 1465 391 1496 lectio
396 1477 405 1503 ;
429 1471 461 1494 et
475 1464 675 1494 commodam
686 1463 759 1493 satis
774 1463 912 1493 admittit

179 1517 478 1556 interpretationem.
536 1517 635 1546 Fessae
662 1515 789 1552 scilicet,
818 1524 911 1544 onere

136 1593 141 1596 -
180 1569 323 1610 gestandi
343 1568 425 1598 fetus
447 1568 515 1608 jam
539 1567 696 1608 gravioris,
721 1573 830 1605 utpote
845 1577 911 1596 ma-

180 1620 376 1657 turescentis,
403 1625 434 1649 et
457 1618 561 1648 statim
577 1618 726 1648 enitendi.
775 1619 821 1647 At
832 1617 911 1658 fetce

180 1672 343 1711 scriptura,
371 1681 441 1711 quae
467 1670 551 1700 unde
573 1670 692 1700 venerit
714 1670 832 1707 nescio,
854 1680 911 1699 nec

179 1722 242 1764 qua
258 1723 376 1752 nitatur
398 1722 592 1759 auctoritate,
622 1720 766 1751 Bentleio
784 1720 910 1759 placuit.

182 1775 268 1806 Mihi
297 1781 403 1804 autem
434 1773 497 1803 veri
528 1773 661 1803 similior
690 1772 841 1802 divinatio
878 1772 911 1801 in

181 1831 323 1856 mentem
350 1824 472 1862 incidit,
500 1835 570 1865 quae
593 1824 723 1854 fortasse
745 1823 913 1854 lectoribus

183 1877 331 1907 arriserit:

213 1936 283 1960 Hine
290 1935 363 1966 fusae
374 1934 490 1966 pecudes
501 1933 612 1964 pingues
623 1940 671 1965 per
681 1934 777 1965 pabu1a
788 1934 853 1959 laeta

213 1976 333 2006 Corpora
344 1974 493 2005 deponunt.

186 2033 353 2074 Virgilius,
371 2033 446 2063 [En.
463 2033 482 2062 i.
501 2036 574 2062 214.
592 2039 623 2063 et
638 2033 725 2063 alibi:

534 2092 647 2123 fusique
655 2096 701 2124 per
711 2091 822 2121 herbam,

248 2132 388 2164 Inplentur
397 2131 494 2156 veteris
505 2131 612 2156 Bacchi.

188 2195 297 2234 Atque
315 2192 348 2221 in
363 2192 443 2221 hanc
459 2191 562 2222 hercle
585 2192 769 2230 scripturam
788 2202 917 2222 summo

188 2255 282 2285 opere
296 2254 368 2274 mea
382 2242 536 2273 sententia
551 2242 732 2282 propendet,
751 2249 781 2273 et
796 2243 829 2273 in
844 2254 918 2273 con.

188 2302 311 2327 textum
326 2295 495 2325 admissam
510 2294 747 2324 lubentissimus
763 2295 908 2325 viderem.

189 2348 419 2380 Distinctiones
433 2353 540 2377 autem
556 2357 607 2376 eas
622 2346 704 2382 dedi,
721 2357 797 2387 quas
811 2353 918 2386 postu-

189 2399 234 2430 lat
263 2405 419 2436 venustas,
448 2404 480 2428 et
501 2404 632 2437 receptae
661 2397 804 2428 lectionis
829 2398 919 2435 ratio,

189 2457 227 2481 ut
241 2450 317 2481 ordo
333 2450 384 2480 sit:
413 2453 434 2467 ‘⁶
452 2449 607 2487 Pecudes,
631 2449 765 2490 pingues
784 2461 842 2489 per
865 2460 919 2489 pa-

191 2505 213 2520 “
229 2501 342 2539 bula;'’
366 2501 385 2531 i.
402 2511 428 2531 e.
445 2511 504 2540 ope
518 2500 721 2539 pabulorum:
748 2500 838 2530 aliter
851 2511 918 2531 om-

192 2554 245 2583 nia
256 2554 374 2584 fuerint
385 2552 649 2593 inelegantissime
664 2559 853 2583 coacervata.
878 2553 922 2583 Et

193 2615 231 2634 ea
248 2611 380 2643 potestas
406 2604 633 2644 praepositionis
656 2604 746 2634 dictae
772 2614 919 2645 pervaga-

192 2655 313 2686 tissima
327 2657 492 2686 invenitur.

196 2708 366 2745 Caeterum,
397 2719 453 2746 pro
481 2710 563 2744 Ιαία,
603 2714 643 2738 Π.
675 2708 793 2746 scribit,
822 2709 918 2738 laetae:

194 2759 286 2790 male.
332 2759 496 2799 Virgilius,
511 2770 579 2799 geo.
594 2760 637 2790 iii.
652 2763 726 2791 585.

575 2830 639 2862 suge
647 2830 742 2862 pabula
752 2830 821 2855 Iaeta.

239 2886 313 2916 Ver.
333 2890 404 2918 259.
441 2888 570 2925 Corpora
601 2889 772 2926 deponunt:
809 2887 926 2917 scilicet

196 2949 271 2971 eum
284 2938 471 2980 parturiunt.
502 2939 727 2970 BENTLmus.
765 2939 854 2970 Huic
875 2939 924 2970 in-

940 1194 1146 1233 ·distiuguere
1175 1193 1374 1232 potissimum
1403 1193 1580 1223 adamante.

946 684 1159 724 terpretationi
1196 689 1281 714 totus
1316 682 1504 714 accesserim.

948 738 1023 767 AEn.
1040 737 1092 767 vii.
1111 740 1181 767 108.

1008 798 1113 828 Corpora
1124 796 1171 820 sub
1183 795 1262 820 ramis
1273 794 1399 826 deponunt
1409 794 1510 818 arboris
1520 794 1595 819 altae.

948 842 991 875 Et
1006 844 1230 884 appositissime
1249 843 1402 880 Catullus,
1419 844 1513 874 xxxii.
1529 848 1558 874 8.

1103 902 1186 933 Quam
1198 905 1285 926 mater
1295 908 1378 933 prope
1389 901 1492 926 Deliam

1182 940 1319 971 nepos-ivit
1331 940 1440 964 olivam.

1571 683 1610 714 M
1612 693 1676 720 aro,

993 987 1073 1018 Ibid.
1097 991 1230 1019 candens
1252 990 1368 1019 lacteus
1387 991 1504 1019 humor.
1549 988 1683 1018 Videtur

950 1039 1198 1069 reformidavisse
1225 1038 1352 1078 Virgilii
1377 1039 1524 1079 majestas
1554 1039 1684 1077 epitheti

951 1089 1194 1129 simplicitatem,
1234 1100 1271 1119 ex
1302 1090 1487 1130 antiquitate
1516 1088 1684 1129 purissima

950 1142 1048 1181 petiti,
1073 1153 1121 1172 res
1136 1153 1191 1182 per
1217 1152 1288 1172 suas
1303 1143 1505 1181 proprietates
1528 1142 1687 1182 ingenitas

1635 1192 1687 1223 Sic

956 1245 1130 1282 Homerus,
1149 1244 1187 1274 ΙΙ.
1205 1251 1239 1275 Δ.
1256 1249 1325 1275 454.

1153 1313 1327 1341 α,ιι9.γομεναει
1341 1308 1438 1333 ΓΑΛΑ
1454 1308 1607 1333 ΛΕΥΚοΝ;

954 1368 996 1399 et,
1012 1372 1052 1391 ne
1069 1361 1171 1400 plures
1183 1361 1326 1397 excitem,
1344 1361 1539 1397 Theocritus,
1558 1361 1579 1390 i.
1599 1363 1651 1392 58.

1065 1435 1180 1460 τυροεντα
1190 1435 1275 1459 μεγαν
1288 1427 1439 1451 ΛΕΥΚΟΙΟ
1453 1425 1662 1451 ΓΑΛΑΚΤΟΣ.

954 1478 1080 1508 Leviter
1105 1480 1144 1507 ab
1170 1488 1280 1507 eorum
1307 1477 1442 1518 vestigiis
1458 1477 1608 1508 Tibullus
1632 1476 1687 1507 de-

954 1530 1092 1567 clinavit,
1108 1530 1151 1560 iii.
1169 1533 1199 1560 5.
1217 1533 1270 1560 34.

1019 1590 1050 1613 Et
1061 1588 1135 1612 nivei
1147 1587 1218 1612 lactis
1230 1587 1337 1619 pocula,
1349 1587 1439 1612 mixta
1450 1594 1543 1611 mero:

955 1643 992 1668 ut
1007 1637 1110 1667 hercle
1125 1642 1192 1676 post
1210 1637 1391 1673 Maronem,
1408 1646 1475 1676 geo.
1491 1635 1533 1665 iii.
1554 1637 1591 1665 17
1596 1636 1626 1666 7.

1117 1695 1200 1720 nivea
1212 1695 1351 1726 'mplebunt
1362 1694 1506 1718 mulctralia
1519 1699 1622 1718 vaccae.

1000 1744 1082 1777 Ibid.
1105 1746 1218 1775 lacteus
1233 1745 1349 1774 humor.
1386 1743 1436 1773 Sic
1455 1741 1602 1779 Ovidius,
1617 1746 1691 1771 met.

956 1806 1003 1826 xv.
1020 1799 1071 1827 79.

1217 1860 1267 1878 nec
1280 1853 1354 1877 vobis
1365 1852 1461 1876 lactem
1471 1851 1561 1875 humor

990 1893 1120 1925 Eripitur5
1139 1899 1188 1917 nec
1201 1891 1293 1921 mella,
1304 1891 1394 1923 thymi
1405 1891 1554 1916 redolentia
1566 1890 1672 1916 florem.

1001 1943 1078 1973 Ver.
1106 1946 1179 1973 260.
1215 1943 1362 1972 Uberibus
1385 1942 1534 1972 distentis.
1584 1940 1698 1971 Pastor

960 1994 1170 2030 Mantuanus,
1185 1992 1240 2022 ecl.
1255 1991 1293 2021 iv,
1311 1995 1360 2021 21.

991 2054 1059 2083 Ipsae
1071 2052 1135 2075 lacte
1146 2052 1260 2075 domum
1272 2050 1390 2075 referent
1401 2050 1510 2074 distenta
1520 2049 1631 2081 capellae

992 2092 1081 2116 Ubera.

1004 2141 1079 2170 Ver.
1099 2143 1172 2170 261.
1199 2141 1351 2180 infirmis:
1380 2144 1414 2170 Σ.
1434 2138 1582 2180 inferni&
1609 2147 1696 2177 pror-

961 2202 1013 2221 sus
1029 2191 1193 2229 inutiliter,
1217 2197 1248 2220 et
1263 2190 1405 2220 inaudita
1424 2190 1554 2220 fortasse
1569 2199 1695 2228 permu-

962 2244 1089 2273 tatione.

1008 2294 1087 2324 Ibid.
1107 2295 1233 2324 artubus
1256 2294 1399 2335 infirmis.
1441 2291 1595 2322 Dilatavit
1609 2290 1696 2331 cogi-

964 2345 1117 2376 tationem
1133 2346 1239 2382 Maro,
1256 2354 1323 2384 geo,
1338 2344 1380 2374 iii.
1401 2346 1469 2374 187.

963 2404 1053 2434 Atque
1064 2403 1126 2427 haec
1134 2404 1190 2434 Jam
1202 2402 1300 2434 primo,
1312 2401 1435 2433 depulsus
1447 2401 1479 2425 ab
1492 2401 1574 2425 ubere
1584 2401 1689 2431 matris,

964 2443 1080 2472 Audeat,
1095 2443 1175 2473 'mque
1187 2442 1273 2466 vicem
1288 2441 1334 2465 det
1345 2441 1469 2465 mollibus
1481 2447 1527 2464 ora
1538 2440 1666 2472 capistris,

965 2482 1115 2512 lavandus,
1128 2483 1264 2514 etiamque
1276 2485 1393 2511 tremens,
1405 2481 1487 2506 etian.
1498 2480 1595 2505 inscius
1605 2481 1670 2505 aevi.

966 2532 1017 2562 Ita
1033 2531 1120 2561 locus
1136 2537 1182 2561 est
1199 2530 1484 2571 interpungendus,
1511 2535 1547 2559 ut
1571 2527 1698 2567 illepida

965 2583 1205 2614 constructionis
1232 2582 1420 2622 ambiguitas
1446 2581 1585 2611 evitetur.
1632 2579 1697 2608 Ge-

964 2635 1098 2666 mellum
1113 2635 1219 2665 locum
1236 2634 1388 2672 Lucretii,
1405 2633 1448 2663 iii.
1466 2635 1492 2663 7.
1513 2631 1588 2661 libet
1603 2630 1699 2660 etiam

966 2688 1129 2718 advocare:

981 2760 1043 2766 —
1054 2750 1099 2771 aut
1112 2747 1176 2777 quid
1187 2753 1250 2770 nam
1262 2745 1374 2769 tremulis
1390 2743 1479 2767 facere
1489 2740 1594 2765 artubus
1605 2740 1682 2765 hoedi

983 2786 1128 2811 consimile
1138 2786 1166 2810 in
1177 2792 1254 2810 cursu
1267 2784 1376 2816 possint,
1393 2789 1424 2806 ac
1436 2780 1513 2805 sortis
1523 2779 1585 2810 equi
1595 2779 1649 2804 vis?

968 2835 1019 2865 Ex
1045 2835 1094 2865 his
1116 2834 1202 2865 enim
1226 2828 1347 2863 duobus
1372 2830 1448 2860 locis
1476 2828 1628 2859 distichon
1651 2827 1697 2858 ef-

968 2886 1060 2916 finxit
1089 2884 1321 2925 epigrammatis
1345 2882 1474 2921 scriptor
1502 2881 1535 2911 in
1566 2879 1697 2911 Anthol.

969 2938 1037 2970 Lat.
1055 2936 1244 2975 Burmanni,
1259 2935 1312 2966 lib.
1327 2944 1354 2966 v.
1370 2944 1417 2974 ep.
1432 2936 1485 2964 14.
