1894 3253
676 251 911 302 LIBER
969 251 1279 302 PRIMUS.

1639 259 1731 306 147

433 387 654 437 Praeterea,
676 386 874 443 quoniam
895 385 1010 427 cibus
1030 393 1153 442 auget
1174 400 1338 441 corpus,
1361 384 1530 441 alitque;

261 466 342 503 860
378 462 491 504 Scire
511 461 619 512 licet,
641 460 760 502 nobis
781 475 918 510 vena5‚
942 468 982 500 et
1003 474 1204 516 sanguen,
1228 468 1269 501 et
1289 475 1396 511 ossa,

374 536 429 578 Et
450 552 612 586 nervos,
635 535 873 591 alienigenis
893 549 945 575 ex
965 534 1151 589 partibus
1172 549 1273 575 esse:

376 611 470 653 Sive
491 611 603 652 cibos
625 611 782 651 omneis
803 609 1017 651 conmixto
1038 624 1212 664 corpore
1231 609 1371 650 dicent

373 685 490 735 Esse,
513 693 553 725 ct
573 683 726 725 habere
746 684 789 724 in
811 698 852 725 se
872 698 1097 725 nervorum
1118 698 1294 738 corpora
1312 699 1457 739 parva,

371 758 572 814 Ossaque,
595 767 636 800 et
656 759 830 800 omnino
851 773 989 809 venas,
1012 759 1245 814 parteisque
1265 759 1441 809 cruoris;

254 839 334 875 865
368 833 474 884 Fiet,
498 834 582 874 utei
604 833 719 875 cibus
740 834 875 875 omnis
895 843 936 875 et
957 834 1096 876 aridus
1117 843 1156 875 et
1176 834 1311 890 liquor
1330 834 1417 890 ipse

365 908 433 950 Ex
454 908 692 964 alienigenis
712 909 834 951 rebus
856 917 1046 951 constare
1066 917 1282 965 putentur,

220 1082 317 1113 ductu
345 1082 457 1112 calami
480 1092 573 1121 supra
596 1088 721 1112 exarato
750 1083 953 1123 significetur.

219 1135 282 1166 Pro
298 1141 451 1166 constare.-
480 1141 520 1165 Π.
543 1141 608 1165 tum
623 1142 720 1171 stare;
737 1136 845 1166 volens
860 1148 947 1166 cum:

221 1187 291 1217 vide
306 1197 366 1217 ver.
385 1190 456 1217 818.

268 1238 349 1268 Ibid.
374 1239 423 1268 Em
438 1239 622 1277 alienigenis
644 1239 742 1275 rebus,
767 1244 797 1267 et
824 1248 888 1268 non
913 1249 951 1268 ex

214 1289 446 1325 consimilibus3
464 1288 547 1329 quod
563 1289 621 1318 sibi
637 1288 773 1327 postulat
787 1290 950 1331 ὅμοιομερει-

216 1355 251 1375 ας
267 1340 417 1376 doctrina,
435 1350 530 1380 quarn
546 1345 653 1369 tuetur
669 1340 884 1380 Anaxagoras.

258 1391 331 1421 Ver.
347 1394 420 1422 867.
443 1393 546 1422 venis:
572 1391 618 1420 ita
634 1391 719 1421 solus
733 1391 951 1432 antiquiorum

215 1444 253 1475 P.
277 1454 336 1473 nec
350 1443 411 1473 loci
427 1449 517 1473 tenor
532 1442 696 1472 universus
711 1442 750 1473 de
773 1443 951 1474 sinceritate

214 1497 347 1537 hujusce
362 1496 522 1536 scripturae
544 1496 626 1526 sinet
648 1496 779 1536 ambigi,
807 1498 950 1537 quamvis

216 1550 256 1580 G.
274 1549 373 1579 Vind.
396 1549 432 1578 L.
450 1549 497 1578 M.
516 1548 555 1578 0.
574 1554 608 1578 Δ.
628 1555 667 1578 Π.
687 1554 723 1579 Σ.
744 1555 790 1578 Ω.
815 1549 951 1579 habeant

213 1602 300 1631 sanie
306 1617 316 1636 ,·
342 1600 383 1630 V.
397 1599 444 1630 ed.
459 1601 560 1635 sanis;
585 1599 623 1629 Β.
641 1601 948 1639 sanguinz‘is.—mioe-

211 1658 263 1683 ta:
290 1651 333 1681 sic
352 1651 391 1681 G.
412 1650 509 1680 Vind.
528 1651 568 1680 V.
581 1650 628 1680 ed.
646 1651 683 1681 B.
699 1651 745 1681 M.
761 1651 800 1681 O.
814 1656 849 1681 Δ.
863 1659 902 1682 Π.
916 1657 949 1683 Σ.

214 1704 301 1740 editi,
314 1706 416 1734 mireo.
439 1704 537 1734 Error
549 1704 659 1744 utique
670 1714 806 1734 errorem
817 1705 946 1744 peperit:

214 1767 290 1787 nam
304 1756 354 1786 vel
370 1755 467 1786 semel
482 1755 583 1786 deleta
598 1756 781 1785 horizontali
798 1756 873 1786 nota
882 1756 950 1786 voci

208 1814 336 1847 putetur
351 1806 570 1846 superscripti,
591 1817 631 1836 ne
657 1807 848 1836 constructio
863 1807 949 1837 labo-

214 1865 308 1896 raret,
333 1869 389 1897 pro
406 1861 499 1888 mixta
525 1858 643 1887 librarii
668 1860 758 1888 misto
783 1859 949 1896 suffecere;

213 1910 261 1940 vel
277 1910 398 1940 Latinae
420 1909 538 1949 linguae
564 1909 785 1948 grammaticas
811 1910 950 1939 rationes

214 1962 395 1992 labefactari
411 1962 572 2000 putabant,
595 1961 620 1990 si
636 1968 748 1991 neutro
763 1972 877 2001 genere
893 1962 947 1992 ad-

208 2013 362 2054 jectivum
378 2012 417 2042 ad
430 2012 638 2041 substantivos
650 2012 850 2050 masculinos,
864 2014 948 2043 cibus

211 2065 252 2095 et³
263 2067 373 2104 liquor,
400 2064 576 2094 referretur.
624 2064 811 2103 Perperam3
835 2064 946 2094 simili-

213 2122 262 2147 ter
276 2116 362 2146 enim
377 2115 496 2151 Livius,
514 2126 540 2146 v.
557 2119 607 2145 44.
624 2119 653 2145 4.
676 2126 772 2155 quem
788 2116 948 2147 verissime

214 2167 438 2208 corrigendum
448 2168 491 2198 sic
501 2168 646 2207 proponit
657 2168 942 2199 Drakenborchius:

214 2223 238 2238 ‘⁵
260 2222 322 2254 Qui
337 2219 437 2249 effuso
452 2219 578 2259 agmine
593 2222 772 2257 adventant,
795 2230 873 2260 gens
888 2226 945 2258 est,

217 2274 239 2290 ‘⁶
254 2271 306 2301 cui
328 2277 440 2301 natura
465 2282 589 2310 corpora
614 2273 805 2310 animosque,
832 2282 945 2310 magna

215 2327 238 2342 “
254 2323 356 2363 magis
377 2333 473 2363 quam
489 2325 600 2364 firma,
628 2322 778 2353 dederit.'’
823 2323 944 2364 Vulgo,

219 2377 307 2412 Quae,
331 2381 439 2405 contra
459 2374 571 2412 libros;
594 2380 626 2404 et
650 2377 801 2406 adventat.
846 2375 946 2405 Plura

216 2427 243 2457 si
258 2427 364 2465 cupias
389 2426 542 2465 exempla,
568 2427 626 2456 tibi
649 2426 722 2456 satis
736 2426 831 2456 faciet
847 2427 943 2457 Sanc-

216 2478 290 2515 tius,
314 2478 348 2507 in
365 2477 499 2508 M'merv.
515 2477 553 2507 iv.
570 2481 598 2507 8.
623 2477 678 2517 qui
693 2482 835 2507 nostrum
850 2477 945 2508 etiam

215 2539 254 2560 ex
269 2529 372 2566 Livio,
389 2534 424 2558 ut
439 2528 498 2558 seri
513 2528 661 2565 vidimus,
677 2529 847 2567 occupavit.

214 2581 315 2612 Enim
330 2591 403 2611 vero
417 2580 540 2610 dudum
554 2579 718 2618 affirmavi,
734 2590 870 2611 errorem
896 2591 942 2611 er-

213 2643 283 2664 rore
298 2633 406 2674 gigni3
424 2633 514 2672 cujus
529 2631 661 2670 simplex
675 2632 762 2662 testis
772 2632 853 2662 adsit
863 2633 943 2663 Dio-

212 2684 308 2715 dorus
325 2684 462 2722 Siculus,
477 2683 519 2713 xi.
535 2687 586 2714 89.
632 2688 704 2714 Eae-1
719 2682 746 2714 δε
767 2697 818 2714 και
835 2698 868 2714 το
895 2696 942 2714 τε·

213 2751 291 2780 μενος
320 2751 345 2768 ἓν
360 2736 444 2776 πΕδΙῳ
460 2737 610 2777 θέθῖρεθῖῌ
634 2748 764 2775 Χξίμένθν,
780 2749 830 2766 καί
846 2748 943 2770 σ’ΤθαΙς

213 2804 264 2823 και
288 2803 351 2824 ταις
379 2795 490 2822 αλλαις
517 2791 774 2818 ΚΑΤΑΛΤΣΕΣΙ
801 2791 943 2818 ΚΑΛΩΣ

215 2854 432 2882 κεκοσμημενον.
478 2838 586 2879 Vulgo
601 2837 725 2877 legitur,
749 2844 945 2868 καταλυσεσιν

215 2892 326 2928 iamne.
371 2892 450 2924 Post
463 2900 560 2933 quam
574 2889 692 2922 scilicet
706 2899 738 2920 se
749 2887 852 2920 finalis
869 2903 880 2921 ν
893 2888 943 2920 in-

998 1089 1141 1120 truserat,
1158 1080 1331 1112 necessaria
1345 1081 1411 1110 visa
1427 1085 1473 1110 est
1488 1079 1583 1110 dictio
1598 1091 1616 1110 a
1631 1080 1732 1112 vocali

997 1135 1161 1173 incipiens:
1188 1133 1262 1162 hinc
1279 1133 1381 1166 ἱκανως
1397 1132 1556 1162 invectum
1571 1132 1689 1163 scribis.

1042 1186 1114 1215 Ver.
1132 1189 1202 1215 869.
1226 1190 1358 1214 terram:
1384 1183 1428 1213 sic
1456 1184 1495 1213 G.
1519 1183 1556 1213 V.
1573 1183 1622 1213 ed.
1638 1184 1675 1214 B.
1694 1189 1729 1215 Δ.

998 1244 1038 1267 Π.
1056 1243 1100 1267 Ω.
1124 1235 1245 1275 reliqui,
1262 1241 1379 1265 terras:
1406 1234 1507 1263 nimio
1517 1240 1625 1264 autem
1639 1234 1731 1265 sibilo

995 1294 1109 1318 nostrae
1124 1297 1215 1317 aures
1230 1286 1320 1316 facile
1336 1295 1442 1315 carere
1457 1291 1600 1324 possunt,
1616 1293 1647 1314 et
1663 1286 1730 1316 haec

996 1341 1127 1371 varietas
1142 1339 1285 1380 ejusdem
1300 1337 1447 1369 dictionis
1458 1337 1553 1368 lautis
1563 1337 1732 1368 lectoribus

995 1393 1153 1424 arridebit.

1038 1445 1120 1476 Ibid.
1144 1447 1179 1476 Si
1193 1450 1282 1475 sunt:
1309 1443 1330 1474 i.
1346 1454 1372 1474 e.
1397 1444 1539 1483 quoniam
1557 1448 1638 1473 sunt.
1678 1442 1730 1474 Sic

996 1498 1026 1528 S.
1044 1498 1228 1535 Matthaeus,
1246 1497 1285 1526 iv.
1301 1500 1330 1526 5.
1363 1501 1395 1526 Ea
1409 1496 1463 1530 υἷος
1480 1509 1500 1526 ει
1517 1508 1554 1526 τε
1572 1501 1643 1533 Θεκ,
1658 1507 1730 1533 eim,

995 1551 1039 1581 ἵνα
1052 1552 1076 1581 οἵ
1087 1553 1156 1581 λιθαι
1168 1551 1242 1581 οὗτοι
1255 1563 1332 1592 αρτ-οι
1343 1562 1496 1589 γενωντακ
1514 1547 1534 1578 ἰ.
1547 1558 1572 1578 e.
1590 1551 1611 1565 “
1628 1550 1729 1582 Quum

995 1606 1017 1621 ‘³
1033 1604 1075 1633 sis
1092 1602 1155 1632 Dei
1171 1601 1264 1637 filius,
1289 1603 1355 1631 haec
1371 1611 1420 1630 res
1439 1605 1625 1640 potestatem
1640 1606 1729 1630 tuam

995 1658 1017 1673 “
1035 1665 1098 1684 non
1114 1653 1268 1693 superat.'’
1316 1654 1452 1683 Sabinus
1474 1652 1579 1689 etiam,
1603 1651 1689 1690 epist.
1705 1651 1728 1682 i.

996 1710 1044 1738 93.
1061 1716 1168 1747 quem,
1181 1706 1238 1735 hac
1254 1716 1330 1735 usus
1345 1703 1516 1739 occasione,
1534 1702 1649 1732 menda
1666 1702 1726 1733 sal-

995 1763 1059 1788 tem
1076 1757 1219 1796 simplice
1235 1761 1456 1796 expurgatum,
1473 1754 1657 1784 admovebo:

1024 1845 1158 1874 pervagus
1169 1841 1232 1866 hinc
1243 1845 1304 1866 toto
1315 1847 1370 1865 non
1382 1839 1450 1865 felix
1461 1839 1570 1864 differor
1581 1840 1660 1869 orbe;

1057 1885 1099 1912 Et,
1109 1889 1283 1914 quocumque
1294 1885 1375 1906 vocat
1389 1881 1486 1904 fluctus
1498 1884 1525 1904 et
1536 1887 1609 1910 aura,
1620 1880 1714 1905 vehor.

1026 1924 1086 1954 Sed,
1097 1923 1117 1947 si
1130 1923 1244 1947 Tiresias
1255 1927 1314 1946 tam
1327 1922 1384 1946 laeti
1395 1920 1521 1952 providus
1533 1927 1629 1952 augur,

1056 1963 1144 1994 Quam
1157 1969 1241 1987 verax
1252 1965 1327 1986 vates
1338 1961 1364 1984 in
1376 1960 1447 1984 mala
1458 1963 1547 1983 nostra
1558 1959 1621 1988 fuit,

1025 2003 1057 2026 Et
1066 2001 1137 2026 ten-a
1146 2005 1172 2026 et
1182 2001 1287 2033 pelago,
1298 1999 1429 2031 quidquid
1439 1998 1507 2022 mihi
1515 1998 1591 2023 triste
1599 1998 1725 2028 canebat,

1055 2043 1194 2071 Emensus,
1206 2041 1263 2065 fato
1274 2041 1330 2071 jam
1341 2039 1453 2064 meliore
1463 2045 1557 2071 vagor.

996 2117 1128 2157 Vulgati
1144 2116 1177 2146 in
1190 2115 1328 2146 secundo
1339 2125 1428 2144 versu
1439 2114 1525 2152 dant,
1531 2114 1635 2155 fi’ror:
1655 2113 1723 2144 ille-

991 2168 1154 2208 pidissime
1185 2167 1326 2208 quidem,
1355 2167 1463 2196 statim
1492 2172 1561 2205 post
1589 2165 1723 2206 dzffemr.

992 2220 1156 2262 Virgilius,
1173 2221 1248 2251 AEn.
1263 2220 1302 2250 vi.
1318 2222 1391 2250 555.

1021 2302 1083 2327 Tris
1093 2305 1167 2326 notus
1178 2301 1310 2333 hybernas
1321 2301 1443 2324 inmensa
1454 2306 1502 2331 per
1513 2305 1625 2330 aequora
1635 2298 1723 2324 noctis

1021 2341 1096 2367 l‘ext't
1107 2349 1152 2366 me
1164 2341 1297 2365 violentus
1307 2339 1387 2371 aqua.

992 2405 1106 2445 Operae
1136 2414 1229 2443 porro
1254 2403 1392 2443 pretium
1420 2402 1516 2432 fuerit
1542 2401 1580 2431 de
1605 2402 1664 2431 hac
1685 2412 1721 2432 re

991 2457 1183 2494 Charisium,
1199 2456 1231 2486 ii.
1246 2466 1275 2495 p.
1290 2458 1360 2486 201.
1376 2454 1546 2484 audivisse:
1567 2456 1589 2470 “
1602 2455 1636 2483 Sc·
1647 2452 1720 2482 fini-

989 2513 1012 2527 “
1028 2509 1099 2539 tivis
1121 2509 1267 2549 jungitur
1282 2508 1340 2537 hoc
1367 2506 1475 2543 modo,
1500 2504 1645 2545 quotiens
1670 2514 1721 2536 res

990 2565 1013 2580 “
1029 2561 1126 2591 factas
1152 2560 1318 2601 significat,
1345 2564 1380 2588 ut
1403 2557 1486 2596 apud
1514 2557 1714 2589 Ciceronem:

989 2616 1011 2632 “
1036 2615 1091 2643 ‘Sz'
1104 2612 1323 2647 inlustrantur,
1350 2612 1378 2640 εἰ
1403 2614 1574 2647 erumpunt
1599 2607 1718 2644 omnia,

990 2667 1011 2683 “
1028 2670 1130 2693 mutet
1155 2662 1291 2692 Catilina
1314 2659 1473 2690 mentem?
1520 2659 1571 2689 Sic
1592 2669 1718 2699 quoque

989 2719 1009 2734 “
1026 2721 1057 2745 et
1078 2714 1215 2753 perfecto
1238 2712 1401 2753 jungitur3
1424 2717 1461 2741 ut
1484 2709 1569 2751 apud
1585 2709 1718 2750 Virgili-

990 2771 1011 2786 “
1027 2777 1096 2797 um:

1020 2837 1039 2850 ‘⁶
1051 2835 1077 2860 si
1086 2834 1177 2867 potuit
1189 2839 1281 2858 manes
1292 2839 1427 2858 accersere
1437 2831 1556 2864 conjugis
1567 2830 1687 2862 Orpheus
1695 2836 1704 2853 τ

990 2891 1011 2907 “
1026 2885 1169 2918 adfirmat
1198 2884 1283 2916 enim
1312 2883 1480 2926 potuisse?
1532 2881 1599 2914 Ubi
1627 2885 1718 2912 notes
