1894 3253
619 266 854 315 LIBER
898 263 1208 313 PRIMUS.

310 402 450 444 Rebus
472 416 521 443 ea
540 400 736 450 invenies,
759 407 831 441 aut
850 397 1002 440 horum
1022 405 1168 439 eventa
1187 395 1355 438 videbis.

311 477 592 531 Conjunctum
613 482 672 516 est
692 473 752 524 id,
774 472 887 528 quod
907 486 1136 527 numquam
1156 471 1243 512 sine
1263 468 1475 526 perniciali

308 551 499 594 Discidio
518 550 626 605 potis
646 557 706 590 est
727 548 900 604 sejungi,
923 561 1046 602 seque
1066 546 1252 603 gregari:

310 625 482 667 Pondus
502 625 585 666 utei
606 623 694 664 saxi
715 630 790 672 est,
813 621 924 663 calor
943 621 1067 678 ignis,
1088 620 1224 676 liquor
1244 622 1383 676 aqua‘i,

193 705 276 741 455
309 699 465 741 Tactus
485 698 730 754 corporibus
750 696 924 746 cunctis,
947 696 1127 737 intactus
1148 694 1276 736 inani.

309 774 532 816 Servitium
553 780 712 823 contra,
734 779 971 828 paupertas,
993 770 1247 826 divitiaeque,

304 848 511 899 Libertas,
533 847 701 897 bellum,
725 845 962 897 concordia,
985 853 1150 895 caetera,
1176 858 1358 901 quorum

305 923 504 966 Adventu
524 931 664 964 manet
683 921 900 964 incolomis
921 928 1085 967 natura,
1107 919 1324 976 abituque;

165 1103 280 1137 genere
294 1093 502 1131 exemplaria3
524 1099 559 1124 ut
574 1093 667 1133 plane
682 1093 821 1124 nesciam
836 1103 899 1134 quo

165 1147 261 1178 modo
276 1157 307 1177 se
323 1145 403 1176 tueri
419 1145 518 1177 valeat
541 1146 705 1186 vulgatum
723 1148 901 1186 ignibus.—

164 1202 268 1232 calor:
296 1205 336 1229 Π.
353 1199 600 1237 colon—aquai:
628 1197 667 1228 P.
682 1197 778 1227 Vind.
795 1197 835 1227 V.
852 1196 900 1227 ed.

167 1252 205 1283 B.
236 1257 271 1282 Δ.
302 1257 342 1281 Π.
369 1259 543 1290 aquai-unu
583 1249 621 1279 L.
650 1260 750 1289 aquae,
777 1248 900 1279 solenni

168 1302 294 1335 menda.

165 1356 218 1386 Ex
233 1354 282 1384 his
303 1359 412 1383 autem
434 1350 634 1382 varietatibus
654 1350 752 1382 lector
771 1356 903 1381 nasutus

166 1406 272 1438 statIm
284 1404 451 1445 intelliget,
468 1414 521 1434 me
536 1402 670 1443 cogitate
682 1403 903 1443 interposuisse

167 1472 201 1489 ‘ro
229 1463 274 1489 est
296 1467 334 1487 ex
357 1455 497 1496 ingenio.
559 1454 758 1494 CompendIO
787 1454 904 1485 scilicet

164 1509 325 1548 scripturae
341 1513 473 1538 enatum
489 1511 535 1536 est
554 1505 636 1536 illud
649 1509 743 1544 saxis,
761 1506 877 1535 omisso
891 1511 904 1536 t

166 1566 236 1601 post
251 1559 377 1590 coalitas
400 1558 564 1595 dictiones,
587 1557 711 1589 saxi’st:
737 1568 813 1588 nam
828 1567 903 1587 con-

164 1623 274 1643 sensus
285 1612 441 1642 librorum
453 1610 602 1641 omnium
616 1610 651 1640 in
670 1612 762 1650 ignis,
779 1615 810 1640 et
825 1619 904 1639 non-

166 1663 327 1696 nullorum
342 1663 435 1694 lectio
452 1674 621 1703 aquarum,
637 1663 710 1692 satis
725 1661 906 1700 ostendunt,

168 1716 295 1758 qualem
311 1715 578 1747 constructionem
601 1715 698 1746 totius
719 1714 826 1745 versus
840 1714 906 1744 Lu-

169 1768 284 1799 cretius
299 1768 441 1798 voluerit.
474 1767 539 1803 Qui
555 1767 730 1797 scribebant
743 1777 907 1806 aquarum,

171 1820 296 1850 obviam
311 1819 356 1848 eis
371 1818 518 1848 volebant
531 1818 586 1853 ire,
611 1817 724 1858 quibus
739 1817 858 1856 placuit
874 1831 907 1847 ero

168 1871 305 1908 ignibus,
330 1874 362 1898 ct
387 1870 481 1904 saccis,
505 1868 608 1898 forma.
633 1868 716 1898 vocis
742 1867 827 1898 illata
852 1878 906 1898 ne-

171 1920 253 1950 mini
274 1920 309 1949 in
329 1919 573 1949 controversiam
588 1918 742 1957 vocanda;
766 1929 840 1949 nam
858 1929 907 1949 ar-

170 1972 366 2002 bitrabantur
383 1970 526 2011 quidam,
549 1976 667 2001 veteres
681 1971 715 2000 in
737 1970 840 2010 prima
855 1971 908 2001 de-

170 2021 343 2052 clinatione
377 2021 484 2051 solitos
517 2032 582 2051 esse
613 2022 744 2052 nomina
770 2022 909 2063 genitivo

172 2082 248 2103 casu
263 2082 319 2112 per
338 2083 373 2103 as
397 2072 548 2111 proferre,
572 2072 649 2102 item
665 2073 769 2103 dativo
785 2083 839 2113 per
853 2075 904 2108 a'i;

174 2123 222 2156 uti
237 2123 330 2154 docet
348 2123 505 2162 Sosipater
523 2124 693 2160 Charisius,
710 2135 739 2164 p.
756 2129 784 2156 7.
801 2135 907 2155 exem-

171 2175 261 2214 plum
292 2180 400 2205 tamen
423 2175 654 2205 terminationis
679 2177 713 2206 αἰ·
736 2176 770 2205 in
793 2175 908 2214 dativo,

172 2232 209 2256 ut
240 2232 361 2265 putem,
393 2236 458 2255 non
487 2232 595 2256 exstat.
645 2226 742 2257 Unde
771 2237 845 2257 mox
875 2227 910 2257 in

173 2276 371 2317 grammatici
397 2276 467 2307 loco
494 2287 579 2307 error
602 2288 769 2317 operarum
791 2279 831 2308 sit
853 2289 908 2309 ne-

176 2338 259 2358 cesse
275 2335 330 2364 cst,
354 2339 394 2359 ne
410 2331 475 2368 ipse
497 2330 555 2360 sibi
572 2330 777 2362 contradicat:
804 2332 908 2371 ipsum

177 2379 277 2410 adeas.
323 2380 435 2418 Porro,
465 2392 505 2411 ne
534 2392 686 2412 numerus
717 2383 846 2413 unitatis
875 2384 908 2413 in

178 2442 256 2462 voce
285 2434 352 2463 sau·
368 2431 514 2462 lectorem
530 2433 701 2473 quemlibet
722 2441 908 2473 remoretur,

177 2490 208 2514 et
224 2489 368 2514 nostrum
382 2483 421 2513 de
435 2483 505 2514 loco
527 2484 685 2524 judicium
700 2485 844 2517 videatur
858 2487 907 2516 in-

179 2535 313 2571 firmare,
331 2535 373 2564 sic
388 2535 454 2574 ipse
469 2535 645 2573 Lucretius,
661 2536 693 2567 ii.
711 2539 781 2567 102.

243 2613 309 2636 Haec
321 2611 420 2636 validas
429 2611 490 2635 saxi
501 2611 649 2636 radices—z

182 2694 268 2718 amat
290 2687 396 2723 etiam,
425 2687 547 2728 quoties
562 2686 716 2727 generalis
740 2686 835 2717 dictio
859 2687 911 2726 sit,

182 2739 320 2769 eundem
336 2739 431 2769 etiam
454 2748 625 2768 numerum
647 2738 731 2768 vocis
757 2740 849 2778 ignis,
877 2745 912 2769 ut

182 2800 220 2820 ex
235 2791 376 2830 pluribus
391 2790 467 2821 lccis
482 2789 607 2819 abunde
622 2795 752 2820 constat.

216 2842 307 2872 Jbid.
329 2844 429 2883 liquor
445 2843 560 2882 aqua'i:
586 2847 621 2870 ut
637 2840 670 2870 in
688 2840 826 2871 carmine
840 2851 910 2880 per-

182 2890 298 2931 lepido‚
323 2893 409 2932 apud
436 2892 567 2924 Anthol.
594 2892 663 2922 Lat.
691 2893 843 2923 Burman,
869 2892 911 2923 iii.

183 2945 235 2976 51.
253 2948 281 2976 9.
303 2945 388 2987 quod
415 2956 453 2977 ex
479 2945 582 2977 altiori
600 2945 733 2985 petitum
756 2944 911 2984 dabimus,

942 1099 978 1123 ut
993 1092 1109 1123 menda
1129 1089 1318 1122 crassissima
1334 1094 1536 1130 expurgetur,
1559 1093 1590 1118 et
1605 1098 1675 1128 pro-

943 1144 990 1175 bis
1004 1143 1256 1175 distinctionibus
1271 1141 1456 1172 concinnius
1471 1140 1630 1180 procedatt

1007 1239 1106 1263 Hortus
1116 1237 1232 1261 salubres
1242 1234 1349 1266 corpori
1358 1234 1464 1266 praebet
1474 1234 1558 1265 cibos,

1008 1277 1153 1307 variosque
1163 1275 1254 1300 cultus.
1288 1276 1356 1306 Caepe
1367 1274 1466 1298 cultori
1475 1274 1569 1305 refert,

1008 1317 1072 1342 Olus
1082 1317 1176 1346 suive,
1187 1315 1334 1347 multiplex
1344 1315 1437 1340 herbae
1448 1322 1544 1347 genus,

1010 1358 1082 1381 Uvas
1093 1357 1220 1386 nitentes,
1231 1359 1314 1386 atque
1324 1354 1396 1379 fetus
1405 1355 1544 1379 arborum.
1580 1356 1583 1357 ’

1009 1399 1069 1422 Non
1079 1396 1145 1422 defit
1157 1396 1241 1421 hortis
1251 1400 1279 1421 et
1291 1394 1415 1427 voluptas
1426 1396 1561 1426 maxima,

1007 1438 1152 1469 Multisque
1164 1437 1245 1461 mista
1254 1436 1406 1461 commodis
1413 1436 1577 1467 jucunditas.

1008 1479 1090 1510 Aquae
1100 1477 1242 1509 strepentis
1254 1476 1350 1501 vitreae
1361 1475 1456 1500 lambit
1467 1475 1549 1508 liquor
1555 1484 1567 1505 ‚-

1010 1517 1142 1548 sulcoque
1153 1516 1260 1547 ductus,
1271 1516 1363 1548 irrigat
1374 1516 1446 1540 rivus
1455 1519 1522 1541 sata.

950 1601 1071 1643 Vulgo,
1097 1614 1194 1643 saepe:
1219 1613 1279 1633 nec
1307 1602 1518 1634 necessarium
1549 1601 1681 1641 videtur,

950 1653 1020 1684 loco
1034 1654 1077 1683 sic
1092 1654 1304 1693 interpuncto‚
1328 1659 1366 1684 ut
1377 1654 1505 1683 Heinsii
1519 1653 1682 1691 divinatio,

940 1704 1081 1746 fructus,
1097 1715 1154 1744 pro
1168 1707 1280 1743 cultus,
1293 1705 1327 1735 in
1342 1710 1524 1735 contextum
1535 1704 1682 1735 admitta-

951 1761 1020 1793 tur;
1043 1766 1119 1785 nam
1133 1766 1224 1786 voces
1236 1757 1336 1787 cultus
1350 1760 1381 1786 et
1395 1757 1507 1786 cultori
1521 1756 1564 1786 sic
1579 1755 1684 1786 divisae

952 1817 1018 1837 non
1035 1807 1208 1837 offendunt.

994 1858 1068 1889 Ver.
1084 1861 1159 1889 455.
1184 1857 1294 1888 Aliam
1309 1857 1385 1888 huic
1399 1857 1501 1888 versui
1524 1863 1684 1889 construc-

951 1909 1071 1939 tionem
1087 1915 1192 1940 noster
1206 1908 1330 1947 maluit,
1342 1908 1382 1939 ad
1397 1918 1492 1949 quam
1506 1909 1684 1948 praeceden-

952 1961 993 1991 tis
1009 1971 1134 2002 quoque
1150 1960 1256 1991 versus
1269 1960 1358 1991 ibant
1379 1961 1589 2000 compositum
1605 1972 1684 1992 non-

952 2012 1033 2042 nulli
1059 2012 1182 2050 scribae;
1211 2012 1266 2042 sed
1289 2011 1496 2048 inscitissime,
1522 2023 1595 2042 cum
1620 2023 1686 2043 non

953 2063 1041 2094 aliud
1071 2064 1175 2104 magis
1203 2063 1311 2104 po'e'sin
1348 2063 1558 2102 commendet,
1591 2074 1687 2104 quam

952 2117 1115 2147 varietates
1129 2116 1259 2157 hujusce
1281 2116 1368 2146 modi
1389 2126 1463 2146 cum
1483 2116 1603 2156 judicio
1619 2117 1683 2147 fac-

954 2172 1004 2204 tae,
1033 2173 1087 2198 aut
1103 2178 1121 2198 a
1137 2167 1298 2198 didacticis
1322 2167 1453 2206 scriptis,
1480 2174 1515 2197 ut
1540 2173 1614 2197 sunt
1636 2168 1685 2198 in-

953 2220 1049 2261 genio
1064 2221 1171 2251 minus
1186 2220 1277 2250 hilari
1291 2230 1327 2250 ac
1340 2219 1494 2260 jucundo,
1510 2220 1684 2250 satietatem

953 2272 1110 2302 efficacius
1124 2272 1279 2303 defendat.

994 2325 1071 2355 Ver.
1093 2329 1167 2356 456.
1193 2331 1380 2366 paupertas:
1405 2324 1431 2353 si
1467 2324 1508 2354 G.
1526 2324 1563 2353 Ρ.
1580 2323 1681 2355 vind.

952 2376 997 2407 V.
1007 2376 1054 2406 ed.
1062 2377 1102 2407 O.
1114 2382 1149 2407 Δ.
1159 2383 1199 2407 Π.
1211 2382 1247 2408 Σ.
1264 2383 1309 2407 Ω.
1321 2376 1444 2416 reliqui,
1460 2374 1539 2405 utin
1549 2374 1683 2415 vulgatis

953 2428 1154 2466 editionibus,
1170 2428 1320 2458 vocabula
1329 2434 1498 2468 paupertas
1514 2432 1544 2456 et
1558 2428 1682 2457 libertas

953 2480 1103 2510 exhibent
1131 2480 1242 2510 ordine
1268 2479 1463 2518 transposito.
1509 2477 1681 2508 Delicatuli

954 2531 1070 2562 scilicet
1091 2532 1292 2571 exscriptore-s
1306 2531 1434 2572 quidam
1450 2540 1504 2568 par
1520 2529 1585 2568 pari
1603 2529 1680 2569 jun-

954 2584 1095 2623 gendum
1110 2594 1175 2614 esse
1195 2584 1252 2614 sibi
1267 2594 1322 2622 per
1343 2592 1502 2612 summam
1525 2582 1683 2612 inscitiam

954 2642 1186 2673 persuaserant;
1213 2645 1286 2665 nam
1313 2640 1432 2671 contra,
1464 2647 1496 2664 «τα
1519 2644 1586 2673 que,
1617 2643 1682 2663 non

955 2687 1032 2716 alias
1049 2687 1083 2716 in
1098 2686 1251 2716 sententia
1266 2685 1452 2723 adhibitum,
1475 2685 1539 2715 duo
1554 2686 1685 2715 nomina

955 2748 1080 2776 prorsus
1105 2738 1208 2767 aliena
1229 2737 1443 2766 insuavissime
1457 2736 1661 2766 consociasset
1675 2748 1684 2767 ι

956 2789 1041 2829 quod
1071 2795 1177 2819 tamen
1214 2789 1346 2819 editores
1373 2789 1459 2820 haud
1487 2799 1682 2828 perspexere,

957 2852 1059 2882 neque
1088 2841 1184 2872 etiam
1213 2842 1385 2872 absurdum
1413 2852 1488 2878 esse,
1518 2842 1682 2881 po'e'tarum

954 2893 1082 2933 ingenia
1097 2893 1230 2933 legibus,
1248 2904 1286 2923 ex
1302 2899 1406 2924 nostro
1420 2893 1548 2923 arbitrio
1563 2892 1680 2934 cogita-

955 2944 1006 2983 tis,
1023 2945 1098 2975 citra
1113 2944 1325 2976 necessitatem
1341 2944 1502 2977 contineri.

933 3007 955 3035 3
