1894 3253
226 227 322 271 350

720 221 780 269 Τ.
840 220 1224 268 LUCRETII

257 357 342 395 950
371 353 695 408 Disparsamque
713 351 822 393 foras
842 367 917 408 per
937 352 1072 394 caulas
1091 353 1188 394 ei'cit
1207 353 1377 394 omneis.

373 429 483 469 Nam
504 427 603 483 quid
622 435 823 483 praeterea
841 427 973 470 faeere
992 428 1119 470 ictum
1137 443 1258 484 posse
1277 443 1440 470 reamur

374 501 589 552 Oblatum,
611 502 690 544 nisi
710 502 929 554 discutere,
951 518 999 544 ac
1019 503 1253 554 dissolvere,
1275 501 1472 559 quaeque?

433 576 501 617 Fit
520 592 701 633 quoque,
723 578 807 620 utei
828 578 997 629 soleant,
1019 579 1155 620 minus
1175 578 1314 620 oblato
1335 578 1481 620 acriter
1501 577 1599 629 ictu,

378 651 580 707 Reliquiae
600 652 737 694 motus
758 653 887 696 vitalis
909 654 1071 695 vincere
1091 669 1218 709 saepe3

261 728 342 765 955
375 724 569 777 Vincere,
592 736 632 768 et
650 728 853 785 ingenteis
872 728 1006 786 plagae
1028 729 1170 770 sedare
1189 727 1403 777 tumultus,

376 799 509 855 Inque
530 816 622 842 suos
644 802 844 858 quidquid
865 818 1005 844 rursus
1025 817 1216 844 revocare
1236 809 1412 851 meatus3

374 872 431 914 Et
451 875 565 930 quasi
579 875 667 930 jam
687 876 757 917 leti
777 876 1062 919 dominantem
1081 878 1125 917 in
1145 891 1319 932 corpore
1337 883 1498 916 motum

227 1046 252 1062 “
267 1043 394 1082 putatis,
410 1044 607 1084 quibus-—ad
623 1046 723 1077 sidera
743 1047 847 1078 volare
862 1047 958 1087 possi-

226 1097 250 1113 “
266 1094 336 1125 tis.’‘
382 1095 455 1125 Hos
483 1103 590 1126 autem
619 1100 712 1129 nodos
734 1099 826 1137 po'elta
854 1105 960 1129 noster

228 1152 392 1185 nuncupat
407 1157 512 1186 nexus,
529 1148 569 1178 ad
583 1148 625 1179 iii.
645 1153 716 1180 218.

272 1197 354 1230 Ibid.
369 1203 465 1232 solvit.
498 1203 588 1233 Hinc
600 1203 754 1234 Aurelius
765 1203 875 1234 Victor
888 1204 958 1243 pul-

226 1250 311 1287 chre,
335 1252 374 1282 de
390 1253 442 1282 vir.
459 1253 553 1284 illust.
570 1255 612 1285 iii.
628 1259 659 1285 5.
684 1257 764 1285 hanc
780 1256 895 1284 animae
910 1266 958 1285 re-

227 1301 360 1339 spiciens
370 1310 400 1333 et
410 1305 545 1343 corporis
555 1305 816 1345 disjunctionem:
835 1309 856 1323 “
868 1306 957 1336 Illor-

226 1355 250 1370 “
267 1354 307 1382 bo
321 1357 448 1393 solutus,
460 1356 495 1385 in
506 1356 528 1387 J
530 1356 656 1387 aniculo
667 1358 806 1398 (Numa)
820 1357 960 1397 sepultus

229 1406 251 1421 “
267 1405 343 1435 est.'‘

271 1455 343 1485 Ver.
362 1460 432 1488 950.
456 1460 661 1497 Dz'sparsam:
687 1459 731 1489 ita
748 1463 782 1489 Δ.
794 1459 865 1489 vide
880 1459 918 1489 ad
935 1460 954 1489 i.

224 1508 297 1536 510.
331 1513 376 1537 Ω.
404 1509 745 1548 Aspersam.-—caulas:
773 1510 813 1539 V.
838 1510 888 1540 ed.
914 1510 953 1540 L.

226 1563 267 1588 Π.
279 1570 368 1590 cavas
373 1574 384 1595 ;
404 1560 502 1591 Vind.
519 1565 552 1592 Σ.
565 1567 609 1592 Ω.
621 1563 723 1592 cavius
731 1575 741 1595 ‚·
761 1561 800 1596 Q.
811 1563 955 1601 quoevias.

225 1609 391 1651 —Vulgo,
414 1611 517 1650 ejicit:
546 1613 584 1642 O.
610 1615 722 1643 deicit.-
747 1612 816 1642 vide
847 1613 887 1643 ad
917 1614 954 1644 iv.

228 1663 319 1692 1040.
352 1662 416 1692 Hae
431 1669 537 1693 autem
549 1663 720 1700 varietates,
731 1675 821 1695 cavas
831 1675 955 1704 nempe,

224 1718 256 1742 et
271 1715 386 1749 cavius,
401 1714 420 1745 i.
437 1726 462 1745 e.
478 1727 594 1752 caveas,
611 1726 649 1745 ex
664 1715 850 1756 glossemate
865 1716 955 1748 forsi-

224 1770 293 1803 tan;
318 1776 393 1796 nam
410 1768 520 1797 Festus
543 1767 632 1798 dicit:
660 1771 682 1786 “
702 1770 819 1806 Caulae,
843 1778 862 1798 a
884 1780 954 1799 cavo

226 1822 248 1837 “
265 1819 386 1850 dictae.”
434 1821 488 1851 Ad
513 1821 610 1852 Servii
625 1828 734 1852 contra
749 1828 899 1860 mentem,
922 1823 956 1853 in

226 1870 316 1911 Virg.
341 1873 416 1902 [En.
431 1872 472 1903 ix.
490 1877 542 1904 60.
568 1877 590 1892 ‘⁴
606 1876 697 1905 caula
727 1875 876 1905 Graecum
898 1886 956 1905 no-

226 1927 247 1940 ·‘
262 1933 337 1952 men
363 1929 418 1960 est,
447 1935 463 1954 c
479 1924 654 1962 detracto;''
678 1931 709 1955 et
734 1926 853 1956 Graecis
867 1933 955 1961 αυλος

225 1979 272 2003 est
287 1986 346 2004 orm
362 1988 471 2006 aerem.-
491 1977 558 2006 haec
571 1982 676 2006 autem
689 1977 775 2007 notio
787 1988 860 2008 cum
874 1989 956 2009 mea-

223 2027 304 2056 tibus
320 2032 350 2056 et
354 2026 567 2067 foraminibus
583 2031 797 2060 membrorum
812 2030 956 2061 tenuissi-

225 2076 296 2112 mis,
312 2087 382 2117 quae
397 2078 466 2108 vult
479 2079 656 2118 Lucretius,
670 2080 802 2120 quadrat
815 2092 955 2113 commo-

222 2127 358 2159 dissime.
396 2130 445 2160 Ea
461 2130 622 2160 Arnobius
637 2133 774 2162 tramites
790 2142 954 2173 nuncupa-

223 2179 278 2217 vit,
309 2179 361 2211 lib.
388 2180 408 2210 i.
441 2191 469 2220 p.
494 2185 545 2211 50.
577 2181 616 2211 de
649 2181 765 2212 Christi
794 2182 955 2223 discipulis

223 2230 366 2271 loquens,
396 2232 583 2272 hydropicos
604 2233 889 2265 medentibus:—“
906 2235 952 2266 fa-

224 2285 248 2300 “
263 2283 344 2312 muli
359 2283 426 2323 ejus
441 2285 500 2314 hoc
515 2284 612 2315 modo
627 2291 802 2316 statuerunt
816 2293 953 2317 errantes

224 2336 248 2352 ‘⁶
263 2345 369 2374 aquas,
384 2341 415 2365 et
430 2346 449 2365 a
463 2337 601 2375 pernicie
615 2347 782 2377 corporum
796 2348 869 2369 suos
889 2338 952 2369 labi

222 2389 246 2404 “
258 2386 378 2426 jussere
414 2398 471 2427 per
506 2389 675 2420 tramites.’'
726 2390 822 2421 Unde
857 2391 954 2421 miror

222 2438 365 2469 librarios
374 2440 521 2471 Lucretio
533 2451 598 2471 non
609 2441 643 2471 in
654 2444 744 2473 calles
756 2443 953 2474 aberravisse.

227 2490 418 2522 Committas
448 2499 603 2530 nostrum,
633 2494 673 2525 ad
703 2494 745 2525 iii.
776 2498 850 2526 586.
881 2498 953 2528 587.

224 2541 430 2581 Opportunus
445 2549 491 2574 est
505 2545 644 2584 insuper,
670 2552 707 2576 ut
728 2546 782 2587 qui
804 2546 951 2584 maxime,

221 2592 346 2624 Lucani
373 2595 470 2631 locus,
496 2596 604 2628 Phars.
630 2597 673 2628 iii.
702 2602 773 2629 640.
796 2603 827 2629 et
856 2600 951 2630 inter-

221 2644 317 2681 pretis
326 2645 429 2676 officio
439 2647 473 2676 in
483 2647 667 2679 Lucretium
679 2648 810 2680 feliciter
820 2649 952 2691 defungi

222 2698 336 2732 potest:

250 2774 443 2808 Discursusque
450 2779 555 2811 animae,
562 2780 671 2807 diversa
679 2781 706 2808 in
714 2782 826 2808 membra
834 2783 952 2814 meantis,

252 2815 421 2848 Interceptus
430 2820 514 2851 aquis.

261 2887 337 2919 Ver.
354 2892 425 2921 952.
448 2901 502 2922 ac:
530 2899 575 2924 n..
600 2901 642 2930 et;
667 2900 772 2937 atque,
793 2895 829 2927 in
854 2905 946 2929 versu

1004 1054 1161 1088 sequente,
1178 1056 1252 1077 cum
1267 1045 1365 1076 Vind.
1384 1045 1423 1076 Ο.
1437 1046 1476 1082 Q.
1498 1050 1533 1077 Δ.
1548 1053 1588 1077 Π.
1602 1051 1637 1079 Σ.
1653 1048 1734 1078 obla-

1002 1106 1046 1135 ta,
1069 1110 1125 1139 pro
1141 1100 1258 1130 oblato.-
1284 1098 1337 1138 qui
1362 1098 1543 1129 referendus
1569 1109 1654 1129 error
1678 1106 1737 1138 est,

1004 1157 1040 1181 ut
1054 1157 1214 1190 exputem,
1227 1150 1267 1180 ad
1279 1151 1415 1190 primam
1424 1151 1567 1181 vocabuli
1583 1151 1737 1182 venientis

1003 1203 1135 1233 literam.

1046 1255 1121 1283 Ver.
1142 1257 1214 1285 954.
1234 1254 1404 1294 Reliquiae.-
1432 1254 1472 1284 O.
1498 1256 1676 1295 Reliquz'as;
1694 1255 1736 1284 V.

1003 1304 1050 1334 ed.
1075 1307 1222 1344 Reliqua
1251 1304 1346 1336 Vind.
1379 1306 1415 1335 B.
1448 1306 1489 1341 Q.
1522 1306 1558 1336 L.
1590 1308 1733 1347 Reliqui:

1002 1362 1043 1391 et,
1059 1355 1179 1395 opinor,
1196 1365 1281 1393 vere;
1298 1361 1334 1384 ut
1348 1355 1392 1384 ita
1404 1355 1535 1386 demum
1547 1366 1653 1387 versus
1662 1368 1733 1388 exa-

1003 1413 1102 1438 retur:

1093 1473 1190 1505 Reliqiii
1200 1476 1291 1498 motus
1303 1474 1401 1498 vitales
1411 1475 1520 1499 vincere
1532 1481 1619 1507 saepe:

1000 1530 1070 1560 vide
1086 1540 1143 1560 nos
1157 1529 1198 1560 ad
1213 1531 1235 1560 i.
1252 1533 1325 1560 561.
1341 1529 1381 1560 de
1395 1531 1453 1560 hac
1469 1541 1502 1560 re
1517 1530 1666 1562 dicentes.

1043 1581 1124 1611 Ibid.
1147 1583 1266 1612 vincere
1280 1592 1375 1621 saepe;
1409 1583 1551 1613 Vincere.
1596 1589 1734 1614 Παλιλο-

1002 1648 1063 1674 yma.
1110 1634 1161 1664 Sic
1177 1633 1303 1664 Tullius
1318 1634 1352 1663 in
1370 1634 1483 1664 Arato:

1030 1717 1063 1740 Et
1076 1715 1216 1740 matutinis
1227 1715 1360 1741 Acredula
1371 1715 1479 1741 vocibus
1491 1716 1570 1741 instat
1577 1724 1589 1745 ;

1028 1758 1131 1784 Vocibus
1142 1759 1232 1790 instat,
1244 1763 1271 1785 et
1283 1760 1404 1784 adsiduas
1411 1761 1478 1792 jacit
1489 1767 1536 1787 ore
1547 1760 1678 1792 querela&

1000 1830 1045 1861 Et
1059 1830 1228 1872 Virgilius,
1248 1831 1323 1862 AEn.
1341 1832 1383 1862 ix-
1399 1835 1473 1863 412.

1288 1915 1315 1938 et
1326 1913 1446 1938 amicum
1459 1915 1543 1940 Cretea
1554 1914 1653 1941 Musis:

1031 1953 1126 1981 cretea,
1136 1953 1274 1977 Musarum
1286 1953 1428 1978 comitem.

1001 2022 1167 2060 Horatius,
1184 2023 1272 2063 epod.
1288 2024 1349 2054 xvi.
1367 2029 1417 2056 64.

1094 2106 1133 2129 Ut
1144 2104 1296 2135 inquinavit
1307 2112 1356 2129 ere
1367 2108 1476 2137 tempus
1486 2113 1614 2137 aureum;

1061 2144 1135 2173 AEre,
1147 2143 1244 2168 dehinc
1258 2143 1329 2168 ferro
1341 2144 1448 2168 duravit
1458 2145 1560 2170 secula:

997 2219 1033 2243 ut
1048 2213 1122 2244 ibid.
1138 2214 1180 2245 xi.
1194 2218 1222 2245 2.
1238 2217 1268 2245 3.
1293 2220 1399 2245 noster
1414 2215 1540 2255 iterum,
1557 2216 1600 2247 iii.
1620 2220 1667 2248 12.
1684 2220 1735 2248 15.

997 2275 1025 2295 v.
1044 2268 1116 2297 299.
1133 2269 1207 2296 300.
1231 2266 1415 2297 Lambinus.

1039 2316 1114 2347 Ver.
1132 2320 1203 2349 955.
1226 2320 1377 2358 ingentez's
1393 2321 1551 2351 tumultus.

995 2367 1168 2398 admodum
1185 2369 1288 2405 Maro,
1302 2370 1378 2401 AEn.
1394 2370 1434 2402 xi.
1451 2375 1525 2403 897.

1610 2321 1730 2357 Quem-

1129 2435 1223 2466 juveni
1235 2435 1359 2468 ingentem
1371 2436 1424 2462 fert
1439 2438 1512 2463 Acca
1524 2437 1673 2463 tumultum.

998 2494 1063 2525 Pro
1078 2497 1228 2536 ingentez's
1242 2503 1360 2536 autem,
1378 2499 1425 2529 M.
1442 2500 1602 2539 ingenitos.

1040 2545 1117 2577 Ver.
1135 2550 1208 2579 956.
1230 2551 1399 2590 quidquid:
1425 2549 1463 2580 P.
1480 2550 1521 2581 V.
1544 2549 1592 2580 ed.
1613 2549 1728 2580 habent

996 2600 1169 2639 quicquam.

1042 2650 1123 2681 Ibid.
1144 2663 1250 2683 rursus
1279 2664 1428 2685 revocare.
1474 2653 1546 2685 Has
1577 2651 1728 2683 sermonis

995 2701 1218 2734 redundantias
1233 2705 1354 2746 antiqui
1366 2705 1561 2736 affectabant.
1586 2704 1637 2734 Ita
1648 2702 1722 2733 Vir-

993 2753 1101 2795 gilius,
1118 2754 1194 2785 AEn.
1211 2765 1238 2784 ν.
1256 2759 1326 2786 166.
1351 2756 1487 2796 exempli
1501 2754 1616 2796 gratia:

1025 2827 1086 2859 Quo
1116 2828 1236 2853 diversus
1256 2829 1327 2854 abis?
1355 2828 1457 2859 iterum,
1482 2831 1545 2855 Pete
1564 2834 1642 2859 saxa,
1667 2829 1723 2854 Me-

1114 2871 1192 2893 noete
1199 2877 1205 2882 ·

1020 2908 1092 2934 Cum
1103 2887 1223 2935 clamoie
1236 2909 1310 2940 Gyas
1321 2908 1470 2934 revocabat.
