<?xml version="1.0" encoding="UTF-8"?>
<!DOCTYPE html PUBLIC "-//W3C//DTD XHTML 1.0 Transitional//EN"
    "http://www.w3.org/TR/xhtml1/DTD/xhtml1-transitional.dtd">
<html xmlns="http://www.w3.org/1999/xhtml" xml:lang="en" lang="en">
 <head>
  <title>
</title>
<meta http-equiv="Content-Type" content="text/html;charset=utf-8" />
  <meta name='ocr-system' content='tesseract 3.04.00' />
  <meta name='ocr-capabilities' content='ocr_page ocr_carea ocr_par ocr_line ocrx_word'/>
</head>
<body>
  <div class='ocr_page' id='page_1' title='image "./tlucretiicarider01lucruoft_0324.png"; bbox 0 0 1894 3253; ppageno 0'>
   <div class='ocr_carea' id='block_1_1' title="bbox 218 259 310 300">
    <p class='ocr_par' dir='ltr' id='par_1_1' title="bbox 218 259 310 300">
     <span class='ocr_line' id='line_1_1' title="bbox 218 259 310 300; baseline 0 -1"><span class='ocrx_word' id='word_1_1' title='bbox 218 259 310 300; x_wconf 82' lang='lat'>256</span> 
     </span>
    </p>
   </div>
   <div class='ocr_carea' id='block_1_2' title="bbox 717 248 1206 297">
    <p class='ocr_par' dir='ltr' id='par_1_2' title="bbox 717 248 1206 297">
     <span class='ocr_line' id='line_1_2' title="bbox 717 248 1206 297; baseline -0.004 0"><span class='ocrx_word' id='word_1_2' title='bbox 717 250 775 297; x_wconf 88' lang='lat' dir='ltr'>T.</span> <span class='ocrx_word' id='word_1_3' title='bbox 830 248 1206 297; x_wconf 87' lang='lat' dir='ltr'><strong>LUCRETII</strong></span> 
     </span>
    </p>
   </div>
   <div class='ocr_carea' id='block_1_3' title="bbox 246 380 1600 735">
    <p class='ocr_par' dir='ltr' id='par_1_3' title="bbox 246 380 1600 735">
     <span class='ocr_line' id='line_1_3' title="bbox 363 380 1471 436; baseline -0.005 -11"><span class='ocrx_word' id='word_1_4' title='bbox 363 383 419 425; x_wconf 88' lang='lat' dir='ltr'>Et</span> <span class='ocrx_word' id='word_1_5' title='bbox 438 390 576 423; x_wconf 87' lang='lat' dir='ltr'>tamen</span> <span class='ocrx_word' id='word_1_6' title='bbox 596 387 656 421; x_wconf 88' lang='lat' dir='ltr'>est</span> <span class='ocrx_word' id='word_1_7' title='bbox 675 380 845 436; x_wconf 90' lang='lat' dir='ltr'>quidam</span> <span class='ocrx_word' id='word_1_8' title='bbox 865 380 978 422; x_wconf 91' lang='lat' dir='ltr'>locus</span> <span class='ocrx_word' id='word_1_9' title='bbox 999 380 1087 422; x_wconf 84' lang='lat' dir='ltr'>altis</span> <span class='ocrx_word' id='word_1_10' title='bbox 1108 380 1332 430; x_wconf 85' lang='lat' dir='ltr'>montibus,</span> <span class='ocrx_word' id='word_1_11' title='bbox 1354 380 1471 421; x_wconf 75' lang='lat' dir='ltr'>unde</span> 
     </span>
     <span class='ocr_line' id='line_1_4' title="bbox 362 454 1434 511; baseline -0.006 -11"><span class='ocrx_word' id='word_1_12' title='bbox 362 458 480 500; x_wconf 88' lang='lat' dir='ltr'>Stare</span> <span class='ocrx_word' id='word_1_13' title='bbox 499 454 689 496; x_wconf 89' lang='lat' dir='ltr'>videntur</span> <span class='ocrx_word' id='word_1_14' title='bbox 696 472 709 504; x_wconf 88' lang='lat'>;</span> <span class='ocrx_word' id='word_1_15' title='bbox 742 463 782 496; x_wconf 90' lang='lat' dir='ltr'>et</span> <span class='ocrx_word' id='word_1_16' title='bbox 801 455 844 495; x_wconf 89' lang='lat' dir='ltr'>in</span> <span class='ocrx_word' id='word_1_17' title='bbox 866 455 1021 510; x_wconf 89' lang='lat' dir='ltr'>campis</span> <span class='ocrx_word' id='word_1_18' title='bbox 1041 455 1265 496; x_wconf 86' lang='lat' dir='ltr'><strong>consistere</strong></span> <span class='ocrx_word' id='word_1_19' title='bbox 1283 454 1434 511; x_wconf 85' lang='lat' dir='ltr'>fulgur.</span> 
     </span>
     <span class='ocr_line' id='line_1_5' title="bbox 422 529 1600 586; baseline 0 -16"><span class='ocrx_word' id='word_1_20' title='bbox 422 530 545 571; x_wconf 93' lang='lat' dir='ltr'>Nunc</span> <span class='ocrx_word' id='word_1_21' title='bbox 565 544 656 586; x_wconf 87' lang='lat' dir='ltr'>age,</span> <span class='ocrx_word' id='word_1_22' title='bbox 671 529 759 584; x_wconf 86' lang='lat' dir='ltr'>jam</span> <span class='ocrx_word' id='word_1_23' title='bbox 780 529 971 584; x_wconf 84' lang='lat' dir='ltr'>deinceps</span> <span class='ocrx_word' id='word_1_24' title='bbox 992 538 1234 570; x_wconf 86' lang='lat' dir='ltr'>cunctarum</span> <span class='ocrx_word' id='word_1_25' title='bbox 1255 529 1428 570; x_wconf 85' lang='lat' dir='ltr'>exordia</span> <span class='ocrx_word' id='word_1_26' title='bbox 1448 541 1600 578; x_wconf 83' lang='lat' dir='ltr'>rerum,</span> 
     </span>
     <span class='ocr_line' id='line_1_6' title="bbox 362 602 1366 660; baseline -0.002 -15"><span class='ocrx_word' id='word_1_27' title='bbox 362 604 512 654; x_wconf 81' lang='lat' dir='ltr'>Qualia</span> <span class='ocrx_word' id='word_1_28' title='bbox 532 604 627 654; x_wconf 90' lang='lat' dir='ltr'>sint,</span> <span class='ocrx_word' id='word_1_29' title='bbox 650 611 690 644; x_wconf 88' lang='lat' dir='ltr'>et</span> <span class='ocrx_word' id='word_1_30' title='bbox 710 618 834 659; x_wconf 82' lang='lat' dir='ltr'>quam</span> <span class='ocrx_word' id='word_1_31' title='bbox 855 603 977 660; x_wconf 84' lang='lat' dir='ltr'>longe</span> <span class='ocrx_word' id='word_1_32' title='bbox 997 603 1191 644; x_wconf 81' lang='lat' dir='ltr'>distantia</span> <span class='ocrx_word' id='word_1_33' title='bbox 1210 602 1366 653; x_wconf 86' lang='lat' dir='ltr'>formis,</span> 
     </span>
     <span class='ocr_line' id='line_1_7' title="bbox 246 677 1421 735; baseline -0.003 -13"><span class='ocrx_word' id='word_1_34' title='bbox 246 685 328 722; x_wconf 74' lang='lat'>335</span> <span class='ocrx_word' id='word_1_35' title='bbox 362 679 553 734; x_wconf 80' lang='lat' dir='ltr'>Percipc3</span> <span class='ocrx_word' id='word_1_36' title='bbox 585 679 819 735; x_wconf 85' lang='lat' dir='ltr'>multigenis</span> <span class='ocrx_word' id='word_1_37' title='bbox 840 694 963 734; x_wconf 88' lang='lat' dir='ltr'>quam</span> <span class='ocrx_word' id='word_1_38' title='bbox 986 677 1065 720; x_wconf 92' lang='lat' dir='ltr'>sint</span> <span class='ocrx_word' id='word_1_39' title='bbox 1086 679 1241 720; x_wconf 86' lang='lat' dir='ltr'>variata</span> <span class='ocrx_word' id='word_1_40' title='bbox 1261 678 1421 735; x_wconf 86' lang='lat' dir='ltr'>figuris:</span> 
     </span>
    </p>
   </div>
   <div class='ocr_carea' id='block_1_4' title="bbox 360 751 1497 809">
    <p class='ocr_par' dir='ltr' id='par_1_4' title="bbox 360 751 1497 809">
     <span class='ocr_line' id='line_1_8' title="bbox 360 751 1497 809; baseline -0.002 -15"><span class='ocrx_word' id='word_1_41' title='bbox 360 754 475 804; x_wconf 88' lang='lat' dir='ltr'>Non,</span> <span class='ocrx_word' id='word_1_42' title='bbox 497 768 580 809; x_wconf 94' lang='lat' dir='ltr'>quo</span> <span class='ocrx_word' id='word_1_43' title='bbox 599 753 728 794; x_wconf 81' lang='lat' dir='ltr'>multa</span> <span class='ocrx_word' id='word_1_44' title='bbox 746 768 894 808; x_wconf 74' lang='lat' dir='ltr'>parum</span> <span class='ocrx_word' id='word_1_45' title='bbox 915 753 1033 794; x_wconf 83' lang='lat' dir='ltr'>simili</span> <span class='ocrx_word' id='word_1_46' title='bbox 1055 754 1136 794; x_wconf 86' lang='lat' dir='ltr'>sint</span> <span class='ocrx_word' id='word_1_47' title='bbox 1155 752 1331 808; x_wconf 86' lang='lat' dir='ltr'>praedita</span> <span class='ocrx_word' id='word_1_48' title='bbox 1350 751 1497 801; x_wconf 63' lang='lat' dir='ltr'>formai,</span> 
     </span>
    </p>
   </div>
   <div class='ocr_carea' id='block_1_5' title="bbox 364 827 1542 956">
    <p class='ocr_par' dir='ltr' id='par_1_5' title="bbox 364 827 1542 956">
     <span class='ocr_line' id='line_1_9' title="bbox 364 827 1542 884; baseline -0.003 -15"><span class='ocrx_word' id='word_1_49' title='bbox 364 828 447 870; x_wconf 88' lang='lat' dir='ltr'>Sed</span> <span class='ocrx_word' id='word_1_50' title='bbox 467 828 563 883; x_wconf 86' lang='lat' dir='ltr'>quia</span> <span class='ocrx_word' id='word_1_51' title='bbox 583 843 668 869; x_wconf 91' lang='lat' dir='ltr'>non</span> <span class='ocrx_word' id='word_1_52' title='bbox 689 827 811 884; x_wconf 83' lang='lat' dir='ltr'>volgo</span> <span class='ocrx_word' id='word_1_53' title='bbox 831 828 947 882; x_wconf 84' lang='lat' dir='ltr'>paria</span> <span class='ocrx_word' id='word_1_54' title='bbox 968 827 1159 868; x_wconf 88' lang='lat' dir='ltr'>omnibus</span> <span class='ocrx_word' id='word_1_55' title='bbox 1180 827 1321 867; x_wconf 89' lang='lat' dir='ltr'>omnia</span> <span class='ocrx_word' id='word_1_56' title='bbox 1341 833 1542 867; x_wconf 84' lang='lat' dir='ltr'>constant.</span> 
     </span>
     <span class='ocr_line' id='line_1_10' title="bbox 364 901 1460 956; baseline -0.003 -12"><span class='ocrx_word' id='word_1_57' title='bbox 364 903 454 944; x_wconf 89' lang='lat' dir='ltr'>Nec</span> <span class='ocrx_word' id='word_1_58' title='bbox 474 902 641 943; x_wconf 88' lang='lat' dir='ltr'>mirum:</span> <span class='ocrx_word' id='word_1_59' title='bbox 674 916 786 951; x_wconf 86' lang='lat' dir='ltr'>nam,</span> <span class='ocrx_word' id='word_1_60' title='bbox 810 916 936 956; x_wconf 88' lang='lat' dir='ltr'>quom</span> <span class='ocrx_word' id='word_1_61' title='bbox 957 902 1007 942; x_wconf 86' lang='lat' dir='ltr'>sit</span> <span class='ocrx_word' id='word_1_62' title='bbox 1028 916 1171 942; x_wconf 86' lang='lat' dir='ltr'>eorum</span> <span class='ocrx_word' id='word_1_63' title='bbox 1193 901 1311 955; x_wconf 85' lang='lat' dir='ltr'>copia</span> <span class='ocrx_word' id='word_1_64' title='bbox 1332 907 1460 950; x_wconf 85' lang='lat' dir='ltr'>tanta,</span> 
     </span>
    </p>
   </div>
   <div class='ocr_carea' id='block_1_6' title="bbox 218 1073 965 2719">
    <p class='ocr_par' dir='ltr' id='par_1_6' title="bbox 218 1073 954 1738">
     <span class='ocr_line' id='line_1_11' title="bbox 264 1073 948 1115; baseline -0.006 -8"><span class='ocrx_word' id='word_1_65' title='bbox 264 1076 337 1107; x_wconf 89' lang='lat' dir='ltr'>Ver.</span> <span class='ocrx_word' id='word_1_66' title='bbox 352 1079 424 1107; x_wconf 78' lang='lat'>532.</span> <span class='ocrx_word' id='word_1_67' title='bbox 448 1077 604 1107; x_wconf 77' lang='lat' dir='ltr'>videntur:</span> <span class='ocrx_word' id='word_1_68' title='bbox 624 1074 643 1105; x_wconf 91' lang='lat' dir='ltr'>i.</span> <span class='ocrx_word' id='word_1_69' title='bbox 661 1085 686 1104; x_wconf 92' lang='lat' dir='ltr'>e.</span> <span class='ocrx_word' id='word_1_70' title='bbox 702 1076 815 1115; x_wconf 74' lang='lat' dir='ltr'>equites</span> <span class='ocrx_word' id='word_1_71' title='bbox 830 1073 948 1104; x_wconf 89' lang='lat' dir='ltr'>circum</span> 
     </span>
     <span class='ocr_line' id='line_1_12' title="bbox 218 1125 948 1167; baseline -0.007 -7"><span class='ocrx_word' id='word_1_72' title='bbox 218 1131 376 1160; x_wconf 65' lang='lat' dir='ltr'>volitantes</span> <span class='ocrx_word' id='word_1_73' title='bbox 392 1130 534 1159; x_wconf 78' lang='lat' dir='ltr'>videntur</span> <span class='ocrx_word' id='word_1_74' title='bbox 549 1133 644 1164; x_wconf 83' lang='lat' dir='ltr'>stare,</span> <span class='ocrx_word' id='word_1_75' title='bbox 671 1132 701 1156; x_wconf 88' lang='lat' dir='ltr'>et</span> <span class='ocrx_word' id='word_1_76' title='bbox 705 1126 821 1167; x_wconf 81' lang='lat' dir='ltr'>fulgur</span> <span class='ocrx_word' id='word_1_77' title='bbox 835 1125 948 1156; x_wconf 86' lang='lat' dir='ltr'>fluctu-</span> 
     </span>
     <span class='ocr_line' id='line_1_13' title="bbox 222 1178 949 1221; baseline -0.007 -9"><span class='ocrx_word' id='word_1_78' title='bbox 222 1192 279 1211; x_wconf 84' lang='lat' dir='ltr'>ans</span> <span class='ocrx_word' id='word_1_79' title='bbox 294 1183 448 1221; x_wconf 76' lang='lat' dir='ltr'>legionum</span> <span class='ocrx_word' id='word_1_80' title='bbox 464 1178 640 1209; x_wconf 85' lang='lat' dir='ltr'>consistere.</span> <span class='ocrx_word' id='word_1_81' title='bbox 678 1178 775 1208; x_wconf 87' lang='lat' dir='ltr'>Hanc</span> <span class='ocrx_word' id='word_1_82' title='bbox 784 1178 949 1208; x_wconf 85' lang='lat' dir='ltr'>lectionem</span> 
     </span>
     <span class='ocr_line' id='line_1_14' title="bbox 221 1229 945 1272; baseline -0.004 -10"><span class='ocrx_word' id='word_1_83' title='bbox 221 1234 317 1264; x_wconf 85' lang='lat' dir='ltr'>totius</span> <span class='ocrx_word' id='word_1_84' title='bbox 347 1232 517 1272; x_wconf 84' lang='lat' dir='ltr'>proprietas</span> <span class='ocrx_word' id='word_1_85' title='bbox 545 1231 605 1260; x_wconf 94' lang='lat' dir='ltr'>loci</span> <span class='ocrx_word' id='word_1_86' title='bbox 639 1240 674 1260; x_wconf 86' lang='lat' dir='ltr'>ac</span> <span class='ocrx_word' id='word_1_87' title='bbox 704 1231 861 1269; x_wconf 87' lang='lat' dir='ltr'>proportio</span> <span class='ocrx_word' id='word_1_88' title='bbox 890 1229 945 1259; x_wconf 83' lang='lat' dir='ltr'>fia-</span> 
     </span>
     <span class='ocr_line' id='line_1_15' title="bbox 220 1281 945 1325; baseline -0.006 -10"><span class='ocrx_word' id='word_1_89' title='bbox 220 1286 331 1325; x_wconf 76' lang='lat' dir='ltr'>gitant,</span> <span class='ocrx_word' id='word_1_90' title='bbox 363 1294 420 1313; x_wconf 89' lang='lat' dir='ltr'>nec</span> <span class='ocrx_word' id='word_1_91' title='bbox 454 1283 562 1312; x_wconf 87' lang='lat' dir='ltr'>minus</span> <span class='ocrx_word' id='word_1_92' title='bbox 589 1288 698 1311; x_wconf 86' lang='lat' dir='ltr'>ornata</span> <span class='ocrx_word' id='word_1_93' title='bbox 726 1281 855 1311; x_wconf 85' lang='lat' dir='ltr'>variatio</span> <span class='ocrx_word' id='word_1_94' title='bbox 884 1292 945 1311; x_wconf 84' lang='lat' dir='ltr'>ser-</span> 
     </span>
     <span class='ocr_line' id='line_1_16' title="bbox 221 1333 948 1377; baseline -0.006 -11"><span class='ocrx_word' id='word_1_95' title='bbox 221 1337 324 1366; x_wconf 85' lang='lat' dir='ltr'>monis</span> <span class='ocrx_word' id='word_1_96' title='bbox 342 1338 432 1377; x_wconf 88' lang='lat' dir='ltr'>(nam</span> <span class='ocrx_word' id='word_1_97' title='bbox 454 1335 543 1365; x_wconf 88' lang='lat' dir='ltr'>aliter</span> <span class='ocrx_word' id='word_1_98' title='bbox 564 1333 801 1374; x_wconf 84' lang='lat' dir='ltr'>languidissime</span> <span class='ocrx_word' id='word_1_99' title='bbox 816 1333 948 1363; x_wconf 84' lang='lat' dir='ltr'>caudam</span> 
     </span>
     <span class='ocr_line' id='line_1_17' title="bbox 221 1385 949 1425; baseline -0.007 -7"><span class='ocrx_word' id='word_1_100' title='bbox 221 1390 357 1419; x_wconf 86' lang='lat' dir='ltr'>traheret</span> <span class='ocrx_word' id='word_1_101' title='bbox 397 1401 430 1418; x_wconf 56' lang='lat' dir='ltr'>vo</span> <span class='ocrx_word' id='word_1_102' title='bbox 466 1386 642 1425; x_wconf 81' lang='lat' dir='ltr'>consistere)</span> <span class='ocrx_word' id='word_1_103' title='bbox 680 1385 766 1415; x_wconf 85' lang='lat' dir='ltr'>idem</span> <span class='ocrx_word' id='word_1_104' title='bbox 802 1385 949 1425; x_wconf 88' lang='lat' dir='ltr'>loquitur.</span> 
     </span>
     <span class='ocr_line' id='line_1_18' title="bbox 224 1435 949 1480; baseline -0.007 -11"><span class='ocrx_word' id='word_1_105' title='bbox 224 1440 330 1480; x_wconf 75' lang='lat' dir='ltr'>Vulgo</span> <span class='ocrx_word' id='word_1_106' title='bbox 344 1439 470 1479; x_wconf 85' lang='lat' dir='ltr'>legitur,</span> <span class='ocrx_word' id='word_1_107' title='bbox 497 1440 632 1471; x_wconf 58' lang='lat' dir='ltr'>videtum</span> <span class='ocrx_word' id='word_1_108' title='bbox 659 1436 712 1465; x_wconf 90' lang='lat' dir='ltr'>sed</span> <span class='ocrx_word' id='word_1_109' title='bbox 728 1442 832 1465; x_wconf 85' lang='lat' dir='ltr'>nostra</span> <span class='ocrx_word' id='word_1_110' title='bbox 846 1435 949 1473; x_wconf 83' lang='lat' dir='ltr'>lectio,</span> 
     </span>
     <span class='ocr_line' id='line_1_19' title="bbox 224 1488 951 1533; baseline -0.008 -11"><span class='ocrx_word' id='word_1_111' title='bbox 224 1503 317 1533; x_wconf 88' lang='lat' dir='ltr'>quam</span> <span class='ocrx_word' id='word_1_112' title='bbox 334 1492 412 1521; x_wconf 89' lang='lat' dir='ltr'>meis</span> <span class='ocrx_word' id='word_1_113' title='bbox 427 1491 554 1521; x_wconf 84' lang='lat' dir='ltr'>auribus</span> <span class='ocrx_word' id='word_1_114' title='bbox 569 1489 618 1519; x_wconf 83' lang='lat' dir='ltr'>vel</span> <span class='ocrx_word' id='word_1_115' title='bbox 633 1488 720 1528; x_wconf 89' lang='lat' dir='ltr'>pueri</span> <span class='ocrx_word' id='word_1_116' title='bbox 738 1489 841 1518; x_wconf 85' lang='lat' dir='ltr'>Musae</span> <span class='ocrx_word' id='word_1_117' title='bbox 853 1488 951 1517; x_wconf 86' lang='lat' dir='ltr'>instil-</span> 
     </span>
     <span class='ocr_line' id='line_1_20' title="bbox 223 1539 952 1582; baseline -0.005 -11"><span class='ocrx_word' id='word_1_118' title='bbox 223 1543 370 1577; x_wconf 76' lang='lat' dir='ltr'>laverant,</span> <span class='ocrx_word' id='word_1_119' title='bbox 381 1548 412 1572; x_wconf 88' lang='lat' dir='ltr'>et</span> <span class='ocrx_word' id='word_1_120' title='bbox 426 1552 508 1582; x_wconf 87' lang='lat' dir='ltr'>quae,</span> <span class='ocrx_word' id='word_1_121' title='bbox 521 1540 569 1570; x_wconf 87' lang='lat' dir='ltr'>vel</span> <span class='ocrx_word' id='word_1_122' title='bbox 584 1540 670 1570; x_wconf 89' lang='lat' dir='ltr'>libris</span> <span class='ocrx_word' id='word_1_123' title='bbox 684 1539 831 1569; x_wconf 83' lang='lat' dir='ltr'>omnibus</span> <span class='ocrx_word' id='word_1_124' title='bbox 846 1545 952 1568; x_wconf 86' lang='lat' dir='ltr'>contra</span> 
     </span>
     <span class='ocr_line' id='line_1_21' title="bbox 223 1590 952 1631; baseline -0.007 -7"><span class='ocrx_word' id='word_1_125' title='bbox 223 1595 385 1631; x_wconf 66' lang='lat' dir='ltr'>stantibus,</span> <span class='ocrx_word' id='word_1_126' title='bbox 408 1599 488 1623; x_wconf 87' lang='lat' dir='ltr'>esset</span> <span class='ocrx_word' id='word_1_127' title='bbox 510 1591 715 1629; x_wconf 87' lang='lat' dir='ltr'>admittenda,</span> <span class='ocrx_word' id='word_1_128' title='bbox 737 1597 893 1629; x_wconf 85' lang='lat' dir='ltr'>comparet</span> <span class='ocrx_word' id='word_1_129' title='bbox 919 1590 952 1619; x_wconf 91' lang='lat' dir='ltr'>in</span> 
     </span>
     <span class='ocr_line' id='line_1_22' title="bbox 224 1643 954 1677; baseline -0.007 0"><span class='ocrx_word' id='word_1_130' title='bbox 224 1646 382 1677; x_wconf 78' lang='lat' dir='ltr'>codicibus</span> <span class='ocrx_word' id='word_1_131' title='bbox 408 1645 506 1676; x_wconf 89' lang='lat' dir='ltr'>Vind.</span> <span class='ocrx_word' id='word_1_132' title='bbox 535 1645 575 1675; x_wconf 92' lang='lat' dir='ltr'>G.</span> <span class='ocrx_word' id='word_1_133' title='bbox 604 1644 642 1674; x_wconf 95' lang='lat' dir='ltr'>O.</span> <span class='ocrx_word' id='word_1_134' title='bbox 671 1648 707 1673; x_wconf 89' lang='grc' dir='ltr'>Δ.</span> <span class='ocrx_word' id='word_1_135' title='bbox 738 1648 772 1674; x_wconf 82' lang='grc' dir='ltr'>Σ.</span> <span class='ocrx_word' id='word_1_136' title='bbox 803 1649 846 1673; x_wconf 82' lang='grc' dir='ltr'>Ω,</span> <span class='ocrx_word' id='word_1_137' title='bbox 892 1643 954 1673; x_wconf 86' lang='lat' dir='ltr'>Pro</span> 
     </span>
     <span class='ocr_line' id='line_1_23' title="bbox 225 1697 777 1738; baseline -0.007 -9"><span class='ocrx_word' id='word_1_138' title='bbox 225 1701 340 1738; x_wconf 76' lang='lat' dir='ltr'>campis</span> <span class='ocrx_word' id='word_1_139' title='bbox 356 1697 462 1736; x_wconf 85' lang='lat' dir='ltr'>etiam,</span> <span class='ocrx_word' id='word_1_140' title='bbox 480 1704 523 1728; x_wconf 90' lang='grc' dir='ltr'>Π.</span> <span class='ocrx_word' id='word_1_141' title='bbox 540 1697 633 1726; x_wconf 87' lang='lat' dir='ltr'>habet</span> <span class='ocrx_word' id='word_1_142' title='bbox 648 1706 777 1735; x_wconf 76' lang='lat' dir='ltr'>campos.</span> 
     </span>
    </p>

    <p class='ocr_par' dir='ltr' id='par_1_7' title="bbox 226 1746 960 2297">
     <span class='ocr_line' id='line_1_24' title="bbox 268 1746 954 1789; baseline -0.007 -9"><span class='ocrx_word' id='word_1_143' title='bbox 268 1751 343 1781; x_wconf 83' lang='lat' dir='ltr'>Ver.</span> <span class='ocrx_word' id='word_1_144' title='bbox 358 1753 431 1781; x_wconf 82' lang='lat'>556.</span> <span class='ocrx_word' id='word_1_145' title='bbox 455 1761 530 1789; x_wconf 80' lang='lat' dir='ltr'>quo:</span> <span class='ocrx_word' id='word_1_146' title='bbox 559 1749 594 1779; x_wconf 88' lang='lat' dir='ltr'>P.</span> <span class='ocrx_word' id='word_1_147' title='bbox 613 1753 648 1778; x_wconf 93' lang='grc' dir='ltr'>Δ.</span> <span class='ocrx_word' id='word_1_148' title='bbox 666 1752 700 1778; x_wconf 80' lang='grc' dir='ltr'>Σ.</span> <span class='ocrx_word' id='word_1_149' title='bbox 722 1753 766 1777; x_wconf 83' lang='grc' dir='ltr'>Ω.</span> <span class='ocrx_word' id='word_1_150' title='bbox 783 1749 878 1787; x_wconf 77' lang='lat' dir='ltr'>quod;</span> <span class='ocrx_word' id='word_1_151' title='bbox 894 1746 954 1776; x_wconf 91' lang='lat' dir='ltr'>mi-</span> 
     </span>
     <span class='ocr_line' id='line_1_25' title="bbox 226 1799 954 1839; baseline -0.007 -7"><span class='ocrx_word' id='word_1_152' title='bbox 226 1813 285 1832; x_wconf 88' lang='lat' dir='ltr'>nus</span> <span class='ocrx_word' id='word_1_153' title='bbox 300 1801 400 1832; x_wconf 87' lang='lat' dir='ltr'>docte.</span> <span class='ocrx_word' id='word_1_154' title='bbox 446 1801 501 1838; x_wconf 81' lang='lat' dir='ltr'>Et,</span> <span class='ocrx_word' id='word_1_155' title='bbox 518 1800 551 1830; x_wconf 93' lang='lat' dir='ltr'>in</span> <span class='ocrx_word' id='word_1_156' title='bbox 566 1810 656 1829; x_wconf 90' lang='lat' dir='ltr'>versu</span> <span class='ocrx_word' id='word_1_157' title='bbox 671 1799 777 1829; x_wconf 85' lang='lat' dir='ltr'>statim</span> <span class='ocrx_word' id='word_1_158' title='bbox 794 1804 954 1839; x_wconf 85' lang='lat' dir='ltr'>sequente,</span> 
     </span>
     <span class='ocr_line' id='line_1_26' title="bbox 229 1850 952 1890; baseline -0.007 -6"><span class='ocrx_word' id='word_1_159' title='bbox 229 1854 269 1884; x_wconf 93' lang='lat' dir='ltr'>G.</span> <span class='ocrx_word' id='word_1_160' title='bbox 287 1854 334 1884; x_wconf 88' lang='grc' dir='ltr'>Μ.</span> <span class='ocrx_word' id='word_1_161' title='bbox 359 1852 605 1884; x_wconf 64' lang='lat' dir='ltr'>consum—Hoc</span> <span class='ocrx_word' id='word_1_162' title='bbox 629 1857 735 1881; x_wconf 87' lang='lat' dir='ltr'>autem</span> <span class='ocrx_word' id='word_1_163' title='bbox 758 1850 833 1880; x_wconf 83' lang='lat' dir='ltr'>dicit</span> <span class='ocrx_word' id='word_1_164' title='bbox 849 1851 952 1890; x_wconf 75' lang='lat' dir='ltr'>po&#39;eta:</span> 
     </span>
     <span class='ocr_line' id='line_1_27' title="bbox 229 1901 957 1944; baseline -0.007 -9"><span class='ocrx_word' id='word_1_165' title='bbox 229 1908 251 1922; x_wconf 89' lang='lat'>“</span> <span class='ocrx_word' id='word_1_166' title='bbox 270 1903 375 1935; x_wconf 85' lang='lat' dir='ltr'>Multa</span> <span class='ocrx_word' id='word_1_167' title='bbox 390 1911 464 1934; x_wconf 88' lang='lat' dir='ltr'>sunt</span> <span class='ocrx_word' id='word_1_168' title='bbox 479 1913 630 1944; x_wconf 86' lang='lat' dir='ltr'>perquam</span> <span class='ocrx_word' id='word_1_169' title='bbox 645 1902 771 1939; x_wconf 86' lang='lat' dir='ltr'>similia,</span> <span class='ocrx_word' id='word_1_170' title='bbox 793 1912 850 1931; x_wconf 92' lang='lat' dir='ltr'>nec</span> <span class='ocrx_word' id='word_1_171' title='bbox 867 1901 957 1931; x_wconf 86' lang='lat' dir='ltr'>facile</span> 
     </span>
     <span class='ocr_line' id='line_1_28' title="bbox 228 1952 957 1996; baseline -0.007 -10"><span class='ocrx_word' id='word_1_172' title='bbox 228 1959 251 1974; x_wconf 86' lang='lat'><strong>“</strong></span> <span class='ocrx_word' id='word_1_173' title='bbox 267 1962 313 1986; x_wconf 88' lang='lat' dir='ltr'>est</span> <span class='ocrx_word' id='word_1_174' title='bbox 327 1956 440 1996; x_wconf 87' lang='lat' dir='ltr'>quibus</span> <span class='ocrx_word' id='word_1_175' title='bbox 455 1955 530 1985; x_wconf 86' lang='lat' dir='ltr'>libet</span> <span class='ocrx_word' id='word_1_176' title='bbox 546 1954 650 1984; x_wconf 84' lang='lat' dir='ltr'>statim</span> <span class='ocrx_word' id='word_1_177' title='bbox 670 1952 881 1993; x_wconf 86' lang='lat' dir='ltr'>distinguere;</span> <span class='ocrx_word' id='word_1_178' title='bbox 904 1952 957 1982; x_wconf 89' lang='lat' dir='ltr'>sed</span> 
     </span>
     <span class='ocr_line' id='line_1_29' title="bbox 230 2006 957 2046; baseline -0.006 -9"><span class='ocrx_word' id='word_1_179' title='bbox 230 2011 252 2026; x_wconf 83' lang='lat'><strong>“</strong></span> <span class='ocrx_word' id='word_1_180' title='bbox 269 2018 423 2046; x_wconf 83' lang='lat' dir='ltr'>perpauca</span> <span class='ocrx_word' id='word_1_181' title='bbox 440 2013 513 2037; x_wconf 90' lang='lat' dir='ltr'>sunt</span> <span class='ocrx_word' id='word_1_182' title='bbox 528 2017 565 2037; x_wconf 90' lang='lat' dir='ltr'>eo</span> <span class='ocrx_word' id='word_1_183' title='bbox 577 2006 719 2046; x_wconf 82' lang='lat' dir='ltr'>usquein</span> <span class='ocrx_word' id='word_1_184' title='bbox 732 2006 878 2035; x_wconf 86' lang='lat' dir='ltr'>omnibus</span> <span class='ocrx_word' id='word_1_185' title='bbox 889 2015 957 2034; x_wconf 91' lang='lat' dir='ltr'>om-</span> 
     </span>
     <span class='ocr_line' id='line_1_30' title="bbox 230 2059 959 2101; baseline -0.007 -9"><span class='ocrx_word' id='word_1_186' title='bbox 230 2065 253 2080; x_wconf 86' lang='lat'><strong>“</strong></span> <span class='ocrx_word' id='word_1_187' title='bbox 270 2063 347 2092; x_wconf 88' lang='lat' dir='ltr'>nino</span> <span class='ocrx_word' id='word_1_188' title='bbox 363 2062 460 2101; x_wconf 86' lang='lat' dir='ltr'>paria,</span> <span class='ocrx_word' id='word_1_189' title='bbox 487 2066 523 2090; x_wconf 90' lang='lat' dir='ltr'>ut</span> <span class='ocrx_word' id='word_1_190' title='bbox 548 2070 613 2090; x_wconf 88' lang='lat' dir='ltr'>non</span> <span class='ocrx_word' id='word_1_191' title='bbox 636 2071 668 2089; x_wconf 90' lang='lat' dir='ltr'>re</span> <span class='ocrx_word' id='word_1_192' title='bbox 694 2059 765 2089; x_wconf 74' lang='lat' dir='ltr'>vera</span> <span class='ocrx_word' id='word_1_193' title='bbox 781 2059 959 2088; x_wconf 85' lang='lat' dir='ltr'>certissimae</span> 
     </span>
     <span class='ocr_line' id='line_1_31' title="bbox 233 2111 959 2149; baseline -0.007 -5"><span class='ocrx_word' id='word_1_194' title='bbox 233 2117 256 2132; x_wconf 85' lang='lat'>“</span> <span class='ocrx_word' id='word_1_195' title='bbox 273 2113 487 2144; x_wconf 82' lang='lat' dir='ltr'>distinctiones</span> <span class='ocrx_word' id='word_1_196' title='bbox 502 2112 650 2141; x_wconf 88' lang='lat' dir='ltr'>attentius</span> <span class='ocrx_word' id='word_1_197' title='bbox 665 2111 912 2149; x_wconf 83' lang='lat' dir='ltr'>inspicientibus,</span> <span class='ocrx_word' id='word_1_198' title='bbox 928 2117 959 2140; x_wconf 89' lang='lat' dir='ltr'>et</span> 
     </span>
     <span class='ocr_line' id='line_1_32' title="bbox 233 2160 960 2203; baseline -0.003 -9"><span class='ocrx_word' id='word_1_199' title='bbox 233 2167 255 2183; x_wconf 86' lang='lat'>“</span> <span class='ocrx_word' id='word_1_200' title='bbox 271 2164 309 2194; x_wconf 88' lang='lat' dir='ltr'>iis</span> <span class='ocrx_word' id='word_1_201' title='bbox 338 2163 535 2203; x_wconf 90' lang='lat' dir='ltr'>potissimum</span> <span class='ocrx_word' id='word_1_202' title='bbox 569 2172 588 2191; x_wconf 94' lang='lat' dir='ltr'>a</span> <span class='ocrx_word' id='word_1_203' title='bbox 617 2160 729 2191; x_wconf 63' lang='lat' dir='ltr'>natura</span> <span class='ocrx_word' id='word_1_204' title='bbox 764 2161 960 2200; x_wconf 84' lang='lat' dir='ltr'>peculiariter</span> 
     </span>
     <span class='ocr_line' id='line_1_33' title="bbox 235 2212 959 2254; baseline -0.006 -9"><span class='ocrx_word' id='word_1_205' title='bbox 235 2218 257 2233; x_wconf 86' lang='lat'><strong>“</strong></span> <span class='ocrx_word' id='word_1_206' title='bbox 275 2215 470 2254; x_wconf 80' lang='lat' dir='ltr'>comparatis,</span> <span class='ocrx_word' id='word_1_207' title='bbox 497 2213 602 2244; x_wconf 86' lang='lat' dir='ltr'>statim</span> <span class='ocrx_word' id='word_1_208' title='bbox 628 2213 788 2242; x_wconf 87' lang='lat' dir='ltr'>emineant</span> <span class='ocrx_word' id='word_1_209' title='bbox 802 2212 835 2242; x_wconf 92' lang='lat' dir='ltr'>in</span> <span class='ocrx_word' id='word_1_210' title='bbox 851 2212 959 2253; x_wconf 82' lang='lat' dir='ltr'>singu-</span> 
     </span>
     <span class='ocr_line' id='line_1_34' title="bbox 236 2267 344 2297; baseline 0 0"><span class='ocrx_word' id='word_1_211' title='bbox 236 2271 258 2285; x_wconf 82' lang='grc'>“</span> <span class='ocrx_word' id='word_1_212' title='bbox 275 2267 344 2297; x_wconf 91' lang='lat' dir='ltr'>lis.‘’</span> 
     </span>
    </p>

    <p class='ocr_par' dir='ltr' id='par_1_8' title="bbox 279 2316 874 2358">
     <span class='ocr_line' id='line_1_35' title="bbox 279 2316 874 2358; baseline -0.002 -10"><span class='ocrx_word' id='word_1_213' title='bbox 279 2320 352 2350; x_wconf 68' lang='lat' dir='ltr'>Ver.</span> <span class='ocrx_word' id='word_1_214' title='bbox 369 2322 442 2350; x_wconf 80' lang='grc'><strong>559.</strong></span> <span class='ocrx_word' id='word_1_215' title='bbox 465 2329 560 2358; x_wconf 79' lang='lat' dir='ltr'>neque</span> <span class='ocrx_word' id='word_1_216' title='bbox 575 2316 737 2357; x_wconf 81' lang='lat' dir='ltr'>posterior:</span> <span class='ocrx_word' id='word_1_217' title='bbox 760 2321 794 2347; x_wconf 91' lang='grc' dir='ltr'>Δ.</span> <span class='ocrx_word' id='word_1_218' title='bbox 809 2327 874 2347; x_wconf 84' lang='lat' dir='ltr'>nec.</span> 
     </span>
    </p>

    <p class='ocr_par' dir='ltr' id='par_1_9' title="bbox 236 2368 964 2608">
     <span class='ocr_line' id='line_1_36' title="bbox 280 2368 959 2414; baseline -0.006 -13"><span class='ocrx_word' id='word_1_219' title='bbox 280 2371 354 2402; x_wconf 86' lang='lat' dir='ltr'>Ver.</span> <span class='ocrx_word' id='word_1_220' title='bbox 366 2375 439 2401; x_wconf 79' lang='lat'>341.</span> <span class='ocrx_word' id='word_1_221' title='bbox 456 2373 534 2414; x_wconf 83' lang='lat' dir='ltr'>filo:</span> <span class='ocrx_word' id='word_1_222' title='bbox 563 2372 801 2410; x_wconf 77' lang='lat' dir='ltr'>H.filz&#39;o.—que</span> <span class='ocrx_word' id='word_1_223' title='bbox 817 2369 903 2398; x_wconf 87' lang='lat' dir='ltr'>deest</span> <span class='ocrx_word' id='word_1_224' title='bbox 918 2368 959 2398; x_wconf 81' lang='lat' dir='ltr'>V.</span> 
     </span>
     <span class='ocr_line' id='line_1_37' title="bbox 236 2419 958 2463; baseline -0.006 -10"><span class='ocrx_word' id='word_1_225' title='bbox 236 2422 465 2463; x_wconf 64' lang='lat' dir='ltr'>ed.-aclfiecta:</span> <span class='ocrx_word' id='word_1_226' title='bbox 496 2421 532 2452; x_wconf 88' lang='lat' dir='ltr'>V.</span> <span class='ocrx_word' id='word_1_227' title='bbox 548 2421 594 2451; x_wconf 90' lang='lat' dir='ltr'>cd.</span> <span class='ocrx_word' id='word_1_228' title='bbox 617 2420 746 2461; x_wconf 79' lang='lat' dir='ltr'>affectu;</span> <span class='ocrx_word' id='word_1_229' title='bbox 773 2427 813 2450; x_wconf 92' lang='grc' dir='ltr'>Π.</span> <span class='ocrx_word' id='word_1_230' title='bbox 836 2419 958 2461; x_wconf 49' lang='lat' dir='ltr'>effecta:</span> 
     </span>
     <span class='ocr_line' id='line_1_38' title="bbox 238 2471 964 2509; baseline -0.006 -5"><span class='ocrx_word' id='word_1_231' title='bbox 238 2484 302 2504; x_wconf 90' lang='lat' dir='ltr'>non</span> <span class='ocrx_word' id='word_1_232' title='bbox 317 2473 447 2503; x_wconf 88' lang='lat' dir='ltr'>omnino</span> <span class='ocrx_word' id='word_1_233' title='bbox 462 2472 640 2509; x_wconf 83' lang='lat' dir='ltr'>infeliciter,</span> <span class='ocrx_word' id='word_1_234' title='bbox 667 2471 720 2501; x_wconf 88' lang='lat' dir='ltr'>sed</span> <span class='ocrx_word' id='word_1_235' title='bbox 746 2481 804 2501; x_wconf 88' lang='lat' dir='ltr'>nec</span> <span class='ocrx_word' id='word_1_236' title='bbox 830 2481 909 2506; x_wconf 85' lang='lat' dir='ltr'>vere,</span> <span class='ocrx_word' id='word_1_237' title='bbox 933 2476 964 2500; x_wconf 87' lang='lat' dir='ltr'>et</span> 
     </span>
     <span class='ocr_line' id='line_1_39' title="bbox 238 2522 963 2566; baseline -0.003 -12"><span class='ocrx_word' id='word_1_238' title='bbox 238 2526 388 2566; x_wconf 83' lang='lat' dir='ltr'>exquisite</span> <span class='ocrx_word' id='word_1_239' title='bbox 403 2524 523 2555; x_wconf 85' lang='lat' dir='ltr'>minus:</span> <span class='ocrx_word' id='word_1_240' title='bbox 544 2524 654 2554; x_wconf 89' lang='lat' dir='ltr'>similis</span> <span class='ocrx_word' id='word_1_241' title='bbox 665 2529 711 2553; x_wconf 88' lang='lat' dir='ltr'>est</span> <span class='ocrx_word' id='word_1_242' title='bbox 725 2523 855 2553; x_wconf 87' lang='lat' dir='ltr'>varietas</span> <span class='ocrx_word' id='word_1_243' title='bbox 871 2522 911 2552; x_wconf 86' lang='lat' dir='ltr'>ad</span> <span class='ocrx_word' id='word_1_244' title='bbox 926 2522 963 2552; x_wconf 89' lang='lat' dir='ltr'>vi.</span> 
     </span>
     <span class='ocr_line' id='line_1_40' title="bbox 239 2581 309 2608; baseline 0.029 -2"><span class='ocrx_word' id='word_1_245' title='bbox 239 2581 309 2608; x_wconf 77' lang='lat'>845.</span> 
     </span>
    </p>

    <p class='ocr_par' dir='ltr' id='par_1_10' title="bbox 239 2626 965 2719">
     <span class='ocr_line' id='line_1_41' title="bbox 283 2626 965 2672; baseline -0.004 -14"><span class='ocrx_word' id='word_1_246' title='bbox 283 2629 364 2660; x_wconf 90' lang='lat' dir='ltr'>Ibid.</span> <span class='ocrx_word' id='word_1_247' title='bbox 381 2631 457 2669; x_wconf 80' lang='lat' dir='ltr'>pari</span> <span class='ocrx_word' id='word_1_248' title='bbox 470 2631 541 2672; x_wconf 81' lang='lat' dir='ltr'>filo.</span> <span class='ocrx_word' id='word_1_249' title='bbox 587 2627 737 2658; x_wconf 88' lang='lat' dir='ltr'>Similiter</span> <span class='ocrx_word' id='word_1_250' title='bbox 764 2626 896 2658; x_wconf 81' lang='lat' dir='ltr'>Plautus</span> <span class='ocrx_word' id='word_1_251' title='bbox 919 2631 965 2656; x_wconf 85' lang='lat' dir='ltr'>est</span> 
     </span>
     <span class='ocr_line' id='line_1_42' title="bbox 239 2680 656 2719; baseline 0.005 -9"><span class='ocrx_word' id='word_1_252' title='bbox 239 2680 375 2719; x_wconf 82' lang='lat' dir='ltr'>locutus,</span> <span class='ocrx_word' id='word_1_253' title='bbox 392 2682 490 2711; x_wconf 87' lang='lat' dir='ltr'>Merc.</span> <span class='ocrx_word' id='word_1_254' title='bbox 505 2681 545 2711; x_wconf 91' lang='lat' dir='ltr'>iv.</span> <span class='ocrx_word' id='word_1_255' title='bbox 561 2684 589 2712; x_wconf 90' lang='lat'>4.</span> <span class='ocrx_word' id='word_1_256' title='bbox 609 2684 656 2712; x_wconf 91' lang='lat'>15.</span> 
     </span>
    </p>
   </div>
   <div class='ocr_carea' id='block_1_7' title="bbox 305 2751 735 2784">
    <p class='ocr_par' dir='ltr' id='par_1_11' title="bbox 305 2751 735 2784">
     <span class='ocr_line' id='line_1_43' title="bbox 305 2751 735 2784; baseline -0.005 -8"><span class='ocrx_word' id='word_1_257' title='bbox 305 2751 370 2776; x_wconf 83' lang='lat' dir='ltr'>satis</span> <span class='ocrx_word' id='word_1_258' title='bbox 379 2752 478 2776; x_wconf 76' lang='lat' dir='ltr'>scitum</span> <span class='ocrx_word' id='word_1_259' title='bbox 481 2752 561 2784; x_wconf 86' lang='lat' dir='ltr'>filum</span> <span class='ocrx_word' id='word_1_260' title='bbox 572 2751 735 2776; x_wconf 80' lang='lat' dir='ltr'>mulieris.—</span> 
     </span>
    </p>
   </div>
   <div class='ocr_carea' id='block_1_8' title="bbox 244 2805 963 2951">
    <p class='ocr_par' dir='ltr' id='par_1_12' title="bbox 244 2805 963 2951">
     <span class='ocr_line' id='line_1_44' title="bbox 244 2805 963 2849; baseline -0.004 -12"><span class='ocrx_word' id='word_1_261' title='bbox 244 2807 409 2846; x_wconf 88' lang='lat' dir='ltr'>Apuleius,</span> <span class='ocrx_word' id='word_1_262' title='bbox 433 2809 466 2838; x_wconf 91' lang='lat' dir='ltr'>in</span> <span class='ocrx_word' id='word_1_263' title='bbox 482 2809 540 2839; x_wconf 89' lang='lat' dir='ltr'>deo</span> <span class='ocrx_word' id='word_1_264' title='bbox 559 2810 625 2840; x_wconf 90' lang='lat' dir='ltr'>Soc.</span> <span class='ocrx_word' id='word_1_265' title='bbox 648 2809 779 2849; x_wconf 84' lang='lat' dir='ltr'>loquens</span> <span class='ocrx_word' id='word_1_266' title='bbox 793 2807 832 2837; x_wconf 88' lang='lat' dir='ltr'>de</span> <span class='ocrx_word' id='word_1_267' title='bbox 847 2805 963 2835; x_wconf 85' lang='lat' dir='ltr'>daemo-</span> 
     </span>
     <span class='ocr_line' id='line_1_45' title="bbox 245 2860 963 2901; baseline -0.003 -13"><span class='ocrx_word' id='word_1_268' title='bbox 245 2868 323 2888; x_wconf 86' lang='lat' dir='ltr'>num</span> <span class='ocrx_word' id='word_1_269' title='bbox 351 2860 542 2898; x_wconf 81' lang='lat' dir='ltr'>corporibus:</span> <span class='ocrx_word' id='word_1_270' title='bbox 582 2865 604 2879; x_wconf 85' lang='lat'>“</span> <span class='ocrx_word' id='word_1_271' title='bbox 633 2860 694 2891; x_wconf 86' lang='lat' dir='ltr'>Sed</span> <span class='ocrx_word' id='word_1_272' title='bbox 712 2861 776 2901; x_wconf 85' lang='lat' dir='ltr'>fila</span> <span class='ocrx_word' id='word_1_273' title='bbox 806 2869 963 2898; x_wconf 80' lang='lat' dir='ltr'>corporum</span> 
     </span>
     <span class='ocr_line' id='line_1_46' title="bbox 247 2909 963 2951; baseline -0.003 -11"><span class='ocrx_word' id='word_1_274' title='bbox 247 2912 270 2926; x_wconf 85' lang='lat'><strong>“</strong></span> <span class='ocrx_word' id='word_1_275' title='bbox 278 2909 433 2948; x_wconf 85' lang='lat' dir='ltr'>possident</span> <span class='ocrx_word' id='word_1_276' title='bbox 441 2920 519 2947; x_wconf 82' lang='lat' dir='ltr'>rara,</span> <span class='ocrx_word' id='word_1_277' title='bbox 526 2917 555 2942; x_wconf 85' lang='lat' dir='ltr'>et</span> <span class='ocrx_word' id='word_1_278' title='bbox 565 2911 737 2951; x_wconf 84' lang='lat' dir='ltr'>splendida,</span> <span class='ocrx_word' id='word_1_279' title='bbox 748 2916 779 2941; x_wconf 89' lang='lat' dir='ltr'>et</span> <span class='ocrx_word' id='word_1_280' title='bbox 787 2909 963 2940; x_wconf 73' lang='lat' dir='ltr'>tenuia—,¹³</span> 
     </span>
    </p>
   </div>
   <div class='ocr_carea' id='block_1_9' title="bbox 991 1071 1736 2770">
    <p class='ocr_par' dir='ltr' id='par_1_13' title="bbox 991 1071 1726 1790">
     <span class='ocr_line' id='line_1_47' title="bbox 993 1071 1718 1112; baseline -0.003 -9"><span class='ocrx_word' id='word_1_281' title='bbox 993 1074 1034 1103; x_wconf 88' lang='lat' dir='ltr'>A.</span> <span class='ocrx_word' id='word_1_282' title='bbox 1052 1072 1186 1110; x_wconf 84' lang='lat' dir='ltr'>Gellius,</span> <span class='ocrx_word' id='word_1_283' title='bbox 1203 1072 1263 1102; x_wconf 77' lang='lat' dir='ltr'>xiv.</span> <span class='ocrx_word' id='word_1_284' title='bbox 1279 1076 1308 1102; x_wconf 79' lang='lat'>4.</span> <span class='ocrx_word' id='word_1_285' title='bbox 1332 1075 1353 1090; x_wconf 88' lang='lat'><strong>“</strong></span> <span class='ocrx_word' id='word_1_286' title='bbox 1371 1071 1459 1102; x_wconf 83' lang='lat' dir='ltr'>Facit</span> <span class='ocrx_word' id='word_1_287' title='bbox 1474 1072 1588 1112; x_wconf 85' lang='lat' dir='ltr'>quippe</span> <span class='ocrx_word' id='word_1_288' title='bbox 1603 1071 1718 1112; x_wconf 88' lang='lat' dir='ltr'>imagi-</span> 
     </span>
     <span class='ocr_line' id='line_1_48' title="bbox 993 1127 1716 1169; baseline -0.006 -9"><span class='ocrx_word' id='word_1_289' title='bbox 993 1134 1016 1147; x_wconf 88' lang='lat'><strong>“</strong></span> <span class='ocrx_word' id='word_1_290' title='bbox 1033 1140 1105 1159; x_wconf 89' lang='lat' dir='ltr'>nem</span> <span class='ocrx_word' id='word_1_291' title='bbox 1121 1127 1413 1169; x_wconf 74' lang='lat' dir='ltr'>Justitiae‚—sormc&#39;i</span> <span class='ocrx_word' id='word_1_292' title='bbox 1431 1134 1524 1169; x_wconf 88' lang='lat' dir='ltr'>atque</span> <span class='ocrx_word' id='word_1_293' title='bbox 1539 1130 1599 1169; x_wconf 82' lang='lat' dir='ltr'>filo</span> <span class='ocrx_word' id='word_1_294' title='bbox 1622 1127 1716 1168; x_wconf 88' lang='lat' dir='ltr'>virgi-</span> 
     </span>
     <span class='ocr_line' id='line_1_49' title="bbox 994 1180 1717 1219; baseline 0 -8"><span class='ocrx_word' id='word_1_295' title='bbox 994 1185 1016 1200; x_wconf 88' lang='lat'><strong>“</strong></span> <span class='ocrx_word' id='word_1_296' title='bbox 1033 1181 1174 1211; x_wconf 86' lang='lat' dir='ltr'>nali—.’&#39;</span> <span class='ocrx_word' id='word_1_297' title='bbox 1219 1180 1389 1216; x_wconf 81' lang='lat' dir='ltr'>Arnobius,</span> <span class='ocrx_word' id='word_1_298' title='bbox 1419 1180 1471 1210; x_wconf 91' lang='lat' dir='ltr'>lib.</span> <span class='ocrx_word' id='word_1_299' title='bbox 1502 1180 1544 1210; x_wconf 87' lang='lat' dir='ltr'>iii.</span> <span class='ocrx_word' id='word_1_300' title='bbox 1578 1191 1607 1219; x_wconf 89' lang='lat' dir='ltr'>p.</span> <span class='ocrx_word' id='word_1_301' title='bbox 1645 1182 1717 1211; x_wconf 87' lang='lat'>107.</span> 
     </span>
     <span class='ocr_line' id='line_1_50' title="bbox 991 1232 1718 1273; baseline -0.001 -10"><span class='ocrx_word' id='word_1_302' title='bbox 991 1237 1014 1252; x_wconf 86' lang='lat'>“</span> <span class='ocrx_word' id='word_1_303' title='bbox 1031 1234 1076 1263; x_wconf 92' lang='lat' dir='ltr'>At</span> <span class='ocrx_word' id='word_1_304' title='bbox 1091 1243 1163 1263; x_wconf 90' lang='lat' dir='ltr'>vero</span> <span class='ocrx_word' id='word_1_305' title='bbox 1178 1242 1232 1262; x_wconf 86' lang='lat' dir='ltr'>vos</span> <span class='ocrx_word' id='word_1_306' title='bbox 1246 1233 1320 1262; x_wconf 87' lang='lat' dir='ltr'>deos</span> <span class='ocrx_word' id='word_1_307' title='bbox 1335 1243 1446 1272; x_wconf 80' lang='lat' dir='ltr'>parum</span> <span class='ocrx_word' id='word_1_308' title='bbox 1469 1237 1526 1270; x_wconf 85' lang='lat' dir='ltr'>est,</span> <span class='ocrx_word' id='word_1_309' title='bbox 1539 1232 1718 1273; x_wconf 81' lang='lat' dir='ltr'>formarum</span> 
     </span>
     <span class='ocr_line' id='line_1_51' title="bbox 992 1283 1719 1325; baseline -0.001 -10"><span class='ocrx_word' id='word_1_310' title='bbox 992 1289 1014 1303; x_wconf 85' lang='lat'><strong>“</strong></span> <span class='ocrx_word' id='word_1_311' title='bbox 1031 1285 1114 1325; x_wconf 89' lang='lat' dir='ltr'>quod</span> <span class='ocrx_word' id='word_1_312' title='bbox 1130 1285 1355 1323; x_wconf 79' lang='lat' dir='ltr'>amplectimini</span> <span class='ocrx_word' id='word_1_313' title='bbox 1370 1284 1529 1321; x_wconf 71' lang='lat' dir='ltr'>mensura,</span> <span class='ocrx_word' id='word_1_314' title='bbox 1540 1286 1601 1324; x_wconf 84' lang='lat' dir='ltr'>filo</span> <span class='ocrx_word' id='word_1_315' title='bbox 1617 1290 1649 1314; x_wconf 85' lang='lat' dir='ltr'>et</span> <span class='ocrx_word' id='word_1_316' title='bbox 1664 1283 1719 1314; x_wconf 83' lang='lat' dir='ltr'>ad·</span> 
     </span>
     <span class='ocr_line' id='line_1_52' title="bbox 994 1335 1658 1366; baseline 0 0"><span class='ocrx_word' id='word_1_317' title='bbox 994 1340 1015 1354; x_wconf 85' lang='lat'><strong>“</strong></span> <span class='ocrx_word' id='word_1_318' title='bbox 1031 1335 1203 1366; x_wconf 86' lang='lat' dir='ltr'>terminatis</span> <span class='ocrx_word' id='word_1_319' title='bbox 1218 1335 1431 1365; x_wconf 86' lang='lat' dir='ltr'>humano—.’&#39;</span> <span class='ocrx_word' id='word_1_320' title='bbox 1476 1335 1658 1366; x_wconf 65' lang='lat' dir='ltr'>Lambinus</span> 
     </span>
     <span class='ocr_line' id='line_1_53' title="bbox 995 1386 1717 1428; baseline -0.004 -10"><span class='ocrx_word' id='word_1_321' title='bbox 995 1387 1086 1418; x_wconf 89' lang='lat' dir='ltr'>Idem</span> <span class='ocrx_word' id='word_1_322' title='bbox 1104 1386 1274 1424; x_wconf 89' lang='lat' dir='ltr'>Arnobius,</span> <span class='ocrx_word' id='word_1_323' title='bbox 1300 1392 1424 1416; x_wconf 89' lang='lat' dir='ltr'>tantum</span> <span class='ocrx_word' id='word_1_324' title='bbox 1441 1386 1525 1426; x_wconf 87' lang='lat' dir='ltr'>quod</span> <span class='ocrx_word' id='word_1_325' title='bbox 1553 1396 1658 1425; x_wconf 77' lang='lat' dir='ltr'>supra,</span> <span class='ocrx_word' id='word_1_326' title='bbox 1668 1388 1717 1428; x_wconf 86' lang='lat' dir='ltr'>fl-</span> 
     </span>
     <span class='ocr_line' id='line_1_54' title="bbox 993 1439 1721 1477; baseline -0.001 -9"><span class='ocrx_word' id='word_1_327' title='bbox 993 1440 1056 1469; x_wconf 79' lang='lat' dir='ltr'>lum</span> <span class='ocrx_word' id='word_1_328' title='bbox 1069 1443 1312 1476; x_wconf 85' lang='lat' dir='ltr'>nuncupaverat,</span> <span class='ocrx_word' id='word_1_329' title='bbox 1324 1439 1508 1467; x_wconf 73' lang='lat' dir='ltr'>lineamenta</span> <span class='ocrx_word' id='word_1_330' title='bbox 1520 1448 1673 1477; x_wconf 80' lang='lat' dir='ltr'>corporea,</span> <span class='ocrx_word' id='word_1_331' title='bbox 1689 1443 1721 1467; x_wconf 82' lang='lat' dir='ltr'>et</span> 
     </span>
     <span class='ocr_line' id='line_1_55' title="bbox 994 1492 1717 1530; baseline -0.004 -7"><span class='ocrx_word' id='word_1_332' title='bbox 994 1495 1134 1523; x_wconf 65' lang='lat' dir='ltr'>eoetz&#39;mam</span> <span class='ocrx_word' id='word_1_333' title='bbox 1165 1493 1476 1530; x_wconf 68' lang='lat' dir='ltr'>circumscriptionem</span> <span class='ocrx_word' id='word_1_334' title='bbox 1500 1492 1717 1521; x_wconf 82' lang='lat' dir='ltr'>membrorum:</span> 
     </span>
     <span class='ocr_line' id='line_1_56' title="bbox 996 1541 1723 1582; baseline -0.006 -8"><span class='ocrx_word' id='word_1_335' title='bbox 996 1545 1085 1580; x_wconf 77' lang='lat' dir='ltr'>adeo,</span> <span class='ocrx_word' id='word_1_336' title='bbox 1105 1549 1141 1573; x_wconf 92' lang='lat' dir='ltr'>ut</span> <span class='ocrx_word' id='word_1_337' title='bbox 1162 1543 1193 1572; x_wconf 89' lang='lat' dir='ltr'>in</span> <span class='ocrx_word' id='word_1_338' title='bbox 1210 1542 1347 1573; x_wconf 91' lang='lat' dir='ltr'>Lucretii</span> <span class='ocrx_word' id='word_1_339' title='bbox 1363 1552 1465 1578; x_wconf 86' lang='lat' dir='ltr'>versu,</span> <span class='ocrx_word' id='word_1_340' title='bbox 1478 1543 1539 1582; x_wconf 82' lang='lat' dir='ltr'>filo</span> <span class='ocrx_word' id='word_1_341' title='bbox 1562 1541 1723 1571; x_wconf 84' lang='lat' dir='ltr'>retulerim</span> 
     </span>
     <span class='ocr_line' id='line_1_57' title="bbox 996 1591 1726 1635; baseline -0.004 -10"><span class='ocrx_word' id='word_1_342' title='bbox 996 1596 1035 1625; x_wconf 85' lang='lat' dir='ltr'>ad</span> <span class='ocrx_word' id='word_1_343' title='bbox 1051 1595 1196 1624; x_wconf 84' lang='lat' dir='ltr'>finientes</span> <span class='ocrx_word' id='word_1_344' title='bbox 1211 1604 1374 1633; x_wconf 84' lang='lat' dir='ltr'>corporum</span> <span class='ocrx_word' id='word_1_345' title='bbox 1392 1593 1500 1630; x_wconf 80' lang='lat' dir='ltr'>lineas,</span> <span class='ocrx_word' id='word_1_346' title='bbox 1522 1591 1668 1635; x_wconf 72' lang='lat' dir='ltr'>etflgurc‘t&#39;</span> <span class='ocrx_word' id='word_1_347' title='bbox 1685 1592 1726 1622; x_wconf 87' lang='lat' dir='ltr'>ad</span> 
     </span>
     <span class='ocr_line' id='line_1_58' title="bbox 997 1644 1724 1686; baseline -0.004 -9"><span class='ocrx_word' id='word_1_348' title='bbox 997 1646 1129 1677; x_wconf 85' lang='lat' dir='ltr'>solidam</span> <span class='ocrx_word' id='word_1_349' title='bbox 1145 1652 1175 1676; x_wconf 90' lang='lat' dir='ltr'>et</span> <span class='ocrx_word' id='word_1_350' title='bbox 1190 1646 1344 1686; x_wconf 84' lang='lat' dir='ltr'>integram</span> <span class='ocrx_word' id='word_1_351' title='bbox 1361 1645 1504 1684; x_wconf 85' lang='lat' dir='ltr'>speciem.</span> <span class='ocrx_word' id='word_1_352' title='bbox 1551 1645 1622 1674; x_wconf 87' lang='lat' dir='ltr'>Has</span> <span class='ocrx_word' id='word_1_353' title='bbox 1646 1644 1724 1674; x_wconf 90' lang='lat' dir='ltr'>duas</span> 
     </span>
     <span class='ocr_line' id='line_1_59' title="bbox 997 1696 1724 1738; baseline -0.003 -10"><span class='ocrx_word' id='word_1_354' title='bbox 997 1709 1046 1728; x_wconf 88' lang='lat' dir='ltr'>res</span> <span class='ocrx_word' id='word_1_355' title='bbox 1074 1698 1186 1728; x_wconf 81' lang='lat' dir='ltr'>vocitat</span> <span class='ocrx_word' id='word_1_356' title='bbox 1211 1698 1295 1727; x_wconf 86' lang='lat' dir='ltr'>idem</span> <span class='ocrx_word' id='word_1_357' title='bbox 1322 1697 1455 1734; x_wconf 87' lang='lat' dir='ltr'>Gellius,</span> <span class='ocrx_word' id='word_1_358' title='bbox 1480 1696 1500 1726; x_wconf 91' lang='lat' dir='ltr'>i.</span> <span class='ocrx_word' id='word_1_359' title='bbox 1526 1701 1553 1727; x_wconf 90' lang='grc'>9.</span> <span class='ocrx_word' id='word_1_360' title='bbox 1578 1700 1600 1713; x_wconf 88' lang='lat'>“</span> <span class='ocrx_word' id='word_1_361' title='bbox 1615 1698 1724 1738; x_wconf 76' lang='lat' dir='ltr'>filum,</span> 
     </span>
     <span class='ocr_line' id='line_1_60' title="bbox 1000 1746 1596 1790; baseline -0.007 -10"><span class='ocrx_word' id='word_1_362' title='bbox 1000 1755 1022 1770; x_wconf 73' lang='lat'>‘⁶</span> <span class='ocrx_word' id='word_1_363' title='bbox 1038 1757 1130 1790; x_wconf 86' lang='lat' dir='ltr'>atque</span> <span class='ocrx_word' id='word_1_364' title='bbox 1144 1751 1293 1786; x_wconf 67' lang='lat' dir='ltr'>habitum,</span> <span class='ocrx_word' id='word_1_365' title='bbox 1316 1748 1412 1778; x_wconf 82' lang='lat' dir='ltr'>totius</span> <span class='ocrx_word' id='word_1_366' title='bbox 1427 1746 1596 1786; x_wconf 85' lang='lat' dir='ltr'>corporis.’&#39;</span> 
     </span>
    </p>

    <p class='ocr_par' dir='ltr' id='par_1_14' title="bbox 999 1799 1731 2304">
     <span class='ocr_line' id='line_1_61' title="bbox 1041 1799 1725 1833; baseline -0.007 -1"><span class='ocrx_word' id='word_1_367' title='bbox 1041 1803 1116 1832; x_wconf 84' lang='lat' dir='ltr'>Ver.</span> <span class='ocrx_word' id='word_1_368' title='bbox 1143 1804 1214 1831; x_wconf 75' lang='lat'>542.</span> <span class='ocrx_word' id='word_1_369' title='bbox 1237 1806 1346 1830; x_wconf 79' lang='lat' dir='ltr'>mutoe:</span> <span class='ocrx_word' id='word_1_370' title='bbox 1387 1805 1427 1829; x_wconf 88' lang='grc' dir='ltr'>Π.</span> <span class='ocrx_word' id='word_1_371' title='bbox 1457 1800 1578 1833; x_wconf 65' lang='lat' dir='ltr'>mulne,-</span> <span class='ocrx_word' id='word_1_372' title='bbox 1605 1799 1725 1828; x_wconf 81' lang='lat' dir='ltr'>aberra-</span> 
     </span>
     <span class='ocr_line' id='line_1_62' title="bbox 999 1849 1726 1891; baseline -0.008 -7"><span class='ocrx_word' id='word_1_373' title='bbox 999 1855 1086 1884; x_wconf 89' lang='lat' dir='ltr'>tione</span> <span class='ocrx_word' id='word_1_374' title='bbox 1115 1852 1197 1882; x_wconf 85' lang='lat' dir='ltr'>felici</span> <span class='ocrx_word' id='word_1_375' title='bbox 1220 1852 1309 1888; x_wconf 82' lang='lat' dir='ltr'>satis;</span> <span class='ocrx_word' id='word_1_376' title='bbox 1333 1860 1432 1891; x_wconf 87' lang='lat' dir='ltr'>quum</span> <span class='ocrx_word' id='word_1_377' title='bbox 1462 1849 1560 1888; x_wconf 80' lang='lat' dir='ltr'>pisces</span> <span class='ocrx_word' id='word_1_378' title='bbox 1581 1849 1726 1879; x_wconf 86' lang='lat' dir='ltr'>omnium</span> 
     </span>
     <span class='ocr_line' id='line_1_63' title="bbox 999 1901 1729 1946; baseline -0.004 -11"><span class='ocrx_word' id='word_1_379' title='bbox 999 1903 1294 1946; x_wconf 85' lang='lat' dir='ltr'>grandiusculorum</span> <span class='ocrx_word' id='word_1_380' title='bbox 1330 1901 1517 1932; x_wconf 88' lang='lat' dir='ltr'>animalium</span> <span class='ocrx_word' id='word_1_381' title='bbox 1547 1901 1609 1931; x_wconf 89' lang='lat' dir='ltr'>sint</span> <span class='ocrx_word' id='word_1_382' title='bbox 1634 1902 1729 1942; x_wconf 86' lang='lat' dir='ltr'>longe</span> 
     </span>
     <span class='ocr_line' id='line_1_64' title="bbox 1001 1953 1729 1997; baseline -0.007 -10"><span class='ocrx_word' id='word_1_383' title='bbox 1001 1957 1155 1997; x_wconf 87' lang='lat' dir='ltr'>longeque</span> <span class='ocrx_word' id='word_1_384' title='bbox 1185 1953 1446 1985; x_wconf 86' lang='lat' dir='ltr'>numerosissimi:</span> <span class='ocrx_word' id='word_1_385' title='bbox 1489 1953 1621 1993; x_wconf 90' lang='lat' dir='ltr'>ideoque</span> <span class='ocrx_word' id='word_1_386' title='bbox 1655 1953 1729 1983; x_wconf 90' lang='lat' dir='ltr'>hinc</span> 
     </span>
     <span class='ocr_line' id='line_1_65' title="bbox 1002 2005 1730 2049; baseline -0.005 -11"><span class='ocrx_word' id='word_1_387' title='bbox 1002 2014 1224 2049; x_wconf 83' lang='lat' dir='ltr'>argumentum</span> <span class='ocrx_word' id='word_1_388' title='bbox 1240 2007 1338 2046; x_wconf 68' lang='lat' dir='ltr'>po&#39;etae</span> <span class='ocrx_word' id='word_1_389' title='bbox 1353 2005 1491 2035; x_wconf 79' lang='lat' dir='ltr'>multum</span> <span class='ocrx_word' id='word_1_390' title='bbox 1507 2005 1680 2045; x_wconf 89' lang='lat' dir='ltr'>adjuvatur,</span> <span class='ocrx_word' id='word_1_391' title='bbox 1702 2005 1730 2034; x_wconf 91' lang='lat' dir='ltr'>si</span> 
     </span>
     <span class='ocr_line' id='line_1_66' title="bbox 1002 2055 1729 2098; baseline -0.007 -9"><span class='ocrx_word' id='word_1_392' title='bbox 1002 2060 1049 2089; x_wconf 89' lang='lat' dir='ltr'>vel</span> <span class='ocrx_word' id='word_1_393' title='bbox 1065 2059 1163 2098; x_wconf 87' lang='lat' dir='ltr'>pisces</span> <span class='ocrx_word' id='word_1_394' title='bbox 1178 2059 1211 2087; x_wconf 93' lang='lat' dir='ltr'>in</span> <span class='ocrx_word' id='word_1_395' title='bbox 1227 2057 1321 2087; x_wconf 84' lang='lat' dir='ltr'>tantis</span> <span class='ocrx_word' id='word_1_396' title='bbox 1332 2056 1469 2086; x_wconf 85' lang='lat' dir='ltr'>molibus</span> <span class='ocrx_word' id='word_1_397' title='bbox 1479 2055 1605 2090; x_wconf 75' lang='lat' dir='ltr'>varient,</span> <span class='ocrx_word' id='word_1_398' title='bbox 1618 2061 1649 2084; x_wconf 91' lang='lat' dir='ltr'>et</span> <span class='ocrx_word' id='word_1_399' title='bbox 1659 2055 1729 2095; x_wconf 83' lang='lat' dir='ltr'>dig-</span> 
     </span>
     <span class='ocr_line' id='line_1_67' title="bbox 1002 2105 1729 2150; baseline -0.006 -10"><span class='ocrx_word' id='word_1_400' title='bbox 1002 2110 1087 2140; x_wconf 87' lang='lat' dir='ltr'>nosci</span> <span class='ocrx_word' id='word_1_401' title='bbox 1103 2115 1227 2150; x_wconf 80' lang='lat' dir='ltr'>queant.</span> <span class='ocrx_word' id='word_1_402' title='bbox 1271 2107 1397 2138; x_wconf 85' lang='lat' dir='ltr'>Plinius</span> <span class='ocrx_word' id='word_1_403' title='bbox 1412 2107 1498 2143; x_wconf 80' lang='lat' dir='ltr'>dicit,</span> <span class='ocrx_word' id='word_1_404' title='bbox 1514 2111 1577 2136; x_wconf 81' lang='lat' dir='ltr'>nat.</span> <span class='ocrx_word' id='word_1_405' title='bbox 1600 2105 1671 2136; x_wconf 88' lang='lat' dir='ltr'>hist.</span> <span class='ocrx_word' id='word_1_406' title='bbox 1687 2105 1729 2136; x_wconf 84' lang='lat' dir='ltr'>ix.</span> 
     </span>
     <span class='ocr_line' id='line_1_68' title="bbox 1003 2158 1730 2200; baseline -0.008 -8"><span class='ocrx_word' id='word_1_407' title='bbox 1003 2165 1124 2193; x_wconf 79' lang='lat'>74.—⁴‘</span> <span class='ocrx_word' id='word_1_408' title='bbox 1140 2160 1256 2200; x_wconf 88' lang='lat' dir='ltr'>singuli</span> <span class='ocrx_word' id='word_1_409' title='bbox 1282 2159 1363 2189; x_wconf 87' lang='lat' dir='ltr'>uteri</span> <span class='ocrx_word' id='word_1_410' title='bbox 1393 2158 1526 2197; x_wconf 87' lang='lat' dir='ltr'>piscium</span> <span class='ocrx_word' id='word_1_411' title='bbox 1548 2158 1730 2187; x_wconf 88' lang='lat' dir='ltr'>innumera-</span> 
     </span>
     <span class='ocr_line' id='line_1_69' title="bbox 1005 2208 1731 2250; baseline -0.008 -7"><span class='ocrx_word' id='word_1_412' title='bbox 1005 2217 1026 2232; x_wconf 90' lang='lat'><strong>“</strong></span> <span class='ocrx_word' id='word_1_413' title='bbox 1042 2212 1119 2243; x_wconf 84' lang='lat' dir='ltr'>bilia</span> <span class='ocrx_word' id='word_1_414' title='bbox 1134 2210 1344 2250; x_wconf 87' lang='lat' dir='ltr'>concipiunt.”</span> <span class='ocrx_word' id='word_1_415' title='bbox 1392 2208 1539 2249; x_wconf 85' lang='lat' dir='ltr'>Vulgatae</span> <span class='ocrx_word' id='word_1_416' title='bbox 1551 2214 1656 2238; x_wconf 86' lang='lat' dir='ltr'>tamen</span> <span class='ocrx_word' id='word_1_417' title='bbox 1668 2208 1731 2238; x_wconf 90' lang='lat' dir='ltr'>lec-</span> 
     </span>
     <span class='ocr_line' id='line_1_70' title="bbox 1004 2261 1645 2304; baseline -0.008 -8"><span class='ocrx_word' id='word_1_418' title='bbox 1004 2266 1082 2296; x_wconf 86' lang='lat' dir='ltr'>tioni</span> <span class='ocrx_word' id='word_1_419' title='bbox 1097 2265 1201 2304; x_wconf 84' lang='lat' dir='ltr'>potius</span> <span class='ocrx_word' id='word_1_420' title='bbox 1216 2262 1363 2292; x_wconf 85' lang='lat' dir='ltr'>standum</span> <span class='ocrx_word' id='word_1_421' title='bbox 1378 2271 1444 2291; x_wconf 85' lang='lat' dir='ltr'>esse</span> <span class='ocrx_word' id='word_1_422' title='bbox 1460 2261 1645 2291; x_wconf 84' lang='lat' dir='ltr'>existimem.</span> 
     </span>
    </p>

    <p class='ocr_par' dir='ltr' id='par_1_15' title="bbox 1005 2312 1736 2709">
     <span class='ocr_line' id='line_1_71' title="bbox 1050 2312 1734 2352; baseline -0.009 -5"><span class='ocrx_word' id='word_1_423' title='bbox 1050 2316 1132 2347; x_wconf 82' lang='lat' dir='ltr'>Ibid.</span> <span class='ocrx_word' id='word_1_424' title='bbox 1154 2321 1264 2346; x_wconf 78' lang='lat' dir='ltr'>mutae:</span> <span class='ocrx_word' id='word_1_425' title='bbox 1283 2313 1326 2343; x_wconf 81' lang='lat' dir='ltr'>Sic</span> <span class='ocrx_word' id='word_1_426' title='bbox 1343 2320 1438 2347; x_wconf 76' lang='grc' dir='ltr'>ελλος,</span> <span class='ocrx_word' id='word_1_427' title='bbox 1454 2318 1485 2342; x_wconf 77' lang='lat' dir='ltr'>et</span> <span class='ocrx_word' id='word_1_428' title='bbox 1500 2312 1627 2349; x_wconf 70' lang='grc' dir='ltr'><em>αναυδος,</em></span> <span class='ocrx_word' id='word_1_429' title='bbox 1640 2314 1734 2352; x_wconf 56' lang='lat'>¹2:⁶⁴⁰?-</span> 
     </span>
     <span class='ocr_line' id='line_1_72' title="bbox 1008 2363 1734 2407; baseline -0.008 -9"><span class='ocrx_word' id='word_1_430' title='bbox 1008 2367 1190 2407; x_wconf 81' lang='lat' dir='ltr'>Sophocles;</span> <span class='ocrx_word' id='word_1_431' title='bbox 1214 2367 1328 2403; x_wconf 72' lang='grc' dir='ltr'><strong>ελλοψ,</strong></span> <span class='ocrx_word' id='word_1_432' title='bbox 1355 2365 1558 2403; x_wconf 77' lang='lat' dir='ltr'>Lycophron3</span> <span class='ocrx_word' id='word_1_433' title='bbox 1581 2370 1612 2393; x_wconf 85' lang='lat' dir='ltr'>et</span> <span class='ocrx_word' id='word_1_434' title='bbox 1628 2363 1734 2393; x_wconf 85' lang='lat' dir='ltr'>Hora-</span> 
     </span>
     <span class='ocr_line' id='line_1_73' title="bbox 1005 2416 1734 2460; baseline -0.01 -8"><span class='ocrx_word' id='word_1_435' title='bbox 1005 2422 1079 2460; x_wconf 86' lang='lat' dir='ltr'>tius,</span> <span class='ocrx_word' id='word_1_436' title='bbox 1095 2427 1130 2452; x_wconf 92' lang='lat' dir='ltr'>ut</span> <span class='ocrx_word' id='word_1_437' title='bbox 1145 2426 1260 2457; x_wconf 84' lang='lat' dir='ltr'>noster,</span> <span class='ocrx_word' id='word_1_438' title='bbox 1277 2424 1387 2448; x_wconf 58' lang='lat' dir='ltr'>&lt;mutus</span> <span class='ocrx_word' id='word_1_439' title='bbox 1420 2417 1537 2446; x_wconf 73' lang='lat' dir='ltr'>Deliae</span> <span class='ocrx_word' id='word_1_440' title='bbox 1551 2416 1617 2455; x_wconf 65' lang='lat' dir='ltr'>ipsa</span> <span class='ocrx_word' id='word_1_441' title='bbox 1628 2422 1734 2446; x_wconf 85' lang='lat' dir='ltr'>autem</span> 
     </span>
     <span class='ocr_line' id='line_1_74' title="bbox 1006 2467 1734 2513; baseline -0.01 -10"><span class='ocrx_word' id='word_1_442' title='bbox 1006 2473 1140 2513; x_wconf 87' lang='lat' dir='ltr'>piscium</span> <span class='ocrx_word' id='word_1_443' title='bbox 1151 2470 1348 2510; x_wconf 67' lang='lat' dir='ltr'>impotentia,</span> <span class='ocrx_word' id='word_1_444' title='bbox 1363 2468 1506 2499; x_wconf 60' lang='lat' dir='ltr'>consulas</span> <span class='ocrx_word' id='word_1_445' title='bbox 1517 2467 1659 2498; x_wconf 89' lang='lat' dir='ltr'>Plinium</span> <span class='ocrx_word' id='word_1_446' title='bbox 1673 2468 1734 2497; x_wconf 83' lang='lat' dir='ltr'>dis-</span> 
     </span>
     <span class='ocr_line' id='line_1_75' title="bbox 1007 2519 1736 2564; baseline -0.011 -9"><span class='ocrx_word' id='word_1_447' title='bbox 1007 2530 1171 2564; x_wconf 86' lang='lat' dir='ltr'>putantem</span> <span class='ocrx_word' id='word_1_448' title='bbox 1187 2522 1226 2553; x_wconf 83' lang='lat' dir='ltr'>ad</span> <span class='ocrx_word' id='word_1_449' title='bbox 1241 2528 1305 2551; x_wconf 89' lang='lat' dir='ltr'>nat.</span> <span class='ocrx_word' id='word_1_450' title='bbox 1323 2521 1395 2550; x_wconf 85' lang='lat' dir='ltr'>hist.</span> <span class='ocrx_word' id='word_1_451' title='bbox 1413 2519 1452 2549; x_wconf 87' lang='lat' dir='ltr'>xi.</span> <span class='ocrx_word' id='word_1_452' title='bbox 1467 2522 1535 2549; x_wconf 74' lang='grc'><strong>112.</strong></span> <span class='ocrx_word' id='word_1_453' title='bbox 1551 2524 1582 2548; x_wconf 87' lang='lat' dir='ltr'>et</span> <span class='ocrx_word' id='word_1_454' title='bbox 1596 2523 1736 2548; x_wconf 85' lang='lat' dir='ltr'>auctores</span> 
     </span>
     <span class='ocr_line' id='line_1_76' title="bbox 1008 2571 1477 2615; baseline -0.011 -9"><span class='ocrx_word' id='word_1_455' title='bbox 1008 2575 1230 2615; x_wconf 83' lang='lat' dir='ltr'>interpretibus</span> <span class='ocrx_word' id='word_1_456' title='bbox 1246 2574 1314 2613; x_wconf 89' lang='lat' dir='ltr'>ejus</span> <span class='ocrx_word' id='word_1_457' title='bbox 1326 2571 1477 2605; x_wconf 66' lang='lat' dir='ltr'>laudatos</span> 
     </span>
     <span class='ocr_line' id='line_1_77' title="bbox 1009 2619 1734 2665; baseline -0.014 -7"><span class='ocrx_word' id='word_1_458' title='bbox 1009 2628 1120 2665; x_wconf 83' lang='lat' dir='ltr'>Porro,</span> <span class='ocrx_word' id='word_1_459' title='bbox 1144 2626 1273 2664; x_wconf 89' lang='lat' dir='ltr'>scriptor</span> <span class='ocrx_word' id='word_1_460' title='bbox 1294 2624 1375 2653; x_wconf 87' lang='lat' dir='ltr'>alius</span> <span class='ocrx_word' id='word_1_461' title='bbox 1396 2623 1439 2652; x_wconf 85' lang='lat' dir='ltr'>ita</span> <span class='ocrx_word' id='word_1_462' title='bbox 1462 2622 1588 2651; x_wconf 84' lang='lat' dir='ltr'>sortasse</span> <span class='ocrx_word' id='word_1_463' title='bbox 1603 2619 1734 2651; x_wconf 83' lang='lat' dir='ltr'>dedisset</span> 
     </span>
     <span class='ocr_line' id='line_1_78' title="bbox 1007 2679 1126 2709; baseline -0.008 0"><span class='ocrx_word' id='word_1_464' title='bbox 1007 2679 1126 2709; x_wconf 89' lang='lat' dir='ltr'>locum:</span> 
     </span>
    </p>

    <p class='ocr_par' dir='ltr' id='par_1_16' title="bbox 1327 2739 1613 2770">
     <span class='ocr_line' id='line_1_79' title="bbox 1327 2739 1613 2770; baseline -0.021 -5"><span class='ocrx_word' id='word_1_465' title='bbox 1327 2743 1468 2770; x_wconf 71' lang='lat' dir='ltr'>mutatque</span> <span class='ocrx_word' id='word_1_466' title='bbox 1479 2739 1613 2761; x_wconf 80' lang='lat' dir='ltr'>natantum</span> 
     </span>
    </p>
   </div>
   <div class='ocr_carea' id='block_1_10' title="bbox 1040 2782 1388 2816">
    <p class='ocr_par' dir='ltr' id='par_1_17' title="bbox 1040 2782 1388 2816">
     <span class='ocr_line' id='line_1_80' title="bbox 1040 2782 1388 2816; baseline -0.017 -6"><span class='ocrx_word' id='word_1_467' title='bbox 1040 2783 1246 2816; x_wconf 73' lang='lat' dir='ltr'>Squamigersrm</span> <span class='ocrx_word' id='word_1_468' title='bbox 1259 2782 1372 2814; x_wconf 83' lang='lat' dir='ltr'>pecudes</span> <span class='ocrx_word' id='word_1_469' title='bbox 1382 2787 1388 2803; x_wconf 91' lang='lat'><strong>:</strong></span> 
     </span>
    </p>
   </div>
   <div class='ocr_carea' id='block_1_11' title="bbox 1007 2841 1732 2933">
    <p class='ocr_par' dir='ltr' id='par_1_18' title="bbox 1007 2841 1732 2933">
     <span class='ocr_line' id='line_1_81' title="bbox 1007 2841 1680 2891; baseline -0.019 -8"><span class='ocrx_word' id='word_1_470' title='bbox 1007 2851 1061 2884; x_wconf 86' lang='lat' dir='ltr'>sed</span> <span class='ocrx_word' id='word_1_471' title='bbox 1075 2850 1226 2891; x_wconf 81' lang='lat' dir='ltr'>adjectiva</span> <span class='ocrx_word' id='word_1_472' title='bbox 1241 2847 1318 2877; x_wconf 89' lang='lat' dir='ltr'>solet</span> <span class='ocrx_word' id='word_1_473' title='bbox 1332 2853 1497 2884; x_wconf 82' lang='lat' dir='ltr'>congerere</span> <span class='ocrx_word' id='word_1_474' title='bbox 1508 2841 1680 2872; x_wconf 85' lang='lat' dir='ltr'>Lucretius.</span> 
     </span>
     <span class='ocr_line' id='line_1_82' title="bbox 1051 2893 1732 2933; baseline -0.016 1"><span class='ocrx_word' id='word_1_475' title='bbox 1051 2903 1126 2933; x_wconf 91' lang='lat' dir='ltr'>Ver.</span> <span class='ocrx_word' id='word_1_476' title='bbox 1143 2904 1214 2932; x_wconf 65' lang='lat'>545.</span> <span class='ocrx_word' id='word_1_477' title='bbox 1230 2904 1376 2931; x_wconf 79' lang='lat' dir='ltr'>armenta.</span> <span class='ocrx_word' id='word_1_478' title='bbox 1422 2895 1503 2925; x_wconf 81' lang='lat' dir='ltr'>Haec</span> <span class='ocrx_word' id='word_1_479' title='bbox 1519 2899 1563 2925; x_wconf 84' lang='lat' dir='ltr'>est</span> <span class='ocrx_word' id='word_1_480' title='bbox 1577 2893 1732 2925; x_wconf 81' lang='lat' dir='ltr'>editorum</span> 
     </span>
    </p>
   </div>
  </div>
 </body>
</html>
