1894 3253
191 275 283 314 134

693 261 755 306 T.
798 255 1178 306 LUCRETII

326 397 414 438 Nec
434 405 624 449 prorsum
644 389 688 430 in
707 390 829 431 rebus
848 389 1080 430 minumum
1100 387 1319 429 consistere
1338 388 1576 444 quidquam:

217 473 300 513 750
333 471 473 519 Quom
494 466 704 507 videamus
724 465 768 506 id
789 472 1019 505 extremum
1039 464 1265 519 quoiusque
1285 477 1479 504 cacumen

332 544 448 592 Esse,
478 540 591 597 quod
611 539 664 581 ad
685 554 824 580 sensus
844 546 1006 579 nostros
1026 538 1259 579 minumum
1278 553 1362 578 esse
1382 537 1560 587 videtum

335 616 552 671 Conjicere
572 622 619 655 ut
637 614 766 669 possis
786 628 839 656 ex
858 612 952 662 hoc,
975 612 1087 668 quod
1107 627 1274 653 cernere
1293 627 1377 653 non
1399 612 1488 667 quis

333 690 580 731 Extremum
601 687 713 744 quod
732 687 901 737 habent,
924 687 1155 727 minumum
1176 687 1395 727 consistere
1414 686 1546 727 rebus.

385 764 486 805 Huc
507 763 672 804 adeedit
690 763 805 812 item,
827 762 1022 817 quoniam
1042 761 1268 816 primordia
1288 775 1425 802 rerum

221 840 303 880 755
337 838 484 879 Mollia
504 837 773 886 constituunt,
802 851 896 891 quae
915 849 990 875 nos
1009 835 1147 875 nativa
1166 834 1349 875 videmus

328 913 443 963 Esse,
466 920 506 953 et
525 910 688 952 mortali
709 925 804 950 cum
825 924 997 963 corpore
1016 908 1213 949 funditus:
1246 909 1358 963 atqui

195 1089 218 1106 “
235 1092 280 1117 est
309 1085 473 1125 conjicere,
514 1082 546 1113 id
577 1088 754 1113 extremum
783 1082 919 1118 tenuius,

194 1142 219 1157 “
232 1137 316 1178 quod
331 1138 446 1169 habent
461 1145 600 1174 corpora,
617 1140 648 1164 et
663 1134 747 1175 quod
762 1134 830 1164 visu
846 1143 920 1163 con-

194 1195 217 1210 “
233 1191 354 1231 tingere
370 1199 434 1219 non
450 1197 626 1227 possumus,
643 1188 737 1216 rebus
751 1185 922 1215 minimum

194 1246 217 1262 “
233 1239 520 1273 consistere.”—In
536 1244 685 1279 sequente
707 1248 810 1275 versu,
836 1238 923 1267 rebus

193 1293 280 1324 deest
294 1287 331 1324 L.

199 1345 368 1381 Caetemm,
381 1342 407 1372 si
419 1339 540 1382 judicio
552 1340 676 1379 proprio
689 1339 815 1380 obsequi
828 1338 922 1368 aude-

195 1406 275 1433 rem,
304 1394 492 1434 scripsissem
518 1402 591 1423 cum
616 1391 656 1421 V.
679 1391 727 1422 ed.
753 1390 922 1431 antiquum,

199 1448 355 1478 Conicere:
380 1444 450 1475 vide
465 1442 653 1485 glossarium
666 1448 765 1478 vetus,
780 1442 923 1473 Servium

196 1498 237 1528 ad
254 1497 344 1538 Virg.
361 1497 401 1527 ix.
418 1500 490 1527 411.
506 1496 558 1526 sed
576 1495 614 1525 de
634 1496 693 1524 hoc
713 1494 786 1525 alibi
802 1494 925 1534 plenius

196 1551 230 1581 in
245 1550 295 1579 his
309 1549 392 1579 notis
407 1549 537 1589 egimus.

241 1602 314 1631 Ver.
332 1603 403 1632 754.
428 1603 572 1640 quoniam
583 1613 592 1629 :
618 1599 661 1628 sic
683 1598 720 1628 P.
746 1598 788 1627 V.
815 1598 862 1628 cd.
887 1599 924 1629 B.

196 1654 232 1684 L.
258 1658 293 1683 Δ.
311 1659 351 1682 Π.
369 1657 403 1683 Σ.
422 1658 465 1682 Ω.
489 1650 612 1691 reliqui,
629 1649 802 1689 quodjam;
824 1650 926 1688 male3

198 1716 272 1736 nam
283 1715 373 1735 mens
386 1705 496 1744 poetae,
509 1704 549 1734 ad
561 1703 700 1743 plurium
712 1708 803 1742 atque
815 1702 924 1732 melio-

198 1769 269 1788 rum
291 1757 444 1787 librorum
470 1756 651 1793 lectionem,
682 1765 777 1795 quam
799 1755 925 1784 exhibe-

199 1822 281 1849 mus,
312 1811 356 1841 sic
386 1812 480 1850 probe
506 1809 654 1840 declarari
680 1815 794 1848 potest:
826 1813 846 1827 “
864 1809 928 1839 His

198 1867 220 1882 “
236 1864 331 1895 etiam
346 1863 408 1893 alia
423 1862 542 1893 accedit
557 1861 735 1897 difficultas,
757 1872 849 1901 quum
855 1862 926 1902 jam

200 1919 222 1933 ‘⁸
239 1915 512 1945 constituunt—.”
559 1915 613 1952 Et,
639 1914 671 1944 ni
687 1914 790 1951 fallor,
807 1928 840 1945 το
855 1926 927 1954 quo-

200 1970 297 2003 niam,
328 1967 354 1996 si
384 1967 494 2003 solvas,
518 1967 652 1997 efficitur
677 1965 817 2007 legitime
841 1978 927 2006 quom

189 2017 270 2057 jam.

245 2070 320 2099 Ver.
338 2071 409 2099 755.
431 2070 554 2098 nativa:
582 2072 616 2097 Δ.
635 2074 674 2097 Π.
698 2074 822 2098 natura.

243 2120 318 2150 Ver.
343 2122 415 2150 756.
448 2119 573 2149 mortali
579 2132 589 2148 .-

202 2183 319 2210 rursus,
347 2172 386 2202 ad
402 2171 444 2201 iii.
461 2175 533 2202 611.
556 2176 592 2200 ut
617 2181 681 2200 non
705 2181 774 2200 raro
790 2171 823 2200 in
839 2181 930 2201 voca-

202 2224 277 2256 bula
291 2224 370 2254 veris
387 2223 524 2254 maxime
539 2223 694 2253 contraria
709 2233 822 2253 manus
837 2223 928 2253 libra-

201 2277 321 2306 riorum
343 2275 445 2305 solent
460 2276 614 2305 aberrare:
640 2273 710 2303 w‘de
735 2284 803 2312 nos,
826 2273 875 2304 ad.
897 2274 929 2304 ii.

203 2332 252 2361 94.
276 2327 469 2367 Exemplum
481 2337 566 2357 nunc
576 2327 733 2363 afferatur,
743 2336 780 2356 ex
792 2326 930 2357 carmine

203 2383 320 2414 clxxiii.
336 2394 396 2414 ver.
414 2386 462 2414 59.
485 2383 538 2413 lib.
554 2382 573 2412 i.
600 2381 729 2412 Anthol.
753 2382 822 2413 Lat.
846 2382 929 2412 Bur-

203 2435 327 2465 manni:

628 2118 664 2148 Β.
689 2120 872 2148 immortali:
898 2124 929 2148 et

551 2527 668 2552 secundo
679 2527 781 2551 semine
793 2533 883 2551 rerum

236 2569 325 2591 Mutat
336 2569 423 2591 Terra
433 2567 515 2597 vices,
526 2571 548 2590 et
559 2566 638 2591 verni
650 2566 779 2597 temporis
791 2573 868 2590 auras

236 2607 314 2631 Laeta
324 2610 418 2631 vocat:
437 2607 517 2639 spisso
529 2607 664 2631 revirescit
677 2607 798 2638 gramine
809 2613 930 2638 campus3

236 2646 356 2670 Triticeas
365 2647 429 2678 ligat
442 2646 523 2671 herba
534 2653 636 2676 comas,
647 2653 696 2671 nec
707 2645 775 2670 fallit
785 2645 870 2670 aristis

236 2685 399 2710 proventum
411 2687 522 2712 meliore
533 2687 585 2712 die.

208 2767 309 2805 Libri,
324 2773 478 2805 autumni,
502 2773 545 2801 Et
560 2774 680 2808 vitreas,
697 2781 755 2801 nec
769 2781 832 2800 non
852 2772 933 2800 aris-

208 2825 273 2850 tas:
298 2819 377 2849 illud
399 2824 503 2852 aristis
525 2823 601 2853 vidit
623 2824 718 2853 etiam
743 2822 932 2854 Oudendor-

211 2870 290 2910 pius.
334 2871 435 2902 Aliud
449 2874 579 2913 hujusce
604 2875 842 2915 permutationis
865 2884 933 2914 spe-

965 1080 1068 1111 cimen
1098 1080 1132 1110 in
1162 1078 1356 1110 contrarium
1384 1077 1561 1118 suppeditet
1599 1078 1695 1112 Silius

967 1134 1107 1172 Italicus,
1123 1135 1162 1164 iv.
1178 1137 1249 1163 455.

1282 1227 1318 1251 At
1328 1227 1433 1250 Mavors
1443 1225 1469 1249 in
1482 1225 1573 1257 praelia
1584 1233 1676 1252 currus

967 1267 1077 1298 Odrysia
1089 1267 1184 1291 tellure
1193 1270 1287 1291 vocat:
1305 1270 1378 1295 tum,
1389 1265 1508 1290 fulminis
1518 1266 1568 1291 albi

968 1310 1142 1339 Spargentem
1160 1307 1293 1337 flammas,
1311 1307 1438 1338 clipeum,
1455 1307 1614 1339 galeamque
1631 1309 1694 1334 deo·

1060 1355 1119 1372 rum

968 1387 1044 1411 Haud
1056 1387 1102 1411 ulli
1113 1386 1231 1416 facilem,
1242 1387 1385 1418 multoque
1395 1386 1484 1412 labore
1496 1388 1645 1420 Cyclopum

968 1427 1098 1451 sudatum
1108 1426 1230 1456 thoraca,
1242 1426 1322 1457 capit,

970 1510 1093 1551 Vulgo,
1116 1512 1187 1540 atri.
1235 1509 1279 1539 At
1302 1511 1402 1539 album
1418 1509 1543 1550 fulmen
1559 1517 1605 1541 est
1620 1526 1695 1556 apyn

969 1566 1090 1604 sspowrn:
1118 1571 1170 1590 me
1184 1559 1254 1590 vide
1281 1560 1320 1590 ad
1345 1560 1439 1599 Soph.
1455 1561 1588 1594 Philoct.
1606 1567 1698 1596 1199.

972 1615 1144 1649 Homerus,
1165 1613 1204 1642 Il.
1223 1618 1261 1643 Θ.
1286 1615 1355 1642 155.

1289 1698 1364 1733 ocem-2²
1377 1711 1482 1736 αργητσι
1493 1711 1604 1738 κεραυνω
1613 1710 1625 1729 .·

971 1786 1099 1815 αργητα,
1117 1780 1269 1815 λαμπρον.·
1294 1771 1388 1802 schol.
1405 1778 1435 1803 et
1450 1773 1590 1804 conferas
1605 1775 1696 1816 Virg.

971 1836 1038 1866 geo.
1055 1826 1074 1857 i.
1094 1828 1168 1856 567.
1213 1825 1295 1854 Haec
1311 1831 1418 1854 autem
1433 1832 1599 1866 pervagata
1613 1834 1698 1865 sunt,

973 1885 1003 1909 et
1018 1878 1091 1908 alibi
1106 1876 1196 1907 nobis
1210 1876 1356 1916 saepicule
1371 1882 1514 1915 tractata3
1538 1878 1571 1908 in
1593 1879 1701 1919 primis

973 1940 1045 1960 vero
1059 1929 1098 1959 ad
1117 1928 1187 1959 Silv.
1206 1928 1283 1961 Crit.
1306 1934 1378 1959 sect.
1394 1929 1469 1959 cciX.

1018 1983 1098 2014 Ibid.
1123 1986 1225 2024 atqui:
1252 1984 1289 2014 P.
1308 1983 1346 2014 V.
1372 1983 1417 2014 ed.
1442 1985 1480 2014 Β.
1496 1984 1532 2015 L.
1551 1985 1590 2015 O.
1606 1989 1641 2015 Δ.
1659 1991 1698 2015 Π.

974 2043 1008 2069 Σ.
1028 2045 1072 2068 Ω.
1095 2044 1129 2068 ut
1149 2040 1218 2078 qui:
1243 2048 1301 2068 nec
1323 2038 1470 2068 damnem
1493 2049 1578 2077 sane,
1602 2049 1702 2078 quum

971 2092 1027 2130 qui
1041 2089 1202 2130 aliquoties
1217 2090 1359 2120 videatur
1372 2101 1461 2129 posse
1472 2093 1559 2130 quia,
1572 2097 1602 2120 et
1616 2091 1698 2121 diffi-

973 2140 1032 2170 cile
1047 2141 1087 2170 sit
1101 2141 1140 2171 de
1150 2141 1198 2170 his
1210 2141 1421 2170 subtilioribus
1432 2141 1590 2181 judicium
1601 2141 1700 2173 fiden-

974 2199 1021 2222 ter
1037 2193 1129 2230 ferre,
1146 2203 1204 2222 nec
1219 2193 1326 2222 minus
1339 2193 1557 2231 periculosum.

1015 2243 1092 2273 Ver.
1114 2246 1184 2273 758.
1208 2245 1369 2282 vigescere:
1396 2243 1439 2273 sic
1463 2244 1559 2274 Vind.
1584 2245 1627 2276 V.
1655 2246 1703 2277 ed.

973 2297 1010 2326 B.
1026 2296 1063 2326 L.
1081 2300 1114 2326 Δ.
1134 2302 1176 2325 Π.
1195 2300 1229 2326 Σ.
1247 2301 1291 2325 Ω.
1315 2295 1422 2335 vulgo,
1438 2299 1580 2327 virescere
1585 2314 1596 2334 ;
1618 2299 1703 2339 quod

973 2359 1010 2379 ex
1027 2358 1087 2378 ver.
1105 2350 1176 2378 675.
1200 2347 1284 2377 haud
1300 2347 1394 2378 dubie
1409 2348 1633 2388 interpolatum
1648 2356 1702 2381 est.

1016 2402 1090 2432 Ver.
1114 2403 1186 2431 759.
1208 2403 1301 2440 qnid:
1336 2401 1374 2432 B.
1397 2403 1591 2443 quocI.—jam
1617 2405 1703 2435 abest

975 2454 1201 2485 A.—lzabcbas.-
1221 2455 1258 2485 P.
1272 2455 1368 2485 Vind.
1384 2455 1422 2486 V.
1438 2455 1475 2486 ed
1502 2457 1539 2486 B.
1557 2463 1598 2487 Π.
1609 2462 1644 2488 Σ.
1656 2463 1701 2488 Ω.

974 2507 1114 2543 habebis,-
1138 2518 1202 2537 non
1230 2507 1376 2538 deterius:
1404 2514 1440 2538 ut
1464 2509 1541 2539 ordo
1563 2509 1613 2547 sit,
1627 2510 1699 2549 jam

974 2561 1111 2590 habebis:
1137 2559 1157 2590 i.
1174 2571 1200 2590 e.
1215 2560 1249 2590 in
1265 2566 1423 2600 posterum
1439 2561 1570 2599 tenebis,
1586 2571 1624 2591 ex
1645 2571 1698 2591 su-

974 2623 1030 2652 pra
1044 2613 1135 2643 dictis
1149 2614 1273 2645 scilicet.

1018 2665 1092 2694 Ver.
1111 2668 1181 2696 760.
1203 2668 1325 2697 multis.-
1353 2673 1393 2696 Π.
1409 2667 1441 2696 in
1457 2667 1695 2696 ullz'.-venena.·

976 2722 1011 2749 Σ.
1026 2719 1176 2748 videntur.

1020 2768 1102 2798 Ibid.
1119 2771 1246 2800 inimica
1262 2775 1333 2799 sunt
1343 2774 1430 2807 atque
1441 2778 1562 2798 venena.
1584 2767 1700 2806 Varro,

976 2820 1016 2850 de
1030 2830 1063 2850 re
1077 2820 1202 2858 rustica,
1227 2821 1247 2851 i.
1264 2824 1291 2850 2.
1309 2823 1359 2849 18.
1406 2822 1428 2836 “
1444 2818 1596 2854 Quaedam
1614 2818 1699 2849 enim

978 2876 1000 2892 “
1017 2872 1151 2912 pecudes
1166 2872 1295 2903 culturae
1309 2877 1380 2903 sunt
1395 2872 1543 2911 inimicae,
1561 2883 1598 2903 ac
1612 2882 1699 2903 vene-
