1894 3253
199 301 288 341 152

696 293 757 340 Τ.
809 288 1191 340 LUCRETII

342 425 533 474 Quorum
554 421 657 463 nihil
677 422 767 464 fieri
788 424 985 479 quoniam
1007 422 1221 465 manifesta
1242 423 1362 464 docet
1381 438 1460 473 res,

342 499 455 540 Scire
474 497 582 547 licet,
605 512 690 537 non
711 513 795 538 esse
815 498 858 537 in
880 497 1000 538 rebus
1022 512 1085 537 res
1105 497 1162 537 ita
1181 497 1349 546 mixtas3

340 572 496 612 Verum
519 572 675 612 semina
695 571 949 613 multimodis
970 571 1149 612 inmixta
1169 571 1294 611 latere

228 651 307 688 895
341 645 573 687 Multarum
593 661 734 687 rerum
754 647 798 687 in
818 646 940 687 rebus
961 645 1187 686 conmunia
1205 645 1370 686 debent.

196 800 338 832 B'Iaronis
360 800 493 830 imitatio
522 800 561 831 ad
583 811 653 841 geo.
679 801 710 831 ii.
735 804 807 831 407.
831 806 924 841 atque

195 852 273 882 adeo
288 857 444 890 receptam
460 851 503 881 ibi
518 852 687 882 lectionem
702 858 856 882 asserunt:

227 944 389 976 Persequitur
404 944 501 974 vitem,
524 945 692 975 adtondens;
718 944 853 976 fingitque
876 951 925 976 pu-

319 984 412 1008 tando.

196 1069 273 1099 Duo
295 1067 426 1103 codices,
455 1069 674 1108 Pmsequzhcm
701 1073 784 1098 recte
807 1067 924 1107 impro-

192 1121 289 1150 bante
305 1120 499 1149 Burmanno.
756 1154 759 1157 η

237 1171 312 1200 Ver.
345 1175 416 1202 892.
443 1172 595 1206 Quorum:
624 1178 664 1201 Π.
700 1172 923 1205 Qua—docet.-

197 1231 242 1255 Ω.
258 1226 349 1254 decet.

241 1276 315 1305 Ver.
333 1279 406 1306 896.
431 1277 490 1305 At:
520 1281 560 1304 Π.
585 1276 801 1315 {IL—inquis:
829 1280 863 1305 Δ.
880 1277 926 1314 ig-

199 1329 258 1358 itis.

243 1376 324 1407 Ibid.
356 1378 469 1416 inquis.
503 1376 602 1417 Lege,
636 1379 748 1417 inquit.

201 1440 317 1460 rmus.

805 1378 928 1408 BENT.

200 1484 246 1514 At
271 1480 347 1511 cedo
362 1480 440 1509 mihi
457 1479 586 1509 effatum
603 1481 814 1521 Anaxagorae,
838 1480 928 1521 quale

197 1534 322 1569 vellem,
346 1538 376 1562 et
391 1538 446 1562 tua
462 1531 596 1570 postulat
619 1533 811 1570 emendatio;
835 1539 927 1572 atque

199 1596 252 1616 me
266 1583 403 1620 habebis,
430 1582 477 1611 vel
493 1582 651 1612 codicibus
673 1583 926 1622 reclamantibus,

199 1638 464 1674 obtemperantem
478 1633 546 1671 tibi,
564 1633 610 1662 vir
625 1635 889 1673 praestantissime!

246 1686 326 1717 Ibid.
353 1687 385 1715 in
412 1688 532 1724 magnis
557 1686 716 1716 montibus.

206 1739 282 1770 AEn.
297 1748 324 1768 v.
342 1740 415 1768 449.

762 1686 803 1715 Vi
808 1686 928 1727 rgilius,

266 1816 320 1840 Aut
334 1813 380 1838 Idci
393 1813 419 1837 in
431 1813 526 1844 magnai
537 1813 669 1837 radicibus
681 1816 756 1838 eruta
767 1813 852 1845 pinus.

204 1874 294 1904 Huic
318 1880 424 1903 autem
454 1873 522 1902 loco
546 1872 731 1903 illustrando
760 1873 935 1903 Lambinus

202 1927 282 1956 bene
298 1925 454 1955 consuluit
469 1935 506 1955 ex
523 1925 721 1965 Thucydide,
737 1925 789 1955 lib.
806 1926 837 1955 ii.
877 1925 934 1958 Ηδη

205 1990 263 2017 ’γαρ
278 1989 302 2006 εν
318 1989 397 2017 ορεσιν
414 1977 481 2013 ὕλη,
507 1977 657 2017 τριφθεισα
682 1977 730 2007 ὑπ’
747 1990 853 2016 ανεμων
870 1989 934 2018 προς

205 2028 308 2064 αὐτην,
333 2040 392 2057 ατο
420 2040 597 2066 vavi-ophar&
625 2040 679 2069 παρ
701 2042 750 2058 και
767 2035 870 2068 φλογα
886 2029 937 2058 ὑπ’

437 2078 480 2107 Et
503 2083 676 2115 opportune
703 2079 843 2108 admovit
865 2079 935 2108 Ha-

207 2140 389 2168 vercampus
407 2129 605 2166 Suetonium,
630 2128 675 2158 iii.
693 2133 720 2159 6.
737 2140 831 2168 quem
848 2140 937 2160 accu-

208 2181 305 2212 ratius
314 2180 550 2219 interpunctum
566 2179 710 2209 dabimus
718 2185 794 2209 :—“
804 2180 940 2220 digredi-

210 2236 232 2251 “
251 2243 305 2261 ens
334 2231 419 2268 inde,
446 2231 557 2260 itinere
587 2237 743 2260 nocturno
769 2230 936 2261 discrimen

207 2287 231 2302 “
248 2283 317 2312 vitae
333 2281 421 2320 adiit,
433 2280 568 2323 flammri
594 2288 720 2320 repente
740 2293 755 2312 e
771 2284 862 2322 sylvis
877 2294 936 2312 un-

211 2338 233 2353 “
249 2334 345 2374 dique
359 2332 474 2370 exerui,
501 2332 640 2372 adeoque
664 2343 791 2362 omnem
806 2334 936 2363 comita-

211 2390 233 2406 “
249 2392 319 2416 tum
335 2383 557 2424 circumplexa,
580 2391 617 2414 ut
632 2384 730 2414 Liviae
752 2395 823 2424 pars
848 2386 939 2415 vestis

210 2442 233 2456 ‘⁴
249 2444 280 2468 et
309 2436 414 2476 capilli
443 2436 730 2466 comburerentur.’'
792 2438 937 2467 Flamma

209 2496 315 2520 autem
328 2489 530 2527 circumplexa
543 2493 588 2517 est
601 2499 655 2528 πυρ
666 2495 835 2527 αμφιλαφες
852 2488 940 2517 Grae..

205 2091 282 2109 &We-8
298 2091 392 2110 ανῆκξ.

211 2552 331 2576 corum,
366 2541 413 2571 vel
448 2554 481 2570 ero
514 2553 611 2572 παντνι
643 2541 859 2579 «panapagum
889 2553 943 2582 παρ

211 2594 367 2634 scriptoris
383 2593 422 2624 ad
438 2594 603 2631 Hebraeos,
628 2604 693 2633 cap.
711 2593 763 2623 xii.
788 2604 868 2623 com.
890 2597 938 2624 18.

211 2647 250 2676 de
265 2657 327 2686 quo
343 2656 400 2675 nos
415 2646 448 2675 in
467 2645 539 2675 Silv.
559 2645 634 2676 Crit.
651 2645 689 2675 iv.
706 2656 756 2684 pp.
775 2649 850 2683 227,
868 2649 937 2676 228.

213 2697 342 2736 Dignus
357 2704 403 2726 est
417 2696 522 2732 etiam,
535 2697 590 2736 qui
602 2696 752 2726 excitetur
761 2695 939 2734 lectoribus,

212 2748 378 2778 Vitruvius
393 2748 431 2779 de
447 2751 554 2780 archit.
571 2751 602 2780 ii.
623 2754 648 2780 1.
674 2754 695 2768 “
713 2750 872 2780 Homines
886 2762 938 2780 ve-

214 2803 238 2818 “
255 2805 318 2829 tere
334 2810 433 2838 more,
449 2808 485 2831 ut
502 2803 585 2838 ferae,
602 2802 634 2831 in
647 2802 738 2842 sylvis
748 2808 778 2832 et
787 2803 941 2841 speluncis

217 2856 238 2870 “
255 2858 286 2881 et
307 2853 487 2883 nemoribus
513 2856 731 2884 nascebantur:
759 2855 887 2895 ciboque
910 2865 943 2883 a-

215 2906 238 2922 “
254 2903 350 2944 gresti
371 2905 532 2943 vescendo,
556 2906 651 2936 vitam
667 2907 838 2946 exigebant.
884 2906 940 2936 In-

968 803 990 818 “
1005 799 1241 838 tempestatibus
1257 804 1287 828 et
1302 800 1410 836 ventis,
1433 798 1538 829 densae
1553 799 1698 830 crebrita-

969 855 990 870 “
1006 852 1098 887 tibus,
1115 853 1234 882 arbores
1245 854 1384 891 agitatae,
1399 857 1430 881 et
1442 854 1521 883 inler
1531 864 1561 883 se
1573 859 1701 883 terentes

969 907 991 921 “
1005 914 1117 940 ramos,
1134 906 1234 942 ignem
1250 904 1491 934 eoecitaverant.‘’
1526 905 1626 944 Cujus
1640 904 1702 934 loci

972 955 1138 994 Preigerus
1168 955 1264 984 etiam
1286 955 1444 993 meminit,
1474 962 1510 986 ut
1539 962 1570 985 et
1599 956 1702 993 Statii,

971 1006 1070 1036 Theb.
1086 1007 1124 1036 vi.
1147 1009 1215 1037 109.
1240 1006 1346 1036 minus
1362 1006 1403 1036 ad
1417 1017 1492 1037 rem.
1531 1007 1595 1037 Adi
1610 1018 1703 1047 porro

970 1064 1124 1093 nostrum,
1148 1068 1175 1088 ν.
1206 1061 1297 1089 1095.
1333 1059 1443 1089 Aurel.
1471 1059 1556 1089 vict.
1584 1059 1623 1089 de
1648 1059 1703 1090 vir.

970 1109 1066 1140 illust.
1077 1110 1127 1140 vii.
1146 1113 1173 1140 l.

1014 1163 1087 1192 Ver.
1105 1165 1176 1193 897.
1199 1173 1316 1192 summa
1334 1165 1517 1193 cacumina:
1543 1169 1580 1193 ut
1595 1163 1634 1193 de
1649 1175 1703 1193 ar·

972 1217 1038 1246 bore
1054 1214 1219 1255 Virgilius,
1239 1215 1264 1244 si
1281 1215 1448 1255 Virgilius,
1470 1216 1503 1245 in
1525 1215 1595 1246 Cul.
1614 1219 1685 1246 141.

1003 1285 1126 1315 lpsaeque
1137 1283 1278 1308 excedunt
1290 1284 1324 1307 ad
1334 1291 1434 1307 summa
1445 1283 1579 1308 cacumina
1591 1283 1684 1308 lentae.

973 1340 1037 1372 Ubi
1060 1351 1261 1380 summopere
1291 1342 1400 1379 miror,
1439 1341 1704 1382 elegantissimam

972 1403 1080 1423 vocem
1117 1395 1263 1424 excedunt
1296 1392 1426 1432 Heynio
1455 1392 1618 1432 displicere
1647 1402 1702 1432 po-

972 1445 1075 1475 tuisse.

1016 1501 1091 1530 Ver.
1108 1504 1179 1532 898.
1192 1500 1320 1540 facere:
1347 1500 1389 1530 V.
1408 1499 1595 1541 ed.fulgere.

1016 1552 1096 1582 Ibid.
1130 1554 1240 1582 validis
1271 1554 1403 1582 austris:
1452 1558 1489 1582 ut
1517 1551 1643 1581 Tullius
1672 1549 1706 1580 in

973 1603 1109 1641 Arateis,
1126 1603 1356 1643 pereleganter:

1035 1672 1070 1696 At
1083 1670 1185 1694 validis
1197 1677 1294 1701 aequor
1305 1670 1420 1702 pulsabit
1433 1670 1536 1694 viribus
1547 1673 1642 1694 auster.

1018 1728 1092 1758 Ver.
1117 1731 1187 1759 899.
1211 1729 1378 1768 flammai:
1415 1727 1452 1757 L.
1481 1727 1527 1757 M.
1549 1729 1705 1768 flammae,

979 1779 1100 1809 solenni
1126 1779 1451 1819 errore—fulserunt:
1477 1778 1513 1808 P.
1539 1784 1581 1808 Π.
1602 1780 1708 1819 fluxe-

977 1838 1069 1862 runt:
1089 1841 1192 1871 neque
1202 1830 1366 1870 elegantiis
1378 1830 1443 1859 suis
1454 1831 1520 1859 haec
1531 1829 1624 1859 lectio
1638 1829 1708 1859 des-

978 1884 1119 1921 tituitur;
1144 1883 1284 1913 conferas
1307 1882 1393 1912 enim
1417 1881 1507 1911 nobis
1522 1881 1654 1911 dicenda
1669 1880 1710 1911 ad

978 1934 1009 1964 ii.
1025 1938 1097 1965 585.
1121 1934 1175 1963 sed
1191 1934 1223 1963 in
1239 1935 1301 1963 hoc
1315 1932 1384 1963 loco
1400 1932 1507 1962 minus
1521 1933 1614 1962 habet
1628 1937 1708 1961 tem-

978 1986 1171 2025 pestivitatis,
1197 1991 1228 2015 et
1254 1985 1329 2014 felix
1352 1983 1550 2013 librariorum
1565 1984 1709 2013 aberran-

981 2039 1062 2067 tium
1077 2037 1251 2067 ludibrium
1263 2036 1398 2076 judicari
1415 2035 1515 2065 debet.
1561 2035 1612 2064 Ita
1622 2045 1709 2071 mox,

982 2099 1043 2118 ver.
1068 2092 1141 2118 902.
1168 2091 1188 2105 “
1204 2087 1325 2117 semina
1347 2086 1467 2116 ardoris
1494 2085 1707 2126 coyfiuxere;’'

985 2147 1016 2170 et
1030 2140 1114 2179 apud
1132 2139 1345 2170 Claudianum
1357 2138 1396 2168 de
1415 2139 1536 2167 Serenae
1551 2138 1708 2177 laudibus,

986 2197 1220 2222 commutantur
1234 2191 1300 2220 haec
1315 2189 1477 2226 vocabula,
1493 2199 1556 2218 ver.
1574 2193 1622 2220 90.

1239 2281 1411 2306 quacumque
1422 2281 1469 2305 per
1479 2274 1591 2298 herbam

1043 2318 1180 2347 Reptares‚
1183 2315 1282 2346 fulsere
1293 2321 1360 2338 rosae
1371 2323 1378 2345 ;
1397 2314 1538 2338 candentia
1545 2314 1617 2338 nasci

1043 2355 1118 2379 Lilia.

984 2430 1103 2470 Vulgo,
1110 2432 1250 2471 fluxere:
1265 2430 1305 2459 ‘et
1320 2439 1387 2458 sero
1402 2428 1542 2458 intellexi
1554 2430 1711 2460 Burman-

986 2492 1065 2512 num
1094 2480 1289 2521 proposuisse
1314 2480 1455 2521 fulgere:
1493 2486 1599 2510 utrum
1630 2481 1712 2517 velit,

985 2534 1081 2564 lector
1097 2533 1207 2573 eligat3
1230 2532 1319 2562 nobis
1341 2543 1376 2562 ea
1400 2532 1528 2562 varietas
1554 2539 1710 2562 construc-

986 2585 1080 2615 tionis
1095 2585 1203 2624 placet.
1250 2583 1300 2614 Sic
1315 2584 1354 2613 de
1368 2590 1443 2622 rapt.
1461 2584 1547 2615 Pros.
1563 2584 1596 2613 ii.
1617 2586 1685 2613 130.

1108 2661 1175 2684 Haec
1187 2660 1317 2692 graditur,
1327 2659 1425 2683 stellata
1435 2659 1508 2683 rosis.-

985 2725 1015 2750 et
1033 2719 1176 2757 Ovidius,
1192 2728 1288 2749 amor.
1302 2718 1334 2748 ii.
1350 2721 1379 2748 5.
1393 2720 1444 2747 57.

1049 2795 1134 2826 Quale
1144 2802 1207 2819 rosae
1211 2794 1326 2826 fulgent,
1336 2793 1406 2816 inter
1415 2798 1461 2815 sua
1471 2790 1524 2814 lilia
1535 2790 1644 2815 mixtae.

987 2854 1071 2884 Vide
1097 2861 1203 2885 autem
1215 2853 1334 2894 fulsere
1355 2857 1385 2880 et
1399 2853 1521 2892 fluxere
1537 2856 1711 2889 permutata

988 2905 1120 2936 librariis
1149 2905 1189 2935 ad
1217 2905 1335 2935 Lucan.
1364 2902 1404 2932 vi.
1436 2904 1635 2943 1‘29.—fl0re.·
1673 2903 1711 2934 B.

216 2958 238 2974 “
255 2960 347 2992 terea,
378 2954 515 2996 quodam
543 2956 576 2986 in
607 2956 675 2987 loco
700 2958 755 2998 (an
769 2956 878 2996 luco?)
901 2958 940 2987 ab
972 2957 1104 2998 fulgure
1110 2972 1121 2994 ,-
1139 2957 1178 2988 Ο.
1190 2967 1271 2991 νον-ε,-
1291 2954 1387 2985 Vind.
1400 2954 1437 2985 P.
1450 2955 1490 2985 V.
1504 2953 1550 2984 ed.
1565 2960 1605 2985 Π.
1617 2958 1653 2986 Σ.
1666 2959 1711 2984 Ω..
