1894 3253
242 258 336 300 246

736 252 796 299 T.
846 249 1226 298 LUCRETII

269 387 351 425 265
384 383 480 425 Vim
501 381 692 437 cupidam
712 388 797 422 tam
818 381 870 422 de
891 381 1041 431 subito,
1065 397 1190 438 quam
1210 397 1326 424 mens
1346 391 1438 425 avet
1457 386 1567 440 ipsa?

383 457 531 499 Omnis
551 456 662 498 enim
682 463 815 497 totum
835 470 909 510 per
929 470 1078 510 corpus
1098 456 1289 497 materiai

385 531 519 586 Copia
537 531 726 587 conquiri
745 530 882 580 debet,
905 530 1068 571 concita
1085 545 1162 586 per
1182 537 1294 572 artus

385 604 573 657 Omneis‚
594 614 641 647 ut
661 606 842 647 studium
861 606 1010 647 mentis
1032 620 1225 646 connexa
1245 614 1451 662 sequatur:

384 678 447 721 Ut
465 680 603 722 videas
621 681 771 722 initum
792 679 929 721 motus
949 696 973 721 a
993 679 1119 721 corde
1138 680 1283 729 creari,

267 753 351 795 270
383 752 452 795 Ex
470 754 678 810 animique
697 754 905 795 voluntate
925 753 969 794 id
988 753 1212 808 procedere
1231 754 1412 808 primum
1419 773 1432 804 3

381 827 488 870 Inde
508 828 598 870 dari
617 844 743 884 porro
763 844 837 884 per
857 836 991 870 totum
1012 843 1177 883 corpus,
1200 836 1241 869 et
1262 836 1386 869 artus.

382 902 472 944 Nec
493 904 621 945 simile
641 912 714 955 est,
738 912 783 945 ut
805 919 946 959 quom,
968 903 1156 958 inpulsei,
1179 903 1439 958 procedimus
1460 903 1559 953 ictu,

381 976 550 1019 Viribus
569 978 732 1019 alterius
752 977 929 1035 magnis,
953 991 1187 1034 magnoque
1207 985 1352 1017 coactu
1359 994 1371 1026 3

237 1132 276 1163 sit
289 1142 415 1163 novare.
462 1133 586 1164 Ascribi
612 1133 703 1164 debet
729 1133 824 1164 etiam
842 1133 964 1164 animo-

237 1185 359 1216 sissima
380 1185 503 1216 Sidonii
517 1185 711 1225 Apollinaris
725 1186 902 1225 descriptio,
925 1186 965 1217 ad

239 1238 330 1267 Statii
368 1238 521 1276 picturam
552 1238 775 1268 studiosissime
812 1238 963 1275 colorata3

236 1288 326 1329 cujus
341 1289 489 1319 Barthius
515 1288 590 1318 item
617 1291 876 1328 πολυμαθεστατος
900 1300 965 1320 non

236 1339 353 1369 oblitus
367 1346 420 1370 est.
465 1340 578 1369 Exstat
591 1340 625 1369 in
641 1350 735 1370 carm.
751 1340 835 1370 xxiii.
853 1346 883 1370 et
898 1351 964 1371 ma-

237 1389 320 1428 cula,
347 1401 417 1431 quae
441 1390 634 1429 dehonestat,
661 1401 716 1430 per
740 1401 833 1431 opem
859 1402 961 1422 meam

236 1442 468 1482 expurgabitur.
513 1442 565 1472 De
580 1442 678 1482 equiS‚
694 1453 821 1473 cursum
837 1453 961 1483 exspec-

235 1493 385 1530 tantibus,
401 1492 540 1533 loquitur
555 1494 656 1532 po'e'ta:

297 1585 339 1610 nli
348 1586 382 1609 ad
393 1585 507 1611 claustra
517 1585 649 1615 fremunt,
659 1586 845 1618 repagulisque

296 1628 463 1652 incumbunt
474 1627 563 1657 simul,
575 1634 605 1651 ac
617 1635 664 1659 per
676 1628 807 1652 obseratas

295 1667 493 1691 Transsumant
505 1668 617 1697 tabulas,
629 1671 656 1692 et
667 1671 731 1692 ante
743 1674 851 1692 cursum

295 1707 414 1737 Campus
424 1706 529 1730 saltibus
540 1710 689 1737 occupatur
699 1707 800 1731 absens.

295 1745 453 1777 Impellunt,
463 1746 610 1777 trepidant,
620 1746 742 1775 trahunt,
754 1750 916 1779 repugnant,

295 1785 458 1814 Ardescunt,
468 1784 576 1814 saliunt,
588 1785 698 1814 timent,
710 1786 856 1817 timentum

296 1826 351 1849 Nec
362 1831 480 1856 gressum
493 1825 631 1855 cohibent,
642 1826 687 1850 sed
700 1825 821 1857 inquieto

295 1866 429 1890 Duratum
440 1865 508 1896 pede
518 1864 638 1896 stipitem
650 1865 795 1897 flagellant.

235 1951 276 1981 In
301 1957 412 1992 quarto
437 1961 528 1982 versu
550 1951 622 1981 libri
647 1952 764 1982 habent
774 1954 961 1993 flatibus.—

236 2003 404 2039 Caeterum‚
431 2013 490 2033 vox
507 2010 625 2043 puncto
640 2003 673 2033 in
691 2011 731 2034 Π.
753 2014 816 2034 non
834 2015 959 2045 compa·

232 2059 294 2090 ret;
332 2060 362 2083 et
386 2053 437 2083 Pii
464 2054 593 2094 antiqua
622 2054 811 2093 exemplaria
834 2057 959 2092 habent,

227 2107 340 2145 primo.
379 2104 519 2140 Quidam
534 2104 648 2134 scilicet
663 2105 773 2135 eadem
786 2106 826 2136 de
841 2107 959 2146 caussa,

233 2166 298 2186 non
314 2162 540 2197 concoquentes
556 2156 663 2196 utique
678 2157 826 2195 phrasim,
845 2166 959 2198 puncto

232 2214 374 2248 tempore,
391 2208 531 2249 quamvis
546 2208 619 2238 alibi
635 2214 762 2248 usurpet
777 2215 891 2247 noster,
911 2221 958 2240 re-

234 2271 349 2300 ponere
370 2260 515 2291 volebant
537 2260 570 2290 in
585 2262 644 2291 hoc
663 2261 732 2292 loco
753 2261 960 2302 vulgatiorem

234 2313 381 2351 formam,
397 2315 538 2353 temporis
548 2319 676 2353 puncto,
691 2313 740 2344 ad.
755 2314 775 2344 i.
795 2317 887 2345 1102.
904 2314 958 2345 ad-

231 2364 377 2402 hibitam3
400 2364 455 2395 sed
473 2364 621 2395 audacter
643 2371 675 2395 et
690 2365 822 2396 indocte.
869 2366 958 2405 Apu-

231 2415 322 2453 leius,
352 2421 425 2446 met.
450 2415 482 2446 ii.
509 2427 537 2455 p.
554 2420 673 2448 98.--“
689 2416 818 2457 quodvis
843 2417 961 2448 animal

233 2470 255 2486 “
267 2473 382 2507 puncto
399 2467 585 2497 reformat:”
610 2467 631 2498 i.
649 2479 673 2498 e.
686 2475 799 2508 puncto
815 2475 958 2508 tempore,-

233 2519 287 2549 sed
309 2519 400 2558 plene
422 2519 535 2549 maluit
556 2519 676 2549 dictum
691 2520 863 2551 Lucretius
910 2521 961 2552 Sic

232 2570 287 2601 ille
318 2571 392 2601 alibi
422 2573 713 2611 metamorphoseon
750 2572 960 2612 lepidissimus

233 2623 397 2653 confector.
435 2624 606 2661 Arnobius,
623 2624 675 2654 lib.
687 2634 713 2654 V.
730 2635 758 2663 p.
775 2628 913 2655 164.-—“
925 2625 959 2655 in

234 2676 257 2691 “
271 2678 380 2713 puncti
395 2675 492 2714 spatio
508 2686 602 2715 poma
617 2676 728 2706 extulit
743 2676 870 2706 mitia:”
894 2677 915 2707 i.
932 2688 958 2708 e.

230 2728 344 2763 puncti
364 2729 514 2766 temporis.
559 2727 651 2757 Prior
679 2727 814 2758 formula
843 2728 960 2758 Graecis

233 2775 390 2813 usitatior3
422 2784 457 2807 ut
485 2778 514 2808 S.
541 2779 646 2815 Lucae,
674 2779 712 2810 iv.
738 2782 766 2811 5.
793 2793 817 2810 εν
843 2793 956 2823 ‹ru-ayma

235 2838 328 2868 xpovss·

281 2887 354 2918 Ver.
381 2891 451 2919 264.
474 2901 636 2930 equorum:
662 2892 759 2922 Vind.
783 2892 823 2922 V.
848 2892 894 2922 ed.
919 2899 960 2922 Π.

239 2943 272 2971 Σ.
292 2945 334 2970 Ω.
357 2951 502 2981 quorum.-
526 2953 542 2972 e
557 2942 672 2973 scilicet
698 2942 800 2982 elapsa
819 2944 858 2974 ob
880 2943 961 2974 vocis

1009 1132 1176 1172 praeeuntis
1202 1131 1464 1162 terminationem.
1511 1131 1636 1171 Ulcere,
1662 1133 1736 1165 hinc

1008 1184 1154 1219 derivato,
1178 1182 1297 1213 laborat
1322 1183 1486 1221 Aristides,
1512 1184 1552 1214 ad
1575 1185 1740 1217 introitum

1008 1236 1156 1266 orationis
1182 1235 1293 1275 prioris
1320 1235 1445 1274 Siculae,
1472 1242 1549 1268 tom.
1576 1237 1596 1268 i.
1623 1248 1652 1277 p.
1668 1240 1740 1270 565.

1008 1287 1055 1317 ed.
1075 1287 1176 1317 Oxon.
1210 1293 1282 1317 Εστι
1303 1286 1336 1320 δη
1353 1300 1474 1329 «xpus-rou,
1489 1303 1511 1318 ω
1531 1291 1669 1326 Αθηναιω,
1686 1303 1739 1324 ‘rm

1009 1339 1170 1377 συμέελης,
1199 1349 1337 1367 επανειναι
1369 1352 1419 1371 την
1450 1351 1579 1381 παρη-αν
1608 1343 1740 1381 adumar,

1006 1390 1200 1429 λογιζομενες,
1228 1389 1262 1422 ὥς
1292 1388 1349 1419 εδεν
1380 1391 1434 1419 Δ1’
1458 1391 1544 1422 ἧττον
1569 1393 1640 1433 παρ’
1659 1393 1738 1432 ἡμων

1007 1441 1080 1471 οὕτω
1106 1442 1190 1471 τάχει
1219 1439 1378 1470 διακειτακ
1404 1442 1438 1470 ob
1463 1443 1580 1472 nullam
1606 1449 1740 1474 nostram

1007 1494 1137 1531 culpam.
1184 1491 1330 1531 vulgatis
1353 1491 1438 1521 deest
1462 1494 1530 1530 Δι’,
1557 1495 1737 1533 absorptum

1007 1542 1200 1581 praecedente
1230 1542 1275 1579 N,
1306 1542 1418 1572 iisdem
1449 1543 1560 1573 calami
1590 1544 1738 1577 ductibus

1008 1598 1192 1630 deformato.

1050 1651 1124 1681 Ver.
1142 1653 1215 1682 265.
1231 1653 1268 1681 de
1282 1652 1397 1682 subito:
1417 1656 1452 1683 Σ.
1463 1658 1492 1682 et
1507 1653 1738 1685 subit0.—az·et.·

1006 1702 1104 1733 Vind.
1121 1703 1162 1733 V.
1178 1702 1225 1732 ed.
1242 1707 1277 1732 Δ.
1296 1709 1335 1733 Π.
1359 1707 1394 1733 Σ.
1412 1709 1456 1733 Ω.
1472 1705 1575 1734 habet:
1601 1704 1655 1744 qui
1671 1715 1740 1744 per.

1005 1761 1119 1794 petuus
1134 1764 1219 1785 error
1234 1760 1279 1784 est
1295 1753 1474 1790 scribarum,
1498 1761 1530 1785 et
1544 1755 1577 1784 in
1594 1757 1731 1795 superio-

1005 1806 1090 1837 ribus
1106 1818 1124 1837 a
1139 1817 1190 1836 me
1206 1812 1339 1837 notatus.

1050 1857 1132 1888 Ibid.
1160 1860 1197 1888 tle
1212 1859 1318 1888 subito.
1342 1857 1488 1897 Hujusce
1503 1857 1647 1889 formulae
1668 1859 1735 1889 No-

1005 1910 1076 1940 nius
1091 1909 1213 1940 affatim
1229 1909 1447 1949 exemplorum
1470 1909 1525 1939 tibi
1540 1911 1688 1949 praebebit
1701 1911 1735 1941 in

1003 1962 1144 2000 vocibus;
1166 1962 1221 2002 qui
1241 1961 1424 1992 Lucretium
1448 1961 1567 2001 laudat,
1590 1968 1621 1993 et
1642 1962 1732 1993 vitio-

1004 2023 1111 2044 sorum
1135 2014 1295 2050 librorum,
1320 2028 1353 2045 tro
1371 2016 1459 2045 habet
1482 2014 1602 2056 utique,
1626 2014 1733 2045 lectio-

1004 2076 1078 2095 nem
1094 2066 1226 2096 exhibet.
1267 2066 1435 2105 Comparet
1451 2066 1544 2096 etiam
1561 2066 1682 2105 phrasis
1701 2067 1738 2096 de

1003 2119 1099 2148 subito
1130 2117 1164 2147 in
1195 2117 1334 2147 editione
1363 2117 1552 2147 Bentleiana
1582 2117 1735 2153 Terentii,

1005 2169 1124 2200 Heaut.
1155 2169 1194 2199 iv.
1218 2173 1247 2199 2.
1266 2174 1294 2200 6.
1319 2175 1349 2199 et
1374 2169 1447 2199 Cari
1470 2169 1567 2199 nostri
1589 2169 1735 2199 meminit

1005 2221 1168 2251 Maximus
1184 2220 1377 2258 Victorinus,
1402 2220 1436 2250 in
1459 2227 1517 2251 art.
1543 2230 1676 2262 gramm.
1696 2220 1737 2251 ad

1003 2271 1099 2302 finem
1115 2271 1224 2311 capitis
1242 2270 1279 2301 de
1294 2273 1442 2302 adverbio.

1046 2324 1120 2354 Ver.
1147 2328 1218 2354 268.
1241 2334 1393 2354 connexa:
1431 2328 1465 2354 Δ.
1493 2334 1641 2360 convexa;
1669 2323 1733 2354 sin·

1003 2384 1107 2406 ceram
1121 2375 1220 2413 po'e'tae
1235 2374 1430 2414 scripturam,
1453 2373 1487 2403 n‘i
1502 2373 1606 2413 fallor,
1629 2375 1731 2414 proxi--

1004 2436 1055 2456 me
1071 2425 1302 2466 praestringens:

1138 2511 1168 2531 ut
1179 2506 1299 2531 studium
1311 2506 1409 2532 mentis
1424 2509 1547 2531 convecta
1559 2509 1699 2537 sequatur:

1003 2582 1025 2613 i.
1042 2593 1068 2613 e.
1092 2585 1114 2601 “
1134 2582 1273 2612 materiae
1297 2581 1385 2621 copia
1401 2580 1594 2622 conquiritur
1611 2585 1642 2610 et
1655 2589 1729 2610 con-

1008 2637 1030 2653 “
1046 2633 1156 2672 cietur,
1185 2640 1230 2669 ut,
1256 2639 1420 2673 postquam
1444 2634 1562 2664 concita
1577 2630 1618 2660 sit
1638 2636 1731 2671 atque

1004 2689 1027 2704 “
1044 2687 1228 2726 conquisita,
1256 2685 1291 2727 (i.
1323 2696 1349 2716 e.
1383 2691 1535 2721 convecta,
1563 2681 1627 2712 una
1657 2692 1730 2713 voce

1005 2740 1026 2755 “
1044 2737 1166 2767 duabus
1187 2736 1432 2776 comprehensis)
1448 2733 1601 2764 voluntati
1617 2734 1730 2763 mentis

1002 2792 1024 2807 ‘⁴
1040 2789 1256 2830 obsequatur.’'
1324 2788 1491 2825 Interpres,
1528 2795 1602 2815 cum
1644 2785 1728 2822 dicit,

1004 2841 1192 2881 conjunctae‚
1215 2839 1264 2870 vel
1279 2851 1337 2870 uno
1365 2841 1477 2878 impetu
1500 2839 1627 2873 emissae,
1650 2847 1729 2867 non-

1004 2893 1165 2922 nullarum
1198 2892 1372 2922 editionum
1408 2889 1575 2919 lectionem
1607 2888 1729 2925 alludit,

1004 2946 1134 2975 connisa
1162 2952 1289 2982 nempe;
1314 2941 1497 2982 neutiquam
1523 2950 1593 2972 meo
1619 2939 1725 2973 saltem
