1894 3253
184 233 279 279 376

685 227 750 275 T.
800 225 1182 276 LUCRETII

330 359 459 410 Quod
480 359 573 400 satis
593 366 668 409 est,
690 373 839 415 neque,
862 368 1063 416 quantum
1083 375 1187 416 opus
1207 368 1282 412 est,
1303 370 1454 405 natura
1473 364 1688 409 ministrat.

386 434 562 489 Jamque
582 434 686 476 adeo
706 434 835 476 fracta
855 444 914 477 est
933 443 1054 486 aetas3
1088 436 1297 493 ecfetaque
1316 438 1433 480 tellus

193 514 299 550 1150
330 508 415 548 Vix
435 509 627 550 animalia
646 524 774 564 parva
793 518 921 561 creat,
944 526 1038 567 quae
1058 519 1208 552 cuncta
1227 513 1380 554 creavit

333 583 464 633 secla,
487 583 682 640 deditque
701 584 882 627 ferarum
902 586 1088 643 ingentia
1107 601 1282 641 corpora
1301 595 1436 642 partu.

333 657 482 707 Haud,
504 666 549 699 ut
570 658 734 713 opinor,
758 659 870 700 enim
889 659 1079 701 mortalia
1100 660 1204 701 secla
1225 675 1400 716 superne

331 732 474 773 Aurea
493 732 545 774 de
566 733 670 774 coelo
689 733 852 775 demisit
871 735 980 777 funis
1001 735 1045 775 in
1066 750 1182 785 arva3

331 806 422 848 Nec
442 821 571 857 mare,
593 821 670 848 nec
689 807 851 858 fluctus,
873 809 1114 866 plangentes
1135 824 1250 860 saxa,
1271 819 1483 862 crearunt3

196 886 302 922 1155
337 881 420 923 Sed
439 882 583 939 genuit
603 881 719 924 tellus
740 882 899 935 eadem,
922 899 1016 939 quae
1038 899 1149 926 nunc
1170 884 1240 926 alit
1260 899 1312 925 ex
1333 900 1387 926 se.

229 1039 306 1070 Ver.
335 1043 426 1073 1149.
449 1041 582 1082 fracta.-
610 1041 650 1073 Ο.
679 1047 714 1074 Δ.
743 1049 783 1074 Π.
813 1048 847 1076 Σ.
876 1048 920 1075 Ω.

177 1091 284 1131 factm
319 1091 410 1131 lapsu
438 1093 579 1124 maxime
608 1094 746 1134 proclivi.
790 1095 923 1136 Legitur

186 1142 221 1172 in
243 1143 416 1182 exemplari
443 1144 590 1175 codicum
612 1145 921 1182 Vindobonensium,

185 1195 307 1237 affecta;
335 1197 408 1227 satis
436 1197 610 1238 eleganter:
638 1199 691 1230 sed
712 1200 922 1231 recentiorum

187 1248 445 1288 castigationibus
479 1260 549 1279 eam
579 1250 745 1280 lectionem
775 1252 923 1290 equidem

185 1299 566 1340 adscripserim.-ecfita.·
585 1305 621 1330 Δ.
641 1304 676 1331 Σ.
691 1299 814 1340 effecum
841 1301 920 1331 forte

186 1360 244 1390 pro
259 1350 319 1380 isto
333 1350 452 1392 affecta.
499 1351 551 1382 Sic
575 1351 616 1382 ad
644 1352 733 1381 Statii
759 1351 856 1382 Theb.
880 1353 919 1384 vi.

187 1404 262 1432 873.
277 1401 375 1432 codex
392 1402 466 1432 MS.
491 1402 571 1431 mihi
585 1402 727 1440 collatus,
754 1403 850 1432 seculi
866 1404 919 1435 xii.

188 1453 282 1482 habet
296 1452 430 1493 effectus,
447 1462 503 1491 pro
513 1451 627 1493 effetus.
793 1480 796 1481 .

233 1503 316 1534 Ibid.
328 1503 439 1544 fracta
455 1510 539 1534 aetas.
587 1504 716 1543 Seneca,
736 1503 810 1535 OEd.
828 1507 898 1536 775.

251 1586 326 1616 Quae
334 1585 418 1617 spatia
429 1585 549 1611 moriens
558 1586 638 1610 La'ius
651 1586 717 1611 vita:
726 1586 804 1611 tulit?

249 1625 375 1651 Primone
385 1625 413 1650 in
424 1632 485 1650 aevo
500 1626 601 1657 viridis,
613 1633 647 1651 an
655 1626 755 1658 fracto,
767 1627 883 1652 occidit?

192 1701 300 1740 Atque
318 1698 412 1730 Silius
434 1699 575 1738 Italicus,
592 1699 632 1731 vi.
649 1702 722 1731 474.

323 1775 366 1797 tot
378 1772 462 1803 bellis,
473 1776 570 1804 totque
581 1774 666 1804 annis,
670 1773 799 1805 fregimus
814 1780 918 1800 evum.

234 1832 316 1863 Ibid.
349 1833 445 1874 ecfeta
472 1835 568 1865 tellus.
614 1833 782 1875 Virgilius,
810 1844 877 1876 geo.
903 1834 923 1864 i.

193 1886 244 1914 81.

223 1952 315 1985 Fffetos
325 1953 445 1979 cinerem
457 1955 620 1980 inmundum
629 1956 732 1986 jactare
743 1962 790 1987 per
801 1962 887 1987 agros.-

191 2019 247 2048 per
262 2011 488 2049 metaphoram,
513 2017 549 2041 ut
565 2012 664 2051 quivis
679 2012 775 2050 videt,
796 2023 815 2043 a
830 2012 925 2044 muli-

191 2070 255 2097 ere,
268 2059 482 2100 frequentibus
493 2062 664 2099 puerperiis
677 2063 836 2100 delassata,
849 2064 925 2095 duc-

193 2116 268 2141 tam.
315 2110 527 2141 Columellam
550 2111 653 2142 dicam
679 2113 713 2142 in
741 2115 798 2144 hos
821 2125 927 2146 versus

193 2162 302 2193 oculos
315 2162 494 2202 conjecisse,
510 2163 628 2201 praefat.
639 2165 740 2203 operis
753 2165 792 2195 de
806 2175 839 2195 re
854 2173 928 2198 rust.

194 2220 262 2238 —“
277 2214 362 2255 quod
377 2214 565 2251 existiment,
578 2216 720 2246 ubertate
733 2215 832 2247 nimia
844 2217 927 2257 prio-

198 2270 221 2286 “
237 2266 280 2296 ris
303 2266 361 2296 aevi
383 2266 595 2308 defatigatum
618 2273 650 2297 et
675 2268 802 2299 effetum
825 2269 930 2300 solum

195 2320 219 2336 “
235 2318 365 2359 nequire
397 2318 528 2357 pristina
565 2318 759 2360 benignitate
793 2321 930 2360 praebere

196 2372 220 2388 “
236 2369 421 2400 mortalibus
435 2369 619 2401 alimenta-’⁹
665 2371 742 2409 Qui,
759 2371 799 2401 ad
814 2371 846 2402 ii.
860 2375 887 2402 l.
900 2376 929 2402 2.

196 2421 240 2452 sic
254 2421 378 2461 proprie
393 2427 424 2451 et
452 2421 675 2460 apertiusz—“
691 2423 746 2463 qui
762 2423 841 2454 falso
863 2434 930 2454 cre-

197 2475 220 2491 “
237 2472 326 2509 didit,
342 2477 504 2512 parentem
518 2473 665 2503 omnium
680 2474 824 2513 Terram,
851 2475 930 2506 sicut

198 2528 221 2543 “
237 2524 424 2555 muliebrem
439 2535 562 2563 sexum,
577 2531 668 2556 aetate
683 2526 760 2556 anili
770 2527 839 2567 jam
853 2537 928 2557 con-

199 2579 222 2595 “
237 2576 364 2613 sectam,
380 2576 624 2617 progenerandis
646 2587 712 2608 esse
742 2577 857 2608 fetibus
879 2577 929 2608 in-

201 2631 223 2647 “
239 2628 401 2660 habilem.”

244 2680 321 2710 Ver.
344 2683 447 2711 1151..
457 2680 606 2722 ferarum
629 2683 768 2722 ingentia
791 2693 930 2724 corpora.

202 2730 278 2762 Non
294 2731 383 2762 aliter
399 2732 607 2771 Mantuanus,
623 2733 699 2764 AEn.
715 2733 734 2764 i.
755 2737 822 2766 192.

217 2814 271 2838 Nec
283 2812 354 2845 prius
366 2814 479 2845 absistit,
491 2822 574 2847 quam
585 2819 691 2848 septem
703 2815 816 2848 ingentia
827 2816 916 2842 victor

224 2854 331 2885 Corpora
342 2852 441 2877 fundat
452 2854 539 2879 humi.

212 2925 379 2963 Caeterum,
395 2924 576 2959 Lucretiani
601 2927 709 2960 versus
734 2927 768 2959 hi
797 2937 944 2959 enormes

920 2989 939 2998 u-

918 2999 940 3015 ε)

965 1041 1089 1073 numeri
1105 1041 1359 1083 magnitudinem
1375 1042 1420 1073 rei
1434 1041 1532 1082 ipsius
1545 1041 1696 1083 peritissi-

966 1105 1018 1126 me
1046 1101 1276 1134 repraesentant.
1330 1095 1399 1125 Nec
1433 1095 1538 1126 minus
1567 1095 1701 1126 feliciter

966 1149 1025 1178 hoc
1039 1152 1198 1177 assecutus
1213 1152 1259 1176 est
1277 1145 1423 1184 Ovidius,
1440 1153 1514 1178 met.
1531 1146 1552 1177 i.
1573 1149 1644 1178 117.

965 1223 1067 1252 Perque
1078 1220 1199 1251 hyemes,
1211 1223 1358 1251 aestusque‚
1369 1223 1397 1245 et
1408 1220 1544 1252 inequales
1553 1224 1699 1250 autumnos,

965 1260 998 1283 Et
1010 1260 1092 1284 breve
1103 1266 1160 1289 ver,
1171 1259 1261 1291 spatiis
1272 1259 1366 1291 exegit
1378 1262 1494 1290 quatuor
1505 1264 1616 1284 annum.

1009 1320 1090 1352 Ibid.
1112 1323 1197 1351 dedit
1217 1329 1325 1361 partu.
1375 1322 1467 1353 Idem
1491 1324 1599 1361 Maro,
1620 1323 1696 1354 ibid.

965 1375 1037 1403 274.

1167 1431 1305 1462 geminam
1319 1435 1397 1463 partu
1407 1431 1476 1455 dabit
1488 1432 1534 1456 nia
1544 1432 1659 1464 prolem.

1010 1478 1088 1508 Ver.
1111 1481 1201 1508 1152.
1223 1481 1305 1508 enim
1321 1481 1478 1509 mortalia:
1497 1480 1538 1509 V.
1552 1480 1600 1510 ed.
1614 1486 1648 1510 A.
1660 1487 1704 1510 Π.

968 1531 1178 1564 τ’νηπιογταῐίας
1206 1529 1242 1559 Ρ.
1261 1529 1302 1559 O.
1323 1535 1366 1559 Ω.
1389 1535 1417 1559 et
1434 1531 1635 1565 immortalia;
1666 1535 1702 1561 Σ.

972 1584 1005 1613 in
1022 1583 1162 1612 mortalia
1170 1597 1181 1617 ,·
1199 1591 1268 1621 quae
1280 1582 1420 1611 subnatae
1431 1588 1505 1612 sunt
1515 1592 1553 1612 ex
1564 1582 1703 1612 breviore

969 1632 1125 1672 scriptura
1140 1632 1331 1672 corruptelae.

1010 1686 1088 1715 Ver.
1109 1688 1199 1716 1155.
1215 1686 1355 1715 demisit:
1375 1684 1415 1715 P.
1432 1684 1473 1714 V.
1491 1684 1539 1715 ed.
1556 1689 1590 1715 A.
1606 1687 1698 1716 dimi-

967 1737 1163 1779 sit.—sunz's:
1192 1743 1230 1767 Π.
1242 1738 1334 1779 finis.

1013 1790 1093 1821 Ibid.
1119 1791 1224 1820 Aurea
1248 1791 1284 1820 de
1308 1791 1379 1820 coelo
1393 1789 1506 1830 funis:
1531 1799 1612 1829 quae,
1634 1799 1701 1820 ver-

969 1845 1048 1874 bum
1062 1844 1168 1881 verbo,
1195 1842 1331 1873 reddunt
1348 1842 1485 1873 Homeri
1501 1852 1636 1881 versum,
1662 1841 1701 1872 11.

973 1901 1010 1926 Θ.
1048 1899 1095 1927 19.
1122 1904 1198 1925 nam
1221 1894 1262 1924 ad
1284 1894 1377 1925 istam
1399 1893 1540 1923 fabulam
1557 1892 1703 1924 Lucretio

970 1947 1109 1978 allusum
1123 1957 1199 1985 esse,
1215 1946 1263 1976 vel
1279 1947 1369 1985 pueri
1384 1944 1489 1975 statim
1504 1944 1697 1985 intelligent:

1050 2021 1132 2055 Σειρὴν
1143 2029 1255 2055 χρυσείην
1268 2021 1291 2051 εξ
1300 2019 1398 2054 sparo&
1408 2026 1597 2054 κρεμασαντεςε

970 2081 1025 2112 ubi
1041 2080 1219 2112 scholiastes
1237 2080 1312 2111 scite
1326 2086 1447 2118 monet,
1471 2079 1629 2119 epitheton
1645 2088 1704 2109 au-

971 2147 1056 2167 ream
1081 2146 1119 2166 ex
1135 2141 1248 2165 ornatu
1263 2140 1387 2164 tantum
1402 2132 1524 2173 po‘e’tico
1538 2130 1662 2171 apponi.

1016 2188 1093 2217 Ver.
1109 2189 1200 2217 1155.
1212 2187 1338 2225 genuit:
1356 2191 1396 2214 Π.
1405 2185 1500 2224 gemit
1505 2198 1517 2219 ;
1534 2181 1705 2213 consimili·

972 2238 1032 2268 bus
1041 2237 1272 2267 elementorum
1282 2234 1564 2266 ductibus—nunc
1572 2248 1582 2265 :
1601 2239 1637 2265 Δ.
1649 2235 1704 2266 nil.

973 2289 1018 2319 Et
1031 2299 1086 2319 nec
1102 2287 1279 2318 secundum
1294 2286 1380 2317 deest
1403 2291 1439 2317 A.
1466 2286 1500 2316 in
1526 2295 1589 2315 ver.
1614 2287 1704 2317 1154.

974 2341 1094 2382 Tangit
1116 2347 1224 2372 autem
1251 2340 1430 2378 Lucretius,
1453 2345 1491 2370 ut
1518 2339 1641 2379 opinor,
1673 2338 1707 2368 in

974 2405 1063 2425 versu
1093 2393 1300 2434 praecedente,
1331 2393 1474 2424 Thaletis
1506 2390 1704 2428 sententiam,

974 2447 1028 2488 qui
1044 2457 1081 2477 ex
1097 2445 1177 2487 aqua
1192 2445 1314 2476 censuit
1328 2445 1436 2476 omnia
1459 2450 1615 2489 constare3
1638 2452 1702 2473 non

973 2498 1142 2529 immemor
1164 2497 1283 2528 interea
1311 2498 1397 2539 (quae
1417 2502 1463 2526 est
1479 2493 1707 2536 elegantissima

972 2552 1123 2583 Lambini
1149 2551 1312 2593 cogitatio)
1339 2555 1594 2581 commentorum
1611 2544 1707 2588 poEti-

975 2615 1096 2643 corum,
1112 2615 1182 2645 quae
1200 2603 1327 2645 fingunt
1340 2602 1506 2633 ferociores
1520 2607 1551 2632 et
1562 2596 1706 2631 immani-

975 2666 1045 2687 ores
1070 2656 1225 2691 homines,
1257 2654 1364 2696 quales
1393 2664 1500 2685 recens
1522 2652 1615 2683 tellus
1634 2656 1706 2687 pro-

976 2707 1113 2746 duxerit,
1135 2706 1283 2737 fluctibus
1304 2705 1447 2744 marinis,
1472 2702 1594 2745 agitatis
1614 2698 1706 2728 vehe-

973 2759 1120 2790 mentiori
1138 2764 1332 2799 tempestate,
1348 2756 1499 2799 generari.
1535 2753 1706 2786 Homems.

983 2812 1022 2843 Il.
1040 2818 1081 2843 Π.
1095 2815 1151 2842 54.

1268 2891 1374 2918 ssavum»
1387 2885 1412 2910 δε
1426 2891 1453 2910 τε
1466 2889 1538 2908 ‘razn
1548 2878 1687 2907 θαλασσκ.

1025 2935 1120 2968 Herpa
1132 2933 1154 2960 τ’
1166 2931 1290 2962 κλιῖατοι.
