1894 3253
607 248 842 299 LIBER
892 246 1202 297 PRIMUS.

1603 251 1665 292 63

306 387 434 436 Quod
454 393 664 441 nequeunt
684 383 811 425 oculis
832 396 970 424 rerum
989 379 1221 437 primordia
1240 377 1376 428 cerni3

193 466 276 504 ‘270
310 462 469 517 Adcipe
489 469 704 516 praeterea‚
727 473 821 515 quae
841 471 1018 512 corpora
1038 463 1126 497 tute
1147 469 1311 496 necesse
1331 461 1392 494 est

312 536 548 578 Confiteare
567 550 653 576 esse
671 535 716 574 in
737 533 873 582 rebus,
896 546 973 572 nec
992 545 1112 586 posse
1131 529 1274 570 videri.

369 610 596 665 Principio,
618 608 729 650 venti
749 607 808 648 vis
828 606 1018 648 verberat
1038 604 1163 645 incita
1183 611 1377 658 pontum,

181 769 271 800 Atque
280 766 359 791 aliam
370 772 403 790 ex
413 765 468 791 αἱὶᾶ
480 765 634 797 generando
643 764 727 797 suffice
737 764 886 797 prolem.—

184 809 294 838 semper
303 806 376 831 enim
388 805 469 836 refice.

211 883 289 913 Ver.
315 884 387 913 265.
410 882 490 912 nisi:
517 881 559 911 V.
586 880 634 911 ed.
658 881 695 911 B.
720 884 754 911 Δ.
772 885 807 911 Σ.
831 891 896 911 nec.

168 935 333 974 -αιζᾷιιια,
370 933 421 963 cui
459 935 482 951 “
505 932 699 962 rectissime’‘
750 931 900 962 inclamat

169 985 343 1021 Bentleius,
359 986 477 1015 habent
487 994 609 1022 omnes,
625 984 651 1014 si
666 983 802 1024 excipias
815 989 849 1014 A.
864 989 899 1015 Σ.

169 1038 234 1079 qui,
251 1038 409 1078 adjutam;
429 1037 474 1066 V.
491 1035 539 1066 ed.
555 1038 596 1066 ad
611 1038 691 1071 vita5
713 1036 754 1066 G.
769 1037 896 1070 adulta,-

169 1091 319 1120 L.adluea
329 1104 340 1124 ‚-
352 1099 422 1129 quae
433 1088 617 1127 posterIOres
626 1088 790 1118 varietates
798 1088 900 1117 mani-

169 1141 342 1172 festissimae
372 1146 447 1171 sunt
482 1140 717 1179 depravationes
748 1139 901 1175 lectionis,

171 1203 266 1234 quam
282 1203 340 1223 nos
355 1191 566 1223 exhibuimus.

174 1246 369 1276 Sententiam
384 1243 523 1275 Lucretii
537 1244 583 1274 sic
598 1242 757 1284 eloquitur
774 1242 900 1272 Aristo-

173 1297 260 1334 teles,
275 1297 327 1327 lib.
344 1296 362 1326 i.
379 1296 418 1326 de
433 1305 504 1335 gen.
520 1300 552 1325 et
566 1300 700 1333 corrupt.
715 1304 815 1335 quem
830 1294 907 1324 citat

172 1348 362 1379 Lambinus:
381 1349 416 1377 ‘H
429 1346 494 1377 τῇδε
507 1349 606 1389 φέοςα,
619 1353 704 1377 αλλε
720 1357 837 1386 γενεσις·
855 1360 906 1377 και

172 1401 189 1434 ἡ
205 1399 270 1431 τεδε
287 1413 402 1440 γενεσις,
419 1406 504 1430 ιιλλε
520 1402 618 1442 φύσει.

216 1452 307 1482 Verr.
324 1454 398 1487 266,
417 1454 490 1482 267.
536 1450 591 1481 Ad
614 1450 667 1481 Pii
681 1450 855 1481 editionem
874 1449 908 1480 hi

173 1514 280 1534 versus
293 1508 570 1542 repraesentanmr3
586 1512 651 1532 non
662 1508 728 1532 tam
739 1501 825 1542 quod
840 1503 907 1531 haec

174 1554 355 1585 constitutio
369 1554 431 1584 loci
446 1553 536 1584 nobis
558 1564 597 1584 ex
613 1554 701 1583 omni
724 1559 810 1593 parte
835 1553 909 1583 satis

174 1607 280 1643 faciat,
301 1617 397 1648 quam
412 1606 497 1647 quod
512 1605 640 1636 arbitrio
655 1606 910 1646 conjecturarum

176 1659 227 1689 vel
242 1659 386 1697 minime,
397 1658 423 1688 si
437 1658 535 1698 possit
551 1659 642 1689 aliter
656 1658 737 1697 fieri,
748 1658 911 1689 indultum

176 1710 334 1741 volumus.
380 1712 428 1741 Sis
443 1711 560 1740 habent
577 1710 673 1740 vind.
690 1711 731 1740 V.
748 1709 795 1740 ed.
812 1711 851 1741 B.
875 1715 911 1740 Δ.

180 1768 221 1792 Π.
239 1767 274 1793 Σ.
291 1768 335 1792 Ω.
358 1761 466 1802 vulgo,
493 1773 550 1792 res.
598 1761 663 1791 Pro
685 1763 845 1801 quoniam,
869 1761 912 1791 V.

179 1813 228 1843 ed.
259 1819 294 1844 Δ.
322 1819 353 1843 et
375 1812 523 1842 nonnulli
539 1812 663 1842 codices
680 1812 743 1849 Pii,
767 1813 908 1852 quondm

182 1865 222 1896 O.
239 1867 395 1904 quomodo.
432 1864 495 1893 Pro
512 1865 604 1900 nihil,
619 1869 651 1892 et
662 1865 780 1902 genita,
792 1873 913 1901 omnes,

180 1919 308 1958 excepta}
324 1919 366 1948 V.
389 1918 436 1948 ed.
460 1930 533 1956 non,
557 1925 589 1948 et
613 1921 755 1958 genitas:
781 1921 913 1950 nihilum

184 1981 268 2009 vero,
298 1981 356 2010 pro
386 1973 476 2009 nihil,
501 1971 567 2001 sola
593 1971 689 2001 editio
714 1971 776 2002 Pii.
823 1971 915 2002 Clare

184 2023 285 2061 viden,
308 2033 371 2063 quo
386 2023 481 2053 modo
497 2034 602 2053 versus
617 2023 797 2053 certissimis
813 2034 850 2054 ex
866 2034 915 2053 ra-

184 2075 322 2105 tionibus
337 2074 552 2104 concinnetur.
600 2075 666 2106 En!
685 2074 754 2105 tibi:

216 2161 294 2184 Nunc
305 2166 355 2191 age
363 2159 406 2189 sis,
418 2166 490 2191 quom
503 2167 540 2183 rer
551 2160 632 2184 docui
642 2167 691 2183 :zon
704 2167 780 2191 posse
789 2160 873 2185 creari

216 2203 256 2226 De
265 2201 359 2231 nihilo,
368 2207 456 2232 neque
463 2201 528 2226 item
535 2201 636 2233 genitas
643 2202 677 2226 ad
685 2201 749 2226 nihil
756 2202 916 2227 revocari—.

190 2277 368 2307 Consensus
381 2276 534 2307 librorum
548 2276 581 2306 in
598 2279 768 2318 etp-genitas
780 2277 918 2317 locuple-

187 2328 308 2358 tissimo
323 2335 369 2358 est
391 2335 579 2368 argumento
602 2344 636 2360 vro
658 2341 705 2361 res
731 2330 914 2361 desiderari:

189 2386 232 2418 et,
248 2381 288 2410 ob
309 2380 492 2410 brevitatem
508 2381 677 2420 scripturae‚
695 2393 782 2422 quom
799 2389 830 2413 et
845 2395 918 2424 quo·

190 2435 276 2463 niam
294 2432 409 2471 passim
423 2434 663 2472 permiscentur,
679 2441 716 2464 ut
730 2445 795 2465 non
818 2435 922 2466 dicam

192 2483 259 2514 cod.
277 2483 374 2514 Vind.
391 2483 464 2514 dare
479 2496 562 2522 cnm,
583 2486 726 2526 quamvis
739 2486 924 2518 horizontali

193 2538 290 2569 ductu
306 2537 420 2568 calami
435 2538 572 2576 strietur,
598 2542 743 2579 quoniam
768 2540 869 2579 posito
884 2541 925 2571 ad

194 2590 379 2630 marginem.
441 2589 501 2620 Sed
530 2591 708 2628 praestiterit
732 2591 767 2620 in
797 2602 830 2622 re
859 2602 925 2622 non

194 2640 328 2671 maximi
343 2640 497 2671 momenti
514 2641 663 2671 tutiorem
678 2641 759 2671 viam
775 2641 910 2674 inivisse.

237 2694 314 2724 Ver.
333 2697 404 2724 268.
430 2695 482 2724 Are
503 2691 584 2733 qud:
610 2693 628 2723 i.
646 2703 671 2723 e.
688 2693 751 2734 qua
771 2693 928 2736 vid—quii.

196 2745 236 2776 de
258 2745 475 2786 caussa—qua
497 2746 726 2786 ratione—quo
754 2746 866 2777 modo:
891 2754 929 2778 ut

196 2805 285 2830 extra
299 2800 543 2830 controversiam
559 2799 681 2839 scripsit
696 2799 817 2835 Florus,
829 2800 861 2830 ii.
880 2803 927 2832 15.

202 2855 248 2882 15.
271 2852 326 2882 ubi
341 2863 458 2894 magno
479 2853 644 2883 molimine
666 2851 746 2882 nihil
761 2852 930 2891 expediunt

198 2901 381 2942 interpretes
401 2904 533 2935 eruditi:
562 2908 584 2923 “
602 2904 675 2941 Sed,
701 2902 762 2944 qm‘z'
792 2904 930 2935 maxime

200 2955 222 2970 “
239 2952 389 2984 mortiferi
403 2964 470 2984 esse
481 2964 604 2985 morsus
616 2954 717 2985 solent
727 2953 930 2985 morientium

941 767 964 783 “
977 762 1162 799 bestiarum,
1177 762 1222 791 sic
1237 759 1307 800 plus
1323 757 1442 799 negotii
1455 757 1517 788 fuit
1536 767 1610 788 cum
1625 767 1672 788 se-

941 821 965 836 “
979 814 1096 846 miruta
1113 814 1315 854 Carthagine,
1327 823 1422 853 quam
1432 811 1586 852 integra.'’

942 869 1054 907 Porro,
1066 874 1172 908 captes
1183 868 1334 907 diffidere,
1344 864 1467 895 solenni
1478 864 1674 904 pleonasmo,

943 932 999 962 pro
1013 922 1151 962 dffdas,
1168 919 1252 960 quali
1266 918 1408 960 gaudent
1422 917 1456 947 in
1471 916 1581 956 primis
1594 914 1678 946 Novi

944 973 1081 1005 Foederis
1095 973 1271 1012 scriptores.
1319 971 1489 1001 Rationem
1504 967 1676 999 locutionis

944 1026 1057 1063 tenuit,
1080 1031 1112 1056 et
1135 1026 1231 1064 probe
1257 1023 1433 1060 declaravit,
1466 1022 1604 1058 Cortius,
1637 1020 1678 1051 ad

947 1077 1070 1108 Sallust.
1098 1076 1189 1107 Catil.
1210 1079 1238 1107 7.
1259 1079 1284 1106 1.
1311 1075 1365 1116 qui
1390 1074 1566 1105 volentibus
1587 1072 1680 1113 plura

946 1129 1157 1160 consulendus
1173 1133 1228 1158 est.
1253 1127 1349 1158 Vocis
1365 1132 1472 1157 autem
1487 1132 1593 1166 coepto,
1610 1124 1682 1155 aliis

946 1181 1146 1220 scriptoribus
1168 1179 1361 1219 probissimis
1383 1179 1601 1219 frequentatae,
1625 1187 1679 1207 ex-

947 1232 1091 1272 emplum
1107 1231 1264 1272 Virgilius
1279 1241 1344 1261 non
1358 1229 1494 1270 reliquit.

995 1283 1068 1314 Ver.
1090 1287 1162 1314 269.
1187 1285 1289 1314 cerni:
1315 1282 1335 1313 i.
1360 1292 1386 1312 e.
1414 1280 1580 1321 distingui:
1607 1289 1684 1310 nam

949 1346 1072 1367 cernere
1097 1334 1221 1375 proprie
1246 1334 1329 1364 valet
1353 1344 1509 1374 separare,
1533 1338 1564 1362 et
1594 1330 1684 1373 quasi

946 1386 1105 1427 judicium
1120 1386 1234 1424 facere,
1258 1392 1294 1416 ut
1316 1385 1355 1416 de
1381 1383 1496 1423 farina,
1523 1394 1579 1424 per
1600 1384 1683 1414 fora-

951 1438 1040 1468 mina
1054 1438 1147 1468 cribri
1169 1437 1305 1468 demissa⁴
1329 1437 1420 1467 factis
1442 1435 1684 1477 agitationibus3

951 1489 1044 1530 cujus
1074 1489 1184 1520 sensus
1217 1489 1361 1528 exempla
1397 1487 1483 1528 apud
1521 1486 1686 1524 Ovidium,

952 1541 1108 1579 Plinium,
1136 1547 1168 1572 et
1197 1547 1339 1572 auctores
1368 1549 1475 1570 rerum
1497 1539 1687 1569 rusticarum

952 1593 1087 1624 inveniri
1117 1599 1257 1632 possunt.
1318 1592 1401 1623 Inde
1429 1591 1617 1622 transfertur
1646 1590 1687 1620 ad

956 1644 1121 1675 oculorum
1137 1644 1332 1682 facultatem,
1350 1650 1381 1674 et
1401 1643 1606 1684 cogitationes
1620 1642 1689 1672 ani-

955 1697 1010 1727 mi.
1060 1698 1143 1727 Haec
1158 1703 1264 1727 autem
1281 1696 1367 1734 dedi,
1390 1707 1430 1726 ne
1446 1696 1516 1736 quis
1531 1696 1565 1725 in
1582 1695 1690 1734 phrasi

956 1749 1150 1779 Lucretianii
1164 1750 1260 1779 oculis
1277 1749 1362 1778 cerni
1373 1746 1616 1777 redundantiam
1627 1757 1691 1777 ser-

957 1800 1060 1830 monis
1073 1805 1123 1829 eat
1138 1800 1358 1838 vituperatum.

1000 1852 1075 1882 Ver.
1093 1855 1164 1882 270.
1190 1853 1327 1890 Arlcz'pe:
1355 1857 1397 1881 Π.
1413 1862 1494 1890 cape.
1523 1852 1578 1881 An
1593 1851 1693 1881 voluit

960 1905 1039 1935 Haec
1054 1904 1154 1944 cape?
1179 1903 1255 1933 Non
1270 1904 1409 1942 probem.
1433 1903 1602 1943 Virgilius,
1617 1903 1695 1934 AEn.

958 1956 999 1986 vi.
1021 1959 1090 1986 156.

1051 2015 1157 2047 Ait-ipe,
1167 2021 1224 2046 quae
1235 2015 1387 2047 peragenda
1397 2015 1479 2047 prius.

1003 2065 1079 2095 Ver.
1104 2068 1175 2095 272.
1215 2070 1361 2104 pontum:
1408 2065 1456 2095 M.
1485 2065 1524 2095 G.
1555 2071 1689 2101 coortus5

962 2116 1060 2147 Vind.
1077 2117 1118 2146 V.
1135 2116 1183 2146 ed.
1198 2116 1236 2147 B.
1255 2116 1294 2147 O.
1309 2123 1355 2147 Ω.
1365 2123 1474 2156 portus
1480 2131 1490 2152 ;
1520 2123 1561 2147 Π.
1574 2122 1608 2149 Σ.
1620 2129 1696 2157 por-

964 2176 1037 2200 tum.
1084 2169 1175 2199 Nihil
1191 2175 1317 2209 egomet
1333 2169 1420 2199 valeo
1435 2170 1607 2200 extundere
1622 2181 1696 2201 cum

963 2220 1086 2260 recepta
1100 2221 1236 2251 lectione
1251 2221 1318 2251 ullo
1333 2221 1429 2251 modo
1440 2221 1697 2260 comparandum.

1006 2273 1102 2303 Ibid..
1114 2274 1196 2304 venti
1219 2274 1264 2303 vis
1290 2274 1436 2304 verberat.
1484 2273 1536 2303 Ita
1561 2272 1695 2303 Archias

964 2325 998 2355 in
1014 2325 1243 2366 epigrammate
1259 2325 1298 2355 de
1315 2324 1456 2365 Marsya:

965 2393 1053 2427 Αιωξῃ,
1065 2392 1160 2427 &angelon
1172 2392 1448 2417 ’ῙΜΑΣΣΟΜΕΝΟΣ
1461 2391 1541 2424 &pl-225
1553 2392 1696 2422 ΑΥΡΑῙΣ,

1004 2443 1127 2474 Turum,
1143 2440 1264 2475 moga-2025
1277 2450 1305 2466 εκ
1318 2445 1415 2468 >ao-1025
1426 2450 1517 2467 πιτυας.

968 2494 1063 2524 Maro
1077 2494 1231 2531 similiter,
1248 2495 1325 2524 AEn.
1342 2494 1381 2524 iv.
1398 2498 1469 2525 249.

1257 2556 1337 2577 vento
1346 2553 1477 2585 pnlmtur,
1487 2555 1516 2576 et
1526 2552 1620 2576 imbri:

968 2603 1054 2633 unde
1070 2604 1166 2642 idem,
1190 2605 1229 2634 ob
1244 2603 1329 2633 venti
1344 2601 1511 2642 particulas
1525 2612 1600 2632 voce
1615 2603 1699 2634 exci-

969 2660 1059 2692 tatas,
1076 2661 1106 2684 et
1121 2655 1280 2692 omnibus,
1303 2664 1374 2693 quae
1389 2659 1568 2692 occurrunt,
1583 2654 1700 2694 impin-

971 2712 1089 2747 gentes,
1106 2707 1146 2736 ad
1164 2708 1238 2737 AEn.
1253 2717 1280 2736 V.
1301 2709 1370 2736 150.

1002 2774 1139 2797 Consonat
1151 2770 1233 2797 omne
1243 2779 1348 2803 nemus,
1360 2779 1505 2804 vocemque
1514 2773 1616 2799 inclusa
1626 2774 1705 2799 volu-

1095 2816 1156 2836 tant

1003 2852 1109 2876 Litora:
1125 2851 1222 2884 pulsati
1232 2852 1312 2878 colles
1323 2853 1441 2880 clamore
1451 2855 1592 2879 resultant.

974 2904 1087 2945 Neque
1102 2904 1231 2936 aliunde
1245 2907 1380 2945 petenda
1395 2913 1441 2939 est
1456 2908 1585 2940 Horatii
1606 2907 1702 2938 inter-

973 2957 1116 2996 pretatio,
1135 2957 1184 2989 od.
1199 2957 1242 2989 iii.
1262 2962 1310 2991 1²2.
1327 2963 1356 2990 5.
