1894 3253
156 257 247 296 100

656 240 719 291 T.
762 241 1143 291 LUCRETII

295 378 347 420 In
367 379 487 419 rebus
507 375 636 417 solido
657 375 827 429 reperiri
848 388 1022 429 corpore
1042 389 1175 429 posse:

181 460 264 496 490
296 453 466 494 Transit
485 450 596 491 enim
615 448 771 489 fulmen
792 448 883 489 coeli
903 463 978 503 per
999 457 1128 504 saepta
1147 448 1383 498 domorum,

297 527 464 568 Clamor
484 532 545 573 ut,
568 538 615 564 ac
636 537 770 563 voces:
801 521 956 562 ferrum
977 522 1185 564 candescit
1203 523 1248 562 in
1268 523 1374 579 igni3

294 599 593 654 Dissiliuntque
611 597 695 638 fere
714 596 885 638 ferventi
906 611 1007 637 saxa
1025 613 1194 652 vapore:

182 765 459 777 ——-—-
469 759 532 777 nam
545 753 598 784 qua
610 760 637 778 se
648 753 749 784 laniger
761 752 816 776 alto

184 795 262 820 Coelo
272 794 345 818 Aries
356 793 440 823 tollit,
450 792 503 823 qua
514 792 627 817 Piscibus
638 796 708 816 astra
720 792 824 816 duobus

185 837 337 866 Augentur‚
347 833 439 857 rutilat
450 833 541 857 subter
552 833 647 857 Nere'ia
658 832 755 856 Pistrix

185 877 278 906 Efflua,
289 882 446 907 percurrens
458 882 512 899 non
524 875 607 898 multi
609 873 729 905 fluminis
742 877 822 897 astra.

156 939 263 980 Effiua
279 936 400 977 utique,
424 947 456 966 se
479 935 645 965 effundens
661 944 716 973 per
731 942 886 972 magnum

157 989 225 1019 coeli
248 988 393 1028 spatium.
438 987 544 1017 Erunt
566 985 706 1022 fortasse,
730 983 784 1023 qui
810 993 885 1012 con-

153 1041 264 1081 jicient
278 1039 405 1070 rescribi
421 1038 533 1068 debere
548 1039 676 1067 luminis
685 1050 695 1066 .·
721 1042 752 1065 et
767 1045 825 1065 suo
837 1035 891 1075 ju-

159 1092 240 1122 dicio
254 1102 310 1131 per
324 1102 376 1121 me
391 1091 548 1120 fruantur.

202 1145 276 1174 Ver.
293 1147 365 1175 491.
380 1150 415 1173 ut
427 1154 481 1173 ac.-
500 1142 544 1172 ita
558 1141 597 1172 O.
614 1146 650 1172 Δ.
665 1147 705 1170 Π.
721 1140 760 1170 G.
772 1144 890 1173 autem,

160 1197 200 1227 B.
219 1197 255 1226 L.
272 1196 321 1225 M.
345 1197 369 1225 it
384 1197 443 1233 ad‚·
468 1193 567 1223 Vind.
583 1194 627 1222 V.
653 1192 701 1222 ed.
728 1196 763 1222 Σ.
783 1197 827 1221 Ω.
856 1197 891 1221 ut

159 1249 210 1277 ad.
257 1246 473 1285 Conjeceram,
495 1244 536 1274 ad
551 1242 779 1273 nonnullorum
795 1241 890 1270 libro-

162 1309 234 1330 rum
251 1298 448 1337 scripturam:

255 1359 365 1384 Clamor
376 1358 445 1388 item,
456 1364 487 1382 ac
499 1364 595 1382 voces:

162 1410 217 1441 sed
233 1409 314 1439 nihil
328 1409 478 1448 expiscor,
504 1409 556 1439 cui
581 1408 690 1438 cedere
717 1407 829 1438 debeat
845 1417 893 1436 re-

163 1469 252 1502 cepta
265 1462 368 1497 lectio,
384 1472 454 1501 quae
472 1462 590 1491 Carum
606 1461 710 1499 ipsum
722 1459 896 1498 suffragan-

164 1520 229 1544 tem
246 1515 348 1549 habet,
369 1513 410 1542 ad
424 1513 462 1543 vi.
480 1516 552 1542 227.

195 1582 305 1606 ‘Transit
317 1582 389 1606 enim
400 1581 520 1605 validum
533 1580 637 1604 fulmen
647 1587 693 1611 per
706 1584 793 1610 saeptn
804 1580 899 1602 domo-

291 1629 363 1651 rum,

197 1661 307 1686 Clamor
318 1661 366 1691 uti,
378 1669 407 1685 ac
419 1668 508 1686 voces.

169 1721 276 1752 Possis
290 1720 397 1757 etiam,
417 1726 452 1750 ut
467 1720 532 1756 alii,
548 1729 611 1749 non
627 1719 711 1749 male
726 1724 845 1748 tentare
861 1716 902 1747 ad

169 1774 255 1802 hunc
271 1772 416 1802 modum:

265 1831 375 1856 Clamor
387 1830 424 1854 uri
437 1830 456 1854 it
467 1830 550 1854 πνοιὴ.

175 1881 238 1911 Sed
252 1882 319 1910 haec
334 1879 507 1910 leviuscula
522 1884 607 1917 sunt,
632 1885 663 1908 et
683 1877 788 1908 exitus
802 1878 903 1908 inccr-

173 1932 295 1962 tissimi.

219 1983 302 2013 Ibid.
323 1985 497 2020 candescit3
523 1982 655 2022 ideoque
680 1981 842 2020 particulis
857 1980 904 2020 ig-

176 2035 245 2066 neis
273 2040 461 2073 permeatur.
507 2034 582 2062 Non
609 2033 730 2062 alienus
759 2039 805 2062 est
833 2032 907 2062 huic

177 2087 273 2117 etiam
287 2085 357 2115 loco
372 2084 541 2124 Virgilius,
559 2084 633 2113 AEn.
650 2083 705 2113 xii.
728 2086 777 2114 91.

194 2157 295 2183 Erum,
308 2160 390 2184 quem
402 2154 497 2176 Dauno
509 2152 660 2183 ignipotens
671 2151 735 2175 deus
743 2151 797 2182 ipse
806 2151 910 2182 parenti

193 2194 315 2222 Fecerat,
327 2197 354 2217 et
367 2191 458 2223 Stygia
470 2191 750 2221 candentemrtinxerat
762 2189 845 2214 unda.

222 2251 299 2280 Ver.
315 2253 387 2282 492.
400 2249 491 2291 sere.-
514 2249 559 2279 ita
581 2248 619 2278 P.
641 2253 678 2278 Δ.
704 2258 804 2288 neque
820 2246 910 2277 aliter

181 2303 374 2333 divinaverat
400 2301 580 2341 Preigerus,
610 2301 664 2341 qui
686 2299 839 2330 videndus
865 2306 911 2329 est

183 2355 279 2384 etiam
296 2353 335 2383 ad
350 2353 385 2384 ii.
401 2356 474 2384 570.
497 2353 636 2393 Egomet
651 2351 773 2382 dudum
788 2351 912 2390 proprio

183 2407 329 2436 acumine
354 2406 436 2435 hanc
461 2415 546 2434 eram
562 2404 813 2434 emendationem
829 2413 910 2432 asse-

185 2464 289 2496 cutus,
305 2457 458 2487 adductus
472 2466 562 2486 vexsu
579 2455 768 2496 Virgiliano,
785 2465 852 2495 geo.
869 2454 912 2484 iii.

185 2513 259 2540 565.

250 2570 367 2600 AEraque
377 2568 505 2593 dissiliunt
515 2568 598 2600 vulgo
606 2577 614 2593 :

186 2626 263 2646 nam
288 2627 359 2647 vere
384 2617 517 2656 Gellius,
548 2617 567 2647 i.
593 2620 643 2647 21.
689 2619 711 2634 “
728 2616 803 2646 Non
825 2616 919 2645 verba

189 2669 212 2684 “
228 2672 335 2696 autem
350 2668 427 2706 sola,
452 2669 507 2699 sed
522 2679 629 2698 versus
643 2678 740 2708 prope
767 2672 858 2703 totos,
885 2672 917 2696 et

191 2720 215 2735 “
230 2717 314 2747 locos
335 2728 458 2758 quoque
473 2720 614 2750 Lucretii
628 2719 794 2759 plurimos,
819 2724 915 2750 secta-

191 2771 214 2786 “
230 2773 301 2798 tum
315 2778 380 2798 esse
393 2770 564 2810 Virgilium
572 2771 748 2801 videmus.”
777 2770 918 2811 Reliqui,

183 2818 274 2861 jin-o:
300 2819 360 2848 nisi
375 2821 459 2859 quod
474 2821 507 2850 in
522 2822 563 2852 V.
580 2822 627 2852 ed.
653 2822 693 2853 O.
711 2829 751 2852 Π.
764 2822 854 2862 ferro
871 2821 919 2852 sit.

195 2869 382 2911 -firventi:
408 2870 451 2900 sic
478 2871 517 2901 G.
543 2872 584 2902 V.
614 2873 661 2903 ed.
686 2873 723 2903 B.
749 2873 785 2903 L.
812 2873 860 2903 M.
879 2871 919 2902 Ο.

197 2926 233 2951 Δ.
250 2927 291 2951 Π.
313 2921 464 2960 probante
488 2921 583 2951 etiam
609 2924 768 2954 Bentleio:
795 2923 919 2964 reliqui,

919 754 1088 794 fenenna.
1134 754 1208 783 Non
1225 754 1491 792 improbavissem,
1507 754 1531 783 si
1547 753 1660 784 suasis-

931 812 999 834 sent
1015 805 1130 844 scripti,
1147 813 1181 834 ut
1198 816 1300 845 neque
1315 805 1503 835 Lambinus:

992 864 1182 895 Dissiliuntque
1184 865 1245 895 fero
1248 864 1389 895 ferventia
1399 872 1465 889 saxa
1477 872 1585 897 vapore.

976 916 1057 945 Ibid.
1100 918 1272 947 Dissiliunt
1306 928 1426 956 vapore.
1489 917 1662 956 Arnobius,

929 967 982 998 lib.
998 969 1037 998 iv.
1061 979 1090 1007 p.
1118 973 1256 999 15o.-“
1271 969 1491 1000 habitudinem
1515 970 1662 1000 fictilibus

935 1024 957 1038 “
974 1022 1145 1051 contribuit
1159 1022 1303 1060 vasculis,
1326 1033 1366 1052 ne
1378 1024 1583 1064 flammarum
1599 1025 1662 1054 dis-

937 1076 959 1090 “
974 1075 1082 1104 siliunt
1099 1077 1128 1105 τί
1143 1075 1255 1105 victa?

939 1125 1109 1162 Caeterum,
1136 1126 1222 1156 haud
1236 1125 1331 1156 dubie
1346 1126 1434 1157 locus
1449 1127 1500 1158 hic
1517 1127 1551 1157 in
1567 1127 1666 1158 oculis

934 1183 1000 1206 erat
1018 1177 1154 1217 Virgilio
1169 1178 1209 1208 ad
1224 1189 1292 1219 geo.
1308 1179 1347 1209 iv.
1368 1182 1439 1210 155.

967 1248 1001 1254 —-
1009 1242 1093 1266 quum
1106 1237 1186 1261 tristis
1198 1237 1283 1262 hiems
1294 1238 1445 1262 etiamnum
1457 1237 1557 1270 frigore
1567 1246 1636 1263 saxa

968 1277 1142 1308 Rumperel—.

979 1325 1055 1354 Ver.
1080 1329 1150 1357 493.
1177 1327 1459 1367 Conlubqfitcttztns:
1486 1328 1530 1358 sic
1553 1327 1590 1358 L.
1615 1328 1666 1358 M.

939 1381 973 1407 Σ.
1018 1378 1095 1407 Tum
1123 1376 1339 1416 lrtbtjfactatzcs:
1368 1379 1404 1408 P.
1429 1379 1473 1408 V.
1491 1379 1539 1409 ed.
1564 1380 1602 1410 Β.
1630 1379 1672 1410 Ο.

943 1429 1017 1459 Cum
1034 1428 1250 1469 Iabzfactatus:
1276 1429 1375 1460 vind.
1393 1435 1427 1460 Δ.
1445 1437 1486 1460 Π.
1505 1437 1548 1460 Ω.
1573 1436 1604 1460 et
1629 1431 1669 1461 G.

942 1480 1009 1509 sine
1029 1481 1114 1509 Cum.
1160 1481 1222 1510 Pro
1237 1482 1332 1519 rigor,
1351 1488 1392 1511 Π.
1407 1484 1483 1521 rigo.

988 1532 1068 1562 lbid.
1095 1532 1375 1572 Conlabefaclalus:
1404 1533 1425 1563 i.
1446 1544 1471 1563 e.
1487 1533 1587 1564 factus
1602 1545 1671 1564 cor-

943 1594 1041 1614 ruere.
1102 1584 1221 1613 Versus
1257 1584 1407 1614 Ovidiani
1444 1584 1482 1615 de
1520 1585 1673 1622 Hercule,

944 1636 1113 1665 subruente
1124 1635 1256 1665 domum
1274 1646 1416 1665 saxosam
1431 1636 1516 1674 Caci,
1527 1637 1676 1676 graphice

945 1686 1065 1716 dabunt
1081 1686 1256 1725 expositam
1283 1686 1347 1716 vim
1370 1687 1500 1728 hujusce
1517 1687 1674 1726 dictionis,

946 1737 1014 1768 fast.
1030 1738 1049 1768 i.
1066 1742 1142 1769 566.

948 1798 1048 1822 Nititur
1061 1798 1130 1822 hicc‘
1142 1798 1256 1823 humero
1273 1799 1387 1830 (coelum
1397 1806 1506 1831 quoque
1515 1802 1619 1825 sederat
1627 1801 1675 1831 illi)

978 1840 1010 1863 Et
1022 1842 1129 1863 vastum
1141 1843 1220 1863 motu
1231 1839 1414 1871 conlabefactat
1423 1847 1504 1864 onus:

947 1887 968 1918 i.
992 1898 1021 1918 e.
1044 1890 1146 1918 dextro
1170 1888 1324 1926 humero;
1348 1889 1457 1919 confer
1482 1889 1574 1930 Virg.
1602 1890 1678 1921 [En.

948 1939 1011 1969 xiii.
1029 1943 1101 1970 937.
1127 1950 1222 1980 quem
1245 1940 1278 1970 in
1305 1941 1354 1970 his
1376 1941 1525 1972 omnibus
1539 1941 1678 1972 libentis-

950 1991 1028 2020 sime
1045 1991 1131 2020 Naso
1146 1991 1301 2032 sequitur:
1320 1992 1364 2022 sic
1380 1993 1466 2022 enim
1481 1993 1679 2023 scribendum

951 2047 997 2070 est
1013 2041 1053 2071 ad
1069 2041 1163 2071 fidem
1184 2042 1297 2072 codicis
1314 2043 1535 2073 Arundeliani.
1579 2043 1680 2073 Evul-

952 2098 1053 2132 gatur,
1070 2095 1213 2123 humeris.

997 2143 1080 2174 Ibid.
1106 2146 1191 2183 rigor
1212 2147 1303 2175 auri:
1328 2151 1365 2175 ut
1386 2145 1554 2186 Virgilius,
1580 2156 1647 2187 geo.
1663 2146 1682 2176 i.

957 2199 1026 2226 143.

1045 2257 1120 2279 Tum
1124 2256 1194 2287 ferri
1206 2256 1312 2288 rigor—.

957 2304 1093 2334 Carmen
1112 2316 1175 2335 non
1194 2306 1294 2335 infimi
1317 2306 1431 2345 leporis
1452 2306 1535 2345 apud
1554 2306 1684 2338 Anthol.

955 2359 1025 2389 Lat.
1043 2359 1154 2388 Burm.
1172 2358 1217 2388 iii.
1240 2362 1309 2388 154.
1335 2358 1460 2388 macula
1475 2359 1668 2389 emundabo:

958 2430 1115 2455 Femineam
1134 2429 1252 2453 maribus
1270 2436 1333 2453 nam
1356 2428 1464 2454 confert
1482 2429 1608 2462 Pyrricha
1624 2428 1689 2453 clas-

1079 2476 1147 2498 sem,

991 2510 1023 2533 Et
1035 2509 1119 2533 veluti
1130 2509 1157 2533 ‘m
1169 2516 1275 2533 rnorem
1287 2508 1378 2533 militis
1389 2515 1464 2533 arma
1474 2511 1583 2533 movet:

962 2549 1032 2580 Quae
1044 2553 1136 2573 tamen
1149 2549 1221 2572 haud
1232 2548 1287 2572 ullo
1298 2548 1406 2580 chalybis
1417 2552 1480 2572 sunt
1489 2547 1578 2572 stricta
1587 2547 1677 2578 rigore,

993 2590 1043 2614 Sed
1053 2590 1141 2614 solum
1153 2589 1270 2614 reddunt
1282 2589 1372 2614 buxea
1382 2589 1437 2614 tela
1447 2595 1554 2613 sonum.

962 2651 1095 2680 Stricta:
1121 2649 1140 2678 i.
1167 2659 1193 2679 e.
1226 2655 1405 2688 ελκλαμενα·
1438 2646 1473 2676 in
1501 2645 1634 2675 laminas
1658 2645 1689 2673 vi

962 2700 1155 2730 malleorum
1185 2699 1390 2730 tundentium
1419 2697 1524 2727 ducta.

962 2752 1090 2793 legitur,
1106 2759 1193 2783 tecta.
1241 2751 1381 2787 Persius,
1397 2754 1452 2778 sat.
1468 2747 1514 2777 iii.
1532 2751 1582 2778 66.

1582 2695 1691 2736 Vulgo

1004 2820 1069 2842 Haec
1079 2819 1190 2843 baccam
1202 2817 1314 2842 conchae
1326 2815 1425 2845 rasisse,
1435 2818 1464 2839 et
1473 2814 1593 2845 stringere
1601 2820 1682 2838 venas

996 2860 1132 2885 Ferventis
1143 2865 1238 2883 massae
1249 2857 1332 2882 crudo
1344 2856 1378 2880 de
1388 2855 1510 2887 pulvere,
1518 2854 1603 2886 jussit.

966 2923 1130 2961 Compone
1145 2921 1194 2952 his
1208 2929 1309 2959 nuper
1323 2918 1406 2949 dicta
1421 2917 1461 2948 ad
1475 2927 1535 2948 ver.
1552 2920 1623 2947 487.
