1894 3253
145 245 235 289 126

644 236 704 284 T.
747 233 1126 282 LUCRETII

341 371 464 412 Adde
484 370 622 416 etiam,
644 366 738 422 quei
760 364 1051 419 conduplicant
1069 365 1299 420 primordia
1318 381 1473 416 rerum,

285 446 396 487 A'e’ra
408 445 629 499 jungentes
649 441 753 498 igni,
775 448 1010 495 terramque
1029 440 1199 495 liquori,

171 524 252 562 715
285 521 341 561 Et
361 518 454 574 quei
475 525 651 573 quatuor
672 530 724 557 ex
754 515 876 556 rebus
895 530 1014 570 posse
1035 516 1175 556 omnia
1195 522 1352 566 rentur,

286 594 354 635 Ex
372 592 474 649 igni,
496 590 620 643 terrei,
643 599 765 646 atque
785 589 939 640 anima,
964 605 1238 645 procrescere,
1261 598 1302 631 et
1320 590 1466 640 imbri;

144 756 167 771 ‘⁶
183 761 252 792 quae
278 747 390 778 mundi
413 757 478 777 esse
495 747 620 777 Ennius
643 745 759 784 scribit,
783 749 805 764 “
823 746 868 776 A·
914 745 969 775 An
999 746 1118 776 maris?
1142 751 1178 775 ut
1209 748 1229 764 “
1245 746 1415 786 amfractus
1440 744 1545 783 solis,’‘
1570 745 1590 775 i.
1615 755 1643 776 e.

141 807 163 821 “
181 813 250 842 qua,
273 801 382 836 Terra,
400 799 528 834 Anima,
544 804 574 828 et
592 797 672 828 Sol.'’

144 856 253 891 Porro,
275 858 311 882 ut
326 852 420 882 imber
441 850 475 880 in
490 851 549 880 hoc
564 849 634 880 loco
648 860 758 888 aquam
774 858 869 889 gene-

914 797 1070 827 circuitio:
1101 798 1219 828 Cicero.

916 848 1016 878 Haud
1032 848 1127 878 dubie
1142 848 1175 878 in
1191 850 1249 878 hoc
1265 848 1344 886 loco,
1367 852 1462 879 maris
1481 849 1562 879 Ionii
1574 847 1644 880 'am-

1265 799 1490 828 BENTLEms.

142 906 255 942 raliter,
279 903 328 933 vel
343 904 509 932 humorem
523 911 618 942 quem
639 901 727 938 libet,
751 899 870 939 signifi·
904 900 1074 940 fractibas,
1101 900 1243 939 quamvis
1267 900 1300 929 in
1331 906 1497 941 utramque
1522 907 1645 940 partem

142 962 206 994 cat3
230 956 273 985 ita
293 954 406 993 saepius
428 965 538 993 aquam
561 952 709 982 adhibent
732 956 872 981 auctores
916 951 1012 981 dictio
1037 951 1253 980 indifferenter
1276 957 1404 989 spectet:
1431 963 1490 982 nec
1513 953 1647 990 mirum;

142 1018 198 1047 pro
214 1009 317 1042 imbre,
338 1007 469 1035 humore
485 1003 623 1043 pluviali.
671 1002 720 1032 Sic
736 1002 872 1032 Demos-

143 1060 253 1089 thenes
267 1058 302 1088 in
319 1057 477 1093 Neaeram,
503 1066 533 1094 p.
550 1057 642 1086 1579.
667 1053 715 1083 ed.
737 1053 870 1083 Reiske:

143 1113 270 1141 ’ὙΔΩΡ
301 1124 367 1152 γαρ,
400 1121 541 1149 »γενομενσν
572 1121 623 1140 τῆς
656 1119 754 1139 νυκτος
785 1113 874 1143 πολι-ι,

145 1171 285 1194 εκωλυσεν
308 1174 397 1195 uva-83
415 1173 529 1194 παντας
548 1161 677 1193 ειςελέειν.
723 1158 767 1187 Et
788 1157 877 1187 aliter

144 1217 230 1246 hunc
246 1224 370 1245 versum
389 1213 463 1243 citat
480 1212 615 1249 Servius,
638 1210 678 1240 ad
696 1210 784 1250 Virg.
801 1210 876 1239 AEn.

144 1266 164 1297 i.
184 1270 252 1297 125.
276 1265 329 1296 sed
354 1274 413 1294 suo
427 1263 584 1303 proposito
606 1267 731 1292 tantum
754 1270 876 1291 accom-

146 1317 284 1355 modate,
301 1327 341 1346 ne
356 1314 546 1346 constructio
562 1324 626 1343 non
642 1318 804 1343 constaret.

190 1368 265 1398 Ver.
282 1370 353 1398 717.
376 1367 633 1406 Agragantinas:
660 1364 704 1393 sic
718 1363 788 1392 libri
812 1372 876 1392 cas-

146 1418 240 1449 tiores
263 1425 294 1448 et
318 1417 513 1455 vetustiores,
539 1417 578 1446 G.
596 1414 691 1445 Vind.
716 1414 753 1444 L.
771 1414 819 1444 M.
838 1414 877 1444 Ο.

147 1476 184 1503 Σ.
214 1478 257 1502 Ω.
282 1471 525 1510 Agrigentinus:
564 1474 605 1498 Π.
630 1466 751 1506 Vulgo,
777 1467 878 1496 Acra-

145 1526 299 1564 gentinus

192 1575 273 1605 Ibid.
299 1574 494 1613 Empedocles
502 1586 512 1602 .·
539 1570 578 1601 de
598 1580 662 1610 quo
678 1569 881 1606 Plutarchus,

149 1626 227 1666 plac.
260 1625 335 1665 phil.
362 1624 383 1654 i.
400 1627 429 1654 5.
455 1622 648 1663 Εμπεδωιλκς
673 1627 814 1658 Menam,
840 1626 881 1650 A-

149 1690 349 1719 κρωγοιντινας,
375 1681 633 1717 τετταρω-λεγει
656 1685 801 1712 στοιχειω,
819 1683 883 1713 πυρ,

149 1742 227 1771 aspa,
246 1728 324 1770 ὑδωρ,
344 1741 410 1768 γῆν.

194 1781 270 1810 Ver.
290 1783 360 1811 718.
399 1780 574 1819 triquetris:
611 1776 706 1806 Vind.
736 1777 880 1807 trivetris.

149 1832 224 1862 Hoc
250 1837 358 1862 autem
384 1840 500 1861 nomen
528 1839 547 1859 a
572 1828 722 1859 Lucretio
752 1827 885 1867 sumpsit

151 1883 317 1920 Horatius,
341 1882 499 1914 Lambino
523 1891 588 1912 non
612 1880 797 1920 praeteritus,
824 1884 881 1911 sat.

149 1934 181 1964 ii.
202 1938 231 1964 6.
252 1937 301 1964 55.

378 2017 506 2041 Militibus
517 2016 654 2047 promissa,
666 2016 791 2047 triquetra

183 2057 297 2082 Praemia
306 2057 408 2086 Caesar,
418 2062 452 2080 an
464 2060 502 2080 est
515 2055 581 2079 Itala
593 2055 688 2079 tellure
698 2055 824 2079 daturus?

199 2131 280 2162 Ibid.
291 2133 401 2171 gessit:
420 2131 440 2161 i.
453 2141 478 2160 e.
493 2143 565 2170 ειχε·
581 2129 702 2167 habuit,
715 2128 884 2166 continuit,

154 2184 302 2224 possedit:
328 2183 437 2214 confer
463 2183 494 2213 ii.
511 2185 582 2213 754.
606 2181 646 2212 iv,
673 2185 726 2212 49.
750 2180 790 2211 vi.
810 2183 884 2211 847.

157 2236 264 2273 Maro,
279 2245 347 2276 geo.
364 2234 396 2264 ii.
415 2237 485 2264 122.

188 2321 243 2346 Aut
254 2327 332 2352 qUOS,
343 2326 444 2345 oceano
455 2318 573 2351 propior,
580 2317 646 2350 gerit
657 2315 733 2341 India
743 2315 828 2341 lucos.

161 2396 211 2426 Sic
223 2398 302 2436 gerit
307 2396 431 2436 fruges,
447 2393 574 2425 Ennius
588 2393 622 2423 in
637 2392 833 2433 fragmentis,
855 2397 887 2423 et

157 2448 209 2478 alii
226 2447 340 2488 passim
355 2446 498 2477 similiter
512 2446 620 2485 poetae.

202 2499 274 2529 Ver.
307 2502 378 2530 719.
401 2498 601 2539 anffractz'bus
626 2507 744 2536 oeqzcor:
780 2496 828 2526 M.
850 2506 888 2526 ac

149 2551 387 2591 flactibaequor;
417 2551 457 2581 G.
473 2561 510 2581 ac
523 2549 683 2590 fractibus
697 2549 792 2588 longi.
820 2547 888 2577 Vo-

160 2601 243 2631 lebat
257 2601 407 2632 fortassis:

479 2677 559 2709 longis
566 2676 741 2702 amfractibus
751 2682 855 2708 aequor.

205 2751 286 2783 Ibid.
302 2753 509 2793 amfractibus.
554 2754 610 2784 An
624 2753 748 2784 litoris?
772 2757 808 2782 ut
827 2751 889 2782 Ac-

161 2804 229 2835 cius
243 2803 414 2843 Eurysace:

257 2890 341 2919 Super
351 2887 451 2912 oceani
460 2891 554 2919 stagna
564 2888 618 2913 alta
629 2889 721 2920 patris,

288 2929 424 2954 Terrarum
434 2927 560 2959 amfracta
569 2929 694 2955 revisam.

918 1014 993 1033 nam
1017 1009 1170 1032 terrarum
1193 1003 1377 1042 projecturae
1400 1004 1496 1033 maris
1515 1004 1651 1034 circuiti-

919 1055 1032 1085 onibus
1048 1065 1172 1085 necesse
1195 1060 1240 1084 est
1262 1055 1486 1094 respondeant:
1511 1055 1652 1086 conferas

922 1107 1026 1137 Valer.
1054 1107 1154 1137 Flacc.
1184 1106 1214 1136 ii.
1245 1110 1317 1137 452.
1341 1107 1384 1137 iii.
1412 1109 1483 1138 277.
1513 1107 1551 1137 iv,
1579 1109 1652 1138 727.

922 1160 1005 1189 Plin.
1022 1158 1064 1189 iii.
1084 1163 1109 1189 1.
1134 1159 1187 1189 fin.
1214 1159 1419 1197 Claudianus,
1445 1159 1479 1189 in
1502 1159 1597 1190 Prob.
1623 1166 1655 1190 et

924 1211 974 1242 01.
991 1211 1201 1249 consulatum,
1219 1214 1269 1242 55.

922 1287 999 1312 Illum
1011 1287 1085 1311 fama
1097 1287 1170 1312 vehit
1182 1290 1254 1311 trans
1265 1293 1386 1318 aequora,
1398 1290 1525 1319 transque
1535 1289 1652 1313 remotas

923 1329 1024 1361 Tethyos
1034 1329 1159 1361 ambager,
1171 1329 1364 1360 Atlanteosque
1376 1336 1501 1354 recessus.

922 1397 1077 1434 Avienus,
1091 1397 1181 1426 Arat.
1202 1400 1273 1427 80⁶2.

1015 1474 1122 1498 Eridani
1133 1474 1233 1498 co'e'unt
1244 1473 1422 1505 amfractibar:

925 1539 1009 1570 unde
1026 1538 1163 1569 eundem
1188 1538 1342 1578 explicem
1359 1544 1390 1568 et
1416 1537 1603 1568 concinnem
1617 1537 1658 1570 ad

925 1593 989 1621 orb.
1004 1591 1082 1620 desc.
1099 1594 1173 1620 542.
1197 1589 1235 1620 de
1253 1591 1330 1620 Nilo
1347 1595 1527 1619 canentem:

961 1668 1153 1698 Fecundatque
1163 1667 1250 1691 solum
1262 1667 1371 1698 procul:
1389 1666 1442 1691 illic
1453 1665 1561 1698 agmina
1572 1664 1646 1696 cogit

960 1710 990 1733 In
1002 1710 1129 1738 Boream3
1143 1707 1288 1738 scissusque
1299 1706 1372 1738 vagis
1381 1705 1556 1737 amfractibus,
1566 1710 1662 1736 aequor

959 1748 1082 1778 Proserit,
1094 1750 1120 1772 et
1132 1750 1217 1779 ponto
1229 1750 1332 1778 septem
1342 1745 1420 1777 serus
1432 1744 1551 1777 explicat
1561 1751 1617 1769 ora.

929 1815 1054 1846 Audaci
1081 1825 1155 1845 cum
1181 1818 1354 1851 venustate,
1382 1823 1484 1852 <equor
1510 1810 1589 1847 Nili,
1620 1811 1660 1840 ob

928 1867 1185 1907 amplitudinem:
1211 1866 1351 1906 etseras,
1368 1870 1405 1895 ut
1420 1864 1533 1894 Horat.
1549 1861 1599 1893 od.
1616 1861 1661 1893 iii.

927 1925 979 1952 29.
1006 1924 1056 1951 40.
1092 1918 1246 1957 Rutilius,
1277 1917 1344 1948 itin.
1372 1917 1402 1947 ii.
1420 1920 1469 1947 25.
1493 1916 1548 1957 qui
1572 1913 1662 1945 nullo

928 1971 1023 2002 modo
1039 1970 1242 2001 solicitandus
1258 1975 1317 1999 est:

957 2051 987 2074 In
1000 2050 1085 2073 latum
1097 2049 1175 2073 variis
1186 2049 1315 2072 damnosa
1326 2045 1494 2077 amfractibus
1504 2045 1588 2068 intrat

987 2087 1125 2119 Tyrrheni
1137 2087 1218 2111 rabies
1229 2085 1389 2115 Adriacique
1399 2083 1470 2108 salis.

931 2153 1025 2184 Silius
1043 2152 1172 2183 Italicus
1188 2151 1310 2181 videtur
1331 2146 1560 2179 emendationis
1575 2145 1659 2176 indi-

928 2215 1013 2245 gere,
1029 2203 1069 2234 ad
1084 2214 1131 2233 XV.
1149 2206 1219 2233 175.
1246 2201 1300 2232 ubi
1323 2200 1418 2240 vulgo
1433 2198 1549 2239 legitur
1572 2199 1659 2229 sinu-

928 2262 1011 2286 atos:

959 2331 1027 2355 Hinc
1038 2330 1103 2362 legit
1114 2329 1255 2358 Ausonius,
1266 2327 1367 2352 sinuato
1378 2326 1495 2358 gurgite,
1506 2325 1605 2349 ductor

960 2373 1107 2404 Amfractus
1117 2371 1212 2404 pelagi.-

930 2437 949 2468 i.
966 2448 992 2468 e.
1012 2436 1138 2478 gurgite
1153 2446 1185 2466 se
1215 2433 1411 2471 insinuante;
1436 2436 1473 2462 ut
1495 2430 1592 2469 idem,
1617 2429 1660 2461 ix.

931 2491 1004 2520 227.

1188 2560 1274 2584 sinuat
1285 2558 1337 2589 qua
1349 2557 1464 2582 flexibus
1475 2555 1576 2580 undam

964 2601 1086 2631 Aufidus,
1098 2604 1125 2626 et
1136 2606 1220 2625 curvo
1232 2599 1335 2623 circum
1348 2600 1419 2623 errat
1431 2595 1538 2628 gurgite
1548 2593 1629 2625 ripas:

935 2671 966 2696 et
981 2665 1012 2696 ii.
1033 2667 1102 2696 172.
1118 2674 1183 2695 non
1199 2662 1302 2693 aliter:

995 2739 1096 2764 Averso
1106 2737 1209 2769 rapitur
1219 2736 1323 2760 sinuata
1339 2740 1386 2766 per
1397 2737 1497 2764 equora
1507 2734 1598 2753 curru.

936 2812 1006 2843 Nisi
1031 2811 1076 2841 sic
1105 2810 1265 2845 immutes,
1292 2804 1418 2845 frigebit
1442 2808 1472 2832 et
1501 2799 1664 2840 languebit

934 2864 1001 2895 sine
1017 2863 1154 2902 epitheto
1171 2858 1344 2890 solitarium
1360 2853 1440 2885 illud
1452 2853 1583 2892 gurgite.

936 2917 1008 2948 Vox
1023 2920 1131 2946 autem
1145 2911 1324 2954 amfractus,
1347 2906 1382 2939 ni
1396 2905 1498 2945 fallor,
1515 2914 1554 2935 ex
1573 2903 1660 2935 Grae»
