1894 3253
199 254 266 295 50

701 238 762 286 T.
815 233 1200 286 LUCRETII

342 376 572 431 Terra‘l'que
593 371 725 413 solum
745 369 994 426 subigentes,
1016 367 1147 409 cimus
1167 366 1221 408 ad
1241 373 1367 409 ortus.

343 451 486 501 Quod,
509 449 541 489 si
561 446 672 489 nulla
691 445 841 494 forent,
863 451 1006 485 nostro
1027 444 1114 484 sine
1134 456 1309 498 quaeque
1327 440 1484 491 labore,

227 532 310 570 215
344 528 500 582 Sponte
521 522 608 573 sua,
630 520 761 562 multo
781 519 871 560 fieri
891 518 1062 559 meliora
1081 516 1251 558 videres.

402 599 503 641 Huc
523 597 701 647 adcedjt‚
722 595 783 637 uti
804 593 985 650 quidque
1004 593 1048 633 in
1069 608 1142 634 sua
1162 606 1338 647 corpora
1357 604 1520 632 rursum

341 673 551 718 Dissolvat
570 681 734 721 natura,
756 684 890 725 neque
911 668 963 709 ad
984 667 1160 708 nihilum
1179 667 1389 708 interimat
1408 680 1484 706 res.

400 748 527 798 Nam,
551 748 583 789 si
604 746 704 803 quid
723 744 896 786 mortale
917 757 939 783 e
959 742 1116 783 cunctis
1136 740 1321 796 partibus
1342 747 1459 789 esset,

345 823 414 865 Ex
435 822 561 865 oculis
580 836 645 862 res
666 833 842 876 quaeque
863 824 1031 871 repente
1052 823 1192 870 erepta
1211 815 1363 870 periret
1370 832 1384 864 3

200 982 428 1013 adhaerescente
443 980 483 1010 ob
497 978 668 1009 dictionem
689 973 927 1015 praecedentem.

198 1036 283 1064 -ad
290 1048 299 1064 :
328 1040 367 1063 Π.
384 1039 422 1063 et.

242 1085 323 1116 Ibid.
354 1086 466 1116 Terra'i
480 1085 586 1114 solum.
617 1082 741 1112 Festus:
770 1083 792 1098 “
806 1078 929 1116 Solum,

201 1145 219 1159 “
238 1147 364 1171 terram.
411 1137 549 1169 Ennius:

216 1202 235 1215 ‘⁶
248 1199 298 1224 Sed
307 1199 359 1223 sola
371 1202 497 1222 terrarum
509 1200 569 1228 post
581 1202 662 1227 quam
672 1199 813 1226 permensa
824 1198 932 1224 parum-

324 1240 342 1252 “
354 1237 430 1268 per.”

202 1289 314 1328 Neque
333 1287 456 1316 alienus
468 1291 515 1315 est
529 1283 697 1325 Virgilius,
712 1281 787 1311 AEn.
800 1290 828 1311 x·
847 1283 917 1311 102.

263 1349 296 1372 Et
306 1346 468 1371 tremefacta
479 1345 528 1369 solo
540 1344 622 1368 tellus.

202 1398 272 1428 Aut
289 1396 448 1433 Sedufius,
463 1405 556 1425 carm.
573 1394 675 1433 pasch.
691 1391 745 1422 lib.
760 1391 791 1421 ii.

264 1459 399 1481 Terrarum
411 1462 465 1480 non
477 1461 559 1480 omne
571 1454 660 1478 solum.

246 1508 328 1539 Ibid.
352 1508 447 1539 sulam
470 1507 647 1545 subigentes.
694 1504 799 1541 Maro,
823 1513 890 1544 geo.
914 1502 932 1533 i.

203 1564 215 1591 1
225 1562 273 1591 25.

267 1620 338 1644 Ante
349 1620 445 1649 Jovem
458 1615 523 1640 nulli
534 1615 678 1647 subigebam
689 1622 762 1638 arm-a
774 1613 870 1638 coloni.

205 1669 378 1705 Arnobius,
395 1667 446 1697 lib.
464 1667 494 1696 ii.
511 1677 539 1704 p.
555 1669 604 1696 71.
629 1669 651 1682 ‘⁶
664 1674 737 1694 cum
747 1664 936 1704 sanguinem

204 1725 226 1739 “
244 1726 345 1750 totum
362 1719 396 1748 in
422 1715 589 1757 subigenda
614 1718 721 1747 tellure
752 1715 936 1745 fudissent.”

205 1774 314 1811 thigo
330 1777 437 1801 autem
453 1776 511 1807 est,
533 1780 623 1800 eruo:
649 1767 719 1797 vide
734 1778 795 1797 ver.
812 1770 842 1797 8.
867 1767 940 1796 Ma-

203 1825 267 1855 rius
282 1824 406 1861 Victor,
424 1823 457 1852 in
474 1832 545 1862 gen.
564 1821 607 1851 iii.
625 1823 676 1851 65.

222 1894 300 1916 Arva
312 1895 398 1923 pater,
410 1891 520 1921 natique
532 1889 622 1918 simul,
635 1888 709 1919 queis
721 1887 824 1912 firmius
835 1893 939 1917 aemm,

221 1933 289 1955 Mox
300 1930 418 1961 subigunt
429 1929 529 1958 rastris,
541 1933 568 1953 et
579 1929 682 1952 semine
693 1935 754 1952 rura
767 1928 906 1952 maritant.

252 1990 332 2021 Ibid.
367 1992 423 2020 cim
431 2001 473 2019 ns.
512 1989 594 2018 Haec
616 1989 717 2018 forma
748 1988 830 2017 verbi
857 1987 940 2026 apud

211 2043 422 2075 Columellam
446 2042 571 2082 legitur,
595 2042 633 2071 vi.
659 2045 687 2072 5.
716 2044 742 2071 1.
774 2043 796 2058 “
813 2051 888 2070 nam
905 2051 941 2071 ea

208 2103 231 2118 “
248 2109 296 2128 res
318 2104 373 2128 aut
387 2099 430 2128 cit
452 2096 570 2133 alvum,
597 2102 652 2125 aut
667 2100 772 2125 movet
789 2093 941 2125 febrem.’'

210 2148 409 2189 Anthologia
424 2147 539 2178 Latina
556 2146 744 2182 Burmanni,
762 2146 781 2175 i.
798 2156 827 2185 p.
845 2150 917 2177 496.

225 2211 290 2236 Inde
301 2211 372 2241 lego,
383 2209 572 2239 Phoebumque
582 2207 628 2238 cio,
639 2209 798 2238 Musamque
809 2207 906 2232 lacesso
917 2213 923 2230 z

209 2261 264 2292 ubi
279 2259 490 2291 consulendus
506 2264 552 2288 est
564 2258 674 2289 editor.
720 2259 793 2289 Vox
806 2259 839 2289 in
855 2268 941 2289 com-

209 2313 317 2354 positis
331 2313 447 2353 passim
462 2313 686 2353 frequentatur.

254 2366 336 2396 Ibid.
351 2371 444 2396 ortus.
490 2365 536 2395 Ut
551 2371 655 2394 noster
670 2364 709 2394 de
715 2364 877 2405 fingebas,
902 2363 941 2393 de

210 2420 346 2459 pinubus
361 2417 505 2448 similiter
521 2418 628 2455 Maro,
646 2417 721 2448 AEn.
737 2417 778 2447 ix.
793 2421 841 2448 92.

376 2477 459 2510 prosit
470 2476 566 2501 nostris
577 2476 604 2500 in
616 2476 753 2500 montibus
764 2478 832 2499 ortas
842 2484 851 2500 .-

212 2534 243 2558 et
260 2528 394 2559 Ovidius
408 2527 547 2567 deflore,
563 2533 637 2556 met.
654 2536 682 2556 X.
696 2530 769 2556 212.

471 2595 612 2626 Tyrioque
623 2594 752 2620 nitentior
763 2598 835 2620 ostro

274 2635 325 2660 Flos
335 2635 425 2659 oritur.

257 2685 334 2715 Ver.
358 2688 428 2715 215.
459 2687 600 2716 meliora:
627 2695 727 2725 quum
751 2685 883 2715 Naturae
907 2685 947 2715 sit

216 2735 342 2767 mortali
358 2735 486 2775 ingenio
509 2737 649 2767 immane
672 2742 827 2778 quantum
852 2736 946 2767 soler-

217 2788 282 2818 tius
297 2787 473 2818 artificium.

259 2839 334 2870 Ver.
352 2842 422 2869 216.
440 2841 591 2879 quidque:
611 2841 647 2871 L.
662 2842 710 2871 M.
726 2843 894 2881 quicqnid;
910 2841 947 2871 P.

218 2891 259 2922 V.
285 2890 332 2922 ed.
359 2890 397 2921 B.
425 2890 464 2920 O.
493 2897 533 2921 Π.
558 2897 603 2921 Ω.
637 2903 775 2932 quaeque,
800 2892 950 2933 ambiguo

973 970 1122 1009 proxime.
1168 969 1211 1000 Et
1238 979 1311 999 cum
1335 971 1395 999 hoc
1409 979 1498 1000 versu
1522 979 1638 999 novum
1655 979 1706 999 or-

975 1022 1059 1052 ditur
1074 1027 1300 1062 argumentum
1309 1022 1413 1060 poista,
1423 1021 1582 1051 verissime
1593 1021 1708 1051 docens

974 1084 1024 1104 res
1039 1084 1149 1103 omnes
1160 1084 1225 1103 non
1241 1073 1282 1103 ad
1302 1073 1441 1102 nibilum
1455 1073 1568 1111 redire,
1584 1072 1632 1102 uti
1647 1083 1702 1102 ne-

975 1136 1036 1166 que
1051 1136 1069 1154 a
1084 1125 1184 1155 nihilo
1198 1124 1404 1164 provenirent.

1021 1177 1094 1206 Ver.
1112 1180 1182 1206 218.
1206 1188 1222 1207 e
1238 1178 1377 1207 cunctis:
1404 1176 1443 1206 B.
1465 1182 1508 1206 est
1525 1187 1541 1206 e
1564 1177 1704 1210 cunctis,-

976 1229 1012 1258 L.
1031 1229 1079 1258 M.
1105 1231 1226 1259 cunclis
1236 1243 1246 1264 ;
1276 1235 1316 1259 Π.
1333 1231 1454 1259 cunctis
1475 1240 1499 1259 e.
1549 1228 1711 1258 Sublatere

977 1280 1102 1310 videtur
1117 1280 1305 1319 corruptela,
1322 1280 1373 1310 cui
1389 1279 1554 1309 medendae
1565 1289 1621 1318 par
1635 1289 1710 1320 ego-

976 1339 1041 1362 met
1057 1342 1121 1362 non
1138 1343 1217 1362 sum.
1263 1332 1386 1362 Probus
1402 1339 1581 1360 exoreretur
1593 1340 1711 1369 versus,

984 1384 1010 1414 si
1026 1384 1133 1414 liceret
1144 1383 1323 1414 liberiorem
1338 1393 1469 1412 manum
1485 1382 1664 1412 admovere:

1041 1442 1064 1464 Si
1077 1443 1198 1467 mortalis
1209 1443 1274 1467 enim
1287 1443 1390 1467 cunctis
1402 1449 1417 1466 e
1427 1441 1545 1474 partibus
1558 1444 1641 1466 esset:

979 1503 1049 1533 quae
1064 1498 1183 1530 tamen,
1209 1492 1235 1521 si
1251 1491 1412 1521 varietates
1432 1490 1578 1520 codicum
1593 1499 1710 1529 expen-

978 1544 1073 1582 deris,
1090 1554 1154 1574 non
1171 1543 1302 1573 omnino
1318 1542 1544 1581 probabilitatis
1557 1541 1712 1582 indigent.

980 1596 1147 1634 Praeterea‚
1165 1606 1254 1626 voces
1268 1595 1350 1633 ipsas
1365 1593 1496 1633 Epicuri
1513 1599 1714 1632 repraesentat

981 1654 1096 1685 noster,
1120 1654 1213 1687 prout
1239 1658 1257 1676 a
1274 1647 1421 1686 Diogene
1444 1645 1570 1675 La'e‘rtio
1591 1645 1713 1684 accepi-

981 1711 1065 1738 mus,
1082 1710 1110 1730 x.
1126 1704 1177 1732 59.
1226 1705 1290 1735 Και,
1309 1712 1328 1729 ει
1346 1701 1478 1739 &elapsa-o
1494 1697 1521 1728 δε
1533 1711 1566 1728 το
1578 1697 1714 1736 αφανιζο-

983 1766 1064 1793 μενον
1091 1766 1125 1786 εις
1151 1766 1183 1783 τα
1205 1766 1248 1791 μή
1275 1766 1312 1787 ον,
1341 1764 1444 1782 παν-τα
1459 1764 1493 1780 αν
1508 1756 1659 1780 ωπολωλει
1676 1763 1717 1780 τα

986 1816 1168 1845 πραγματα,
1201 1815 1237 1833 εκ
1269 1816 1352 1833 ovs-mv
1386 1815 1442 1832 των
1472 1815 1506 1835 εις
1537 1803 1557 1831 ἱι
1583 1800 1717 1831 &slusa-o.

985 1855 1093 1894 Forte,
1117 1853 1274 1885 διελελυτα.
1322 1853 1517 1893 Pythagoras
1531 1852 1616 1892 apud
1640 1851 1717 1883 Ovi-

986 1905 1090 1944 dium,
1108 1912 1182 1936 met.
1198 1916 1246 1936 xv.
1264 1908 1336 1936 165.

1077 1974 1174 1997 Omnia
1186 1976 1338 2002 mutantur,
1350 1972 1415 1996 nihil
1425 1972 1527 1997 interit.

1030 2030 1102 2059 Ver.
1116 2034 1187 2061 219.
1212 2031 1263 2060 Er
1277 2031 1374 2059 oculis
1389 2036 1509 2068 repenle
1520 2034 1631 2068 erepta.
1667 2027 1720 2057 Sic

987 2083 1196 2119 ‘Mantuaan
1227 2081 1328 2111 verbis
1350 2087 1457 2110 tamen
1484 2079 1717 2120 aliquantulum

983 2134 1170 2171 immutatis,
1193 2134 1268 2164 AEn.
1285 2133 1307 2163 i.
1325 2137 1377 2163 88.

1018 2207 1136 2239 Eripiunt
1146 2206 1226 2231 :abito
1236 2207 1319 2231 nubes
1331 2205 1499 2236 coelumque,
1510 2205 1648 2236 diemque,

1016 2250 1187 2273 Teucrorum
1200 2255 1233 2272 ex
1246 2247 1322 2271 oculis
1334 2255 1343 2271 :

985 2312 1041 2342 ubi
1057 2311 1136 2341 nihil
1152 2310 1339 2342 tentandum
1355 2309 1446 2340 nobis
1458 2319 1497 2340 ex
1507 2309 1717 2340 varietateco-

986 2363 1101 2393 dicum.

1031 2416 1112 2446 Ibid.
1126 2422 1265 2456 repente:
1291 2415 1310 2445 i.
1328 2425 1354 2445 e.
1379 2417 1399 2432 “
1416 2413 1528 2444 eodem
1542 2415 1628 2443 horae
1649 2423 1719 2443 mo-

992 2472 1014 2486 “
1030 2475 1149 2507 mento,
1167 2479 1229 2509 quo
1244 2473 1398 2498 cessarent
1412 2468 1512 2498 videi
1533 2477 1593 2503 res,
1617 2475 1715 2496 cessa-

992 2522 1013 2537 “
1029 2526 1100 2550 rent
1123 2520 1215 2551 esse.’'
1262 2519 1337 2550 Non
1367 2524 1510 2549 accurate
1548 2521 1718 2548 tenuerunt

988 2571 1172 2611 interpretes
1202 2571 1353 2601 orationis
1382 2570 1446 2601 vim
1476 2576 1508 2600 et
1535 2567 1716 2609 argumenti

989 2635 1129 2664 scopum.

1033 2678 1111 2709 Ver.
1130 2682 1202 2709 220.
1222 2679 1364 2719 partibus
1379 2676 1567 2707 Dz'scidium.
1611 2673 1719 2703 Arno-

990 2736 1072 2773 bius,
1096 2735 1148 2766 lib.
1163 2745 1190 2766 v.
1206 2746 1235 2774 p.
1255 2737 1324 2765 158.
1361 2736 1384 2751 “
1403 2732 1486 2762 Cum
1500 2730 1630 2760 discidio
1640 2739 1719 2768 par-

992 2791 1014 2804 “
1029 2789 1107 2818 tium
1120 2786 1251 2826 sanguis
1265 2784 1335 2815 fluit
1349 2780 1552 2813 immensus.”

1038 2839 1110 2869 Ver.
1136 2841 1209 2868 221.
1237 2846 1331 2868 nez-us
1355 2835 1507 2866 exsolvere.
1552 2830 1721 2874 Virgilius,

994 2900 1065 2931 geo,
1083 2890 1128 2920 iii.
1141 2891 1213 2919 425.
