1894 3253
188 255 276 294 128

605 222 607 224 ’
658 247 720 295 Τ.
764 245 1143 295 LUCRETII

326 379 601 436 Angustoque
620 377 728 418 fretu
748 378 954 434 rapidum,
976 394 1090 421 mare
1109 377 1256 420 dividit
1273 378 1394 421 undis

325 453 476 494 AEoliae
497 459 701 491 terrarum
721 466 814 493 oras
834 468 860 493 a
878 453 1030 494 finibus
1051 454 1147 509 ejus.

181 616 204 632 “-
210 609 325 653 freto?

179 669 303 703 iustius,
330 666 385 705 (an
417 664 650 704 invenustz‘us?)
686 665 771 705 quod
799 665 911 695 maluit

185 716 371 750 Gronovius,
396 719 417 734 “
439 718 560 746 Vestam
578 723 669 756 atque
685 717 824 746 hiantem
841 727 908 746 ora-

183 774 205 789 “
222 768 364 799 tionem'’
393 769 544 798 habemus
566 767 650 807 apud
672 768 855 807 scriptorem
871 768 912 798 ad

182 821 395 856 Herennium,
419 820 458 850 iv,
476 823 525 850 12.
548 820 592 849 ita
609 820 736 856 dictam,
759 820 794 850 ni
808 820 910 858 fallor,

183 877 222 906 ob
251 873 394 904 latiorem
420 883 548 909 sonum;
572 872 605 901 in
632 883 729 912 quam
752 883 822 902 rem
846 883 910 902 non

373 607 423 637 Sic
439 607 620 648 legendum,
643 618 700 647 pro
719 609 848 650 vulgato
862 621 909 640 zve-

181 929 410 968 inopportunus
438 927 600 958 accesserit
631 926 828 964 Theocritus,
863 937 911 956 xv·

183 985 233 1011 88.

398 1069 590 1097 ΠΛΑΤΤΑΣ
597 1070 731 1097 ΔΟΙΣΑΙ
749 1066 880 1096 ἅπαντα.

184 1153 355 1191 Arnobius,
379 1153 434 1183 lib.
455 1153 473 1183 i.
497 1164 525 1192 p.
541 1156 591 1183 56.
616 1151 766 1188 Lucretii,
790 1158 826 1181 ut
841 1162 911 1191 pas.

181 1206 250 1241 sim,
279 1216 412 1242 memor,
435 1205 515 1234 inter
536 1204 610 1234 alias
632 1203 853 1233 vocabulorum
869 1215 910 1232 ae-

181 1256 408 1297 quivalentium
435 1255 642 1294 discrepantes
667 1255 910 1290 terminationes,

181 1309 292 1338 habet:
331 1311 353 1326 “
374 1308 447 1337 Non
470 1308 547 1336 item
565 1307 683 1347 fretus,
711 1313 742 1336 et
764 1307 911 1336 fretum.’'

184 1359 249 1391 Adi
267 1358 364 1397 Sosip.
385 1358 504 1388 Charis.
521 1369 547 1396 p.
568 1361 636 1388 105.

184 1411 295 1446 Porro,
319 1410 370 1439 hic
397 1415 442 1439 est
465 1409 542 1439 ordo
557 1410 737 1439 verborum:
766 1413 788 1427 “
806 1410 913 1440 hiare-

185 1466 208 1482 “
226 1473 297 1504 que,
332 1461 477 1501 rapidum
508 1467 641 1501 angusto
672 1461 765 1499 fretu,
804 1461 915 1491 dividit

186 1519 292 1545 “*oras
308 1514 440 1544 undis:''
464 1513 483 1543 i.
500 1524 525 1543 e.
549 1524 646 1551 mare,
670 1513 754 1554 quod
770 1513 915 1552 rapidum

184 1566 326 1602 efficitur,
360 1565 406 1594 vel
444 1565 607 1602 celeratur,
646 1564 798 1604 angustiis
832 1565 914 1602 freti,

182 1616 296 1647 fluctus
340 1616 631 1654 comprimentibus:
680 1615 749 1644 vide
787 1625 838 1645 me
876 1615 916 1645 ad

186 1669 367 1705 BIoschum,
393 1667 426 1697 ii.
457 1671 525 1698 128.
550 1667 695 1697 editionis
717 1678 806 1698 meae.
850 1668 915 1698 Lu-

184 1731 252 1751 cem
266 1719 436 1750 infundent
451 1719 524 1749 huic
546 1719 794 1758 interpretationi
810 1729 916 1749 versus

183 1772 300 1803 Avieni
319 1771 457 1812 quidam,
480 1772 545 1800 orb.
561 1770 641 1801 desc.
658 1775 729 1801 640.
753 1771 867 1812 quibus
881 1772 915 1801 in

183 1824 317 1855 transitu
332 1823 523 1853 medicinam
538 1823 700 1853 faciemus:

184 1898 248 1922 Heic
260 1898 310 1922 iter
321 1897 434 1921 infidum
447 1896 549 1928 pelagi;
568 1897 771 1928 miserandaque
782 1897 839 1921 fata

185 1938 325 1962 Involvere
336 1938 400 1966 salo,
416 1937 554 1967 fluctuque
566 1937 676 1962 hausere
688 1938 788 1967 voraci,

185 1980 262 2009 Saepe
273 1981 356 2001 rates:
375 1980 463 2008 urgent
474 1980 595 2008 angusta:
608 1984 744 2001 marmora
756 1977 856 2006 fauces,

185 2020 298 2048 Artaque
309 2017 481 2047 praecipitant
493 2023 637 2048 properum
650 2017 765 2041 confinia
776 2021 900 2048 pontum.

188 2088 295 2128 Vulgo
309 2087 435 2127 legitur,
447 2094 582 2127 surgent,
597 2093 628 2117 et
640 2090 778 2119 Arctum.
802 2089 915 2128 Neque

187 2140 308 2171 alienus
324 2144 369 2168 est
385 2138 468 2168 idem
484 2138 556 2168 ibid.
572 2141 644 2170 597.

522 2212 616 2236 eadem
628 2211 770 2236 insinuatio
781 2212 858 2243 ponti

203 2255 337 2284 Europam
349 2256 375 2277 et
388 2252 501 2283 Libyam
513 2251 600 2283 rapido
612 2251 780 2276 disterminat
792 2255 866 2276 aestu.

187 2324 348 2356 Profuerit
369 2324 463 2354 etiam
486 2324 654 2354 contulisse
670 2324 757 2364 Virg.
775 2325 849 2354 AEn.
872 2324 914 2354 iii.

185 2380 374 2407 414.-420.
398 2375 535 2405 Lucretii
548 2386 611 2405 non
629 2375 774 2413 oblitum,
791 2381 821 2405 et
837 2375 914 2406 Avi-

186 2439 246 2460 eno
260 2428 394 2459 vicissim
421 2429 630 2457 observatum:
658 2438 744 2463 nam,
768 2427 793 2457 si
808 2427 916 2457 omnia

186 2480 292 2517 velim,
309 2485 415 2509 nostro
430 2478 613 2509 illustrando
629 2478 838 2517 inservientia,
853 2480 915 2509 huc

187 2533 279 2572 plene
293 2537 513 2570 transportare,

219 2607 289 2630 Ante
302 2605 374 2630 diem
385 2605 474 2630 clauso
485 2607 633 2636 componet
646 2606 744 2636 Vesper
755 2604 881 2636 Olympo.

191 2676 428 2715 Comparandus
456 2683 504 2707 est
532 2677 627 2707 etiam
653 2677 784 2707 omnino
808 2677 915 2715 Silius,

190 2729 251 2760 xiv.
269 2732 412 2760 11.-2Ο.
435 2731 665 2772 elegantissimo
688 2731 825 2761 carmine
843 2731 915 2761 Vir-

191 2780 304 2821 gilium
320 2791 413 2810 suum
429 2783 603 2821 aemulatus‚
625 2790 656 2813 et
671 2789 822 2819 auctores,
840 2794 916 2824 quo-

192 2841 264 2862 rum
280 2831 344 2860 vim
370 2842 518 2871 magnam
542 2835 723 2873 interpretes
749 2835 788 2865 ad
812 2835 917 2865 locum

192 2883 369 2914 adhibuere.
415 2883 497 2913 Rem
523 2887 654 2916 eandem
679 2887 721 2918 sic
737 2887 836 2918 vivide
852 2888 917 2918 Lu-

194 2945 291 2965 canus
306 2935 441 2974 exhibet,
453 2946 486 2966 v.
504 2940 574 2967 254.

1015 610 1124 634 Artatus
1135 609 1226 641 rapido
1237 608 1325 633 fervet
1337 607 1389 639 qua
1400 605 1507 639 gurgite
1517 607 1623 638 pontus.

956 663 1101 702 Insuper,
1113 664 1198 702 prius
1207 663 1309 700 liceat,
1319 672 1414 702 quam
1426 661 1500 691 hinc
1511 660 1680 701 digrediar,

954 715 1039 753 turpi
1054 714 1168 744 menda
1180 713 1396 744 Catullianum
1405 723 1530 743 versum
1539 713 1682 748 liberare,

953 765 1024 796 lxiv.
1044 769 1080 797 17
1085 771 1114 798 9.

1369 846 1409 874 at,
1420 843 1526 875 gurgite
1535 843 1590 868 lato

986 883 1145 914 Discernens,
1155 884 1231 915 ponti
1239 883 1425 908 truculent-um
1437 883 1537 907 dividit
1549 890 1653 914 aequor.

957 951 1064 982 Heus!
1090 957 1134 987 tu,
1161 951 1273 982 lector!
1299 962 1380 982 anne
1409 952 1524 982 arridet
1546 954 1606 982 hoc
1628 951 1683 983 tibi

956 1003 1146 1041 sodalitium,
1163 1006 1336 1034 discernens
1351 1005 1487 1034 dividit?
1507 1004 1627 1034 Scribo:

1397 1084 1436 1110 at,
1448 1080 1554 1111 gurgite
1566 1079 1621 1104 lato

987 1124 1135 1152 Deserfflns,
1147 1121 1224 1152 ponti
1235 1121 1421 1145 truculentum
1435 1121 1530 1144 dividit
1540 1127 1651 1151 aequor:

956 1188 975 1218 i.
992 1200 1017 1219 e.
1045 1189 1127 1218 infra
1142 1199 1278 1228 serpens,
1302 1190 1358 1218 sub
1385 1188 1553 1218 montibus.
1601 1186 1683 1217 Vide

959 1242 1046 1282 Virg.
1070 1242 1127 1271 ecl.
1151 1252 1178 1272 v.
1203 1246 1252 1271 84.
1286 1241 1397 1271 Avien.
1427 1242 1490 1270 orb.
1523 1240 1602 1270 desc.
1633 1241 1685 1269 57.

956 1296 1054 1325 Error
1070 1295 1149 1324 forte
1165 1304 1205 1323 an
1221 1294 1259 1323 sit
1274 1304 1311 1323 ex
1330 1293 1510 1322 recitatione
1522 1292 1687 1322 derivatus.

959 1348 1128 1384 Caeterum,
1154 1346 1297 1384 repetitio
1325 1345 1472 1375 dictionis
1497 1346 1598 1380 undis,
1630 1353 1687 1382 pro

958 1398 1018 1439 qua
1034 1401 1110 1428 udas
1127 1404 1171 1427 est
1187 1398 1220 1426 in
1236 1407 1334 1437 marg.
1363 1396 1403 1426 O.
1424 1395 1568 1425 similiter
1582 1395 1622 1425 ad
1649 1394 1685 1424 fi-

958 1460 1032 1479 nem
1042 1448 1146 1478 versus
1155 1449 1285 1488 hujusce
1295 1454 1386 1488 atque
1398 1447 1493 1477 finem
1509 1446 1686 1486 praeceden-

959 1502 1009 1538 tis,
1026 1502 1226 1530 vehementer
1242 1500 1394 1538 displicet,
1411 1505 1441 1529 et
1456 1498 1687 1538 depravationis

959 1553 1167 1592 suspicionem
1183 1552 1252 1582 ciet.
1296 1551 1397 1592 Lego:

975 1632 1150 1663 Angustoque
1161 1629 1233 1655 fretu
1245 1629 1378 1660 rapidum,
1388 1636 1462 1653 mare
1473 1628 1569 1653 dividit
1577 1628 1685 1653 ulnis—.
1736 1624 1742 1627 ⁷*

962 1708 1012 1738 Sic
1025 1707 1192 1746 Euripides
1209 1712 1400 1737 ni-:AArIAi
1418 1710 1602 1742 AI'KAAAI,
1616 1704 1687 1735 He-

960 1759 1020 1790 len.
1056 1763 1145 1790 1068.
1180 1762 1270 1789 1452.
1294 1764 1324 1787 et
1354 1757 1492 1797 apposite
1523 1756 1623 1796 magis
1652 1755 1686 1785 in

961 1812 1083 1850 Oreste,
1098 1814 1171 1842 578.

1115 1895 1137 1918 H
1151 1903 1242 1923 ποντον,
1256 1894 1369 1920 flamm
1381 1891 1404 1918 ἐν

1113 1943 1291 1975 Ταυροκρανος
1309 1939 1492 1965 ΑΓΚΑΛΑΙΣ

1109 1989 1230 2014 ‘Damam
1242 1993 1330 2014 κυκλω
1342 1987 1433 2021 χθονοις

958 2064 1027 2098 post
1065 2058 1207 2097 AEschyli
1244 2063 1407 2088 noNT1A1
1431 2063 1616 2094 AI'KAAAI,
1654 2056 1689 2087 in

963 2111 1102 2149 Cho‘eph.
1121 2113 1192 2140 558.
1218 2109 1307 2138 Hinc
1325 2114 1433 2147 sponte
1449 2108 1688 2138 emendaveram

962 2161 1171 2198 Priscianum,
1195 2160 1309 2199 perieg.
1334 2163 1405 2190 555.
1429 2160 1552 2189 nescius
1568 2159 1688 2189 Wassi-

961 2224 1017 2243 um
1044 2219 1074 2242 et
1100 2212 1307 2242 Schrader-um
1329 2211 1362 2240 in
1385 2210 1518 2240 eandem
1541 2210 1687 2241 emenda-

962 2265 1081 2295 tionem
1097 2263 1289 2294 verissimam
1306 2262 1464 2292 incidisse:

991 2346 1038 2370 Hic
1051 2345 1101 2369 tibi
1111 2344 1290 2374 Parthenopes
1302 2342 1398 2366 domus
1410 2345 1448 2367 est
1460 2341 1615 2371 castissima,
1632 2341 1688 2366 fru-

1082 2391 1147 2415 gum

991 2426 1104 2452 Fertilis:
1122 2425 1192 2449 hanc
1206 2427 1301 2448 Pontus
1312 2423 1422 2456 propriis
1434 2428 1579 2456 exceperat
1591 2424 1668 2450 ulnis.

961 2493 1081 2533 Vulgo,
1097 2493 1190 2522 undis
1198 2505 1207 2521 .·
1227 2490 1494 2531 quemadmodum
1507 2490 1688 2521 suavissime

959 2544 1071 2575 cecinit
1089 2542 1254 2580 Manilius,
1270 2542 1310 2571 iv.
1329 2545 1400 2573 594.

984 2624 1048 2653 'ipsa
1059 2625 1135 2645 natat
1147 2620 1235 2649 tellus,
1247 2619 1335 2651 pelagi
1346 2619 1457 2643 lustrata
1467 2618 1577 2647 corona,

991 2661 1128 2693 Cingentis
1140 2660 1261 2685 medium
1274 2658 1375 2691 liquidis
1386 2658 1544 2690 amplexibus
1555 2658 1657 2682 orbem.

1006 2729 1078 2758 Ver.
1094 2732 1164 2759 722.
1182 2729 1312 2758 AEolz'ae:
1335 2727 1374 2756 G.
1387 2726 1422 2756 L.
1440 2725 1487 2754 Μ.
1501 2729 1535 2755 Σ.
1551 2726 1684 2761 Haelz'ae;

956 2779 1046 2811 unde
1077 2785 1158 2809 recte
1189 2784 1327 2808 nostram
1357 2776 1524 2806 lectionem
1549 2775 1686 2806 ‘editores

963 2832 1119 2861 effinxere.
1166 2829 1291 2869 Reliqui
1307 2828 1388 2864 libri,
1404 2828 1520 2863 Italiae,
1536 2837 1574 2856 ex
1589 2826 1686 2856 inter-

962 2883 1145 2922 pretatione,
1161 2892 1200 2911 ne
1218 2879 1357 2910 Siciliam
1372 2878 1468 2907 lector
1482 2877 1683 2917 intelligeret:

962 2946 1036 2967 cum
1051 2935 1136 2965 enim
1152 2931 1342 2972 temporibus
1356 2929 1492 2970 antiquis
1513 2935 1578 2960 tota
1600 2929 1687 2971 regio

944 2999 966 3025 5
