1894 3253
215 265 309 304 228

715 253 776 299 T.
830 251 1211 299 LUCRETII

358 388 414 430 Et
427 388 513 441 jam
534 391 698 433 caetera,
719 382 925 424 mortaleis
946 398 1039 438 quae
1060 382 1203 424 suadet
1223 384 1351 434 adire,

356 463 533 516 Ipsaque
552 458 734 508 deducit,
756 457 844 498 dux
863 457 973 507 vitae,
1000 457 1069 497 dja
1090 457 1308 513 Voluptas,

358 535 420 577 Ut
439 549 502 575 res
522 548 597 588 per
617 532 791 573 Veneris
810 532 1028 572 blanditim
1050 532 1155 573 secla
1174 542 1423 589 propagent,

356 608 422 651 Ne
442 623 572 665 genus
592 606 758 648 obcidat
778 606 1026 647 humanum:
1059 621 1236 662 quorum
1258 609 1399 649 onmia
1419 610 1559 651 caussa

247 688 322 727 17:
348 683 627 725 :Constituisse
646 681 744 723 deos
765 697 891 737 quom
913 682 1077 738 fingunt
1099 682 1291 724 omnibus
1313 684 1449 734 rebus,

359 757 521 815 Magno
541 771 666 812 opere
686 774 709 798 a
729 756 824 798 vera
845 756 969 798 labsei
990 758 1151 799 ratione
1172 757 1379 800 videntur.

213 918 284 948 Nec
290 916 372 956 jam,
388 910 505 955 majore
521 923 594 944 eum
609 913 751 952 audacia,
768 914 882 950 dicam,
899 925 940 944 an

212 967 344 1005 inscitia,
371 973 480 997 contra
504 976 613 996 omnes
635 965 748 997 libros?
776 967 824 996 M.
850 967 943 996 habet

213 1035 245 1052 rra
264 1031 330 1060 quae
346 1019 427 1049 male
443 1018 664 1057 transpositum
680 1025 750 1057 post
754 1018 835 1058 jam.

257 1072 330 1102 Ver.
357 1075 428 1102 172.
451 1072 590 1101 deducit:
621 1070 661 1100 G.
686 1072 940 1102 (ἰώμεθα-ἀίω

214 1131 254 1155 11.
278 1126 345 1161 ina,
368 1122 456 1163 quasi
470 1121 573 1162 glossa
588 1121 621 1152 in
636 1127 758 1152 textum
774 1122 887 1153 mutila
901 1123 943 1153 ir-

211 1176 362 1216 repsisset,
378 1184 436 1214 pro
450 1176 566 1205 divina.

257 1227 337 1257 Ibid.
353 1228 416 1257 dia.
434 1225 598 1266 Virgilius,
615 1226 690 1255 AEn.
705 1225 745 1255 xi.
762 1228 835 1256 657.
853 1230 875 1244 ‘⁶
887 1229 940 1257 clia

212 1283 235 1298 ‘⁶
251 1277 423 1309 Camilla:''
439 1277 613 1314 Ausonius,
628 1276 835 1307 Mosell.374.
853 1281 874 1296 “
887 1281 940 1308 dia

212 1335 235 1351 ‘⁶
254 1329 428 1361 Mosella:'’
453 1328 578 1358 Ennius
593 1328 627 1357 in
639 1327 834 1368 fragmentis,
853 1332 875 1347 “
886 1332 938 1360 dia

212 1388 235 1403 “
251 1381 415 1419 dearum,”
440 1386 471 1410 et
495 1384 517 1398 ‘⁴
533 1382 587 1411 dia
607 1380 742 1419 nepos:’'
766 1380 852 1410 unde
871 1382 938 1411 An-

211 1435 286 1466 thol.
311 1435 381 1464 Lat.
406 1433 445 1462 iv.
466 1435 512 1462 15.
529 1435 579 1462 51.
604 1436 624 1450 “
640 1433 704 1462 Die
729 1434 860 1471 nepos:''
884 1443 941 1463 nec

211 1488 332 1525 dubito,
348 1486 425 1527 quin
440 1485 525 1525 leges
540 1485 684 1515 metricas
698 1486 873 1524 perruperit
883 1486 942 1516 ibi-

212 1541 285 1572 dem
301 1538 468 1569 neniarum
484 1537 623 1576 scriptor,
640 1540 713 1566 544.
731 1541 760 1567 6.

275 1609 308 1632 Et
319 1607 397 1630 libros
409 1605 472 1637 legi,
482 1604 536 1636 legi
546 1604 590 1628 dia
601 1603 721 1629 carmina
738 1604 864 1629 Homeri:

212 1668 266 1700 sed
281 1667 320 1697 de
334 1668 394 1697 hoc
409 1666 474 1706 ipse
489 1665 610 1695 viderit.
658 1664 776 1705 Vulgo,
788 1667 856 1704 pia.

256 1719 338 1750 Ibid.
362 1721 423 1749 dux
454 1720 524 1749 vitoe
558 1719 708 1756 Voluptas.
756 1716 876 1752 Cicero,
903 1716 942 1747 de

210 1774 288 1804 finn.
304 1772 325 1802 i.
342 1774 437 1803 9.-“
453 1776 630 1801 extremum
656 1775 686 1799 et
709 1768 860 1798 ultimum
886 1769 940 1798 bo-

212 1829 233 1844 ⁸‘
250 1822 566 1861 norum—Epicurus
595 1821 627 1850 in
658 1822 808 1860 voluptate
834 1821 937 1859 ponit:

212 1880 236 1895 ⁴⁶
248 1884 473 1914 summumque
489 1873 622 1910 malum,
633 1872 666 1901 in
676 1871 812 1902 dolore.''

256 1928 330 1958 Ver.
350 1929 418 1958 173.
449 1929 504 1957 Ue.-
533 1927 569 1956 P.
588 1925 627 1955 V.
644 1925 690 1956 ed.
717 1925 756 1955 O.
782 1930 816 1957 Σ.
843 1927 939 1956 Et.—

211 1982 384 2015 blandum,
410 1978 506 2008 Vind.
530 1982 566 2008 Δ.
596 1983 627 2007 et
649 1976 797 2007 Lambini
820 1976 942 2016 conjec-

213 2038 300 2068 tura;
325 2031 362 2060 P.
378 2030 419 2060 V.
435 2029 482 2059 ed.
499 2030 536 2060 Β.
555 2029 594 2059 O.
621 2035 660 2058 Π.
686 2034 720 2059 Σ.
749 2035 794 2059 Ω.
821 2030 942 2059 blandi-

214 2090 294 2119 tum;
322 2082 364 2112 G.
391 2081 429 2111 L.
458 2081 505 2110 M.
531 2082 708 2116 blanditum
732 2079 819 2120 quasi
846 2080 942 2110 inter-

212 2133 422 2175 pretationem
442 2130 610 2168 voluerint,
635 2132 787 2161 blanditer
810 2130 944 2169 scilicet3

215 2186 301 2227 quod
329 2183 517 2215 vocabulum
547 2183 618 2222 plus
649 2182 744 2213 semel
774 2182 890 2224 legitur
912 2183 946 2213 in

214 2239 572 2277 Planta—propagent.-
601 2241 642 2266 n.
659 2241 818 2275 propaget.

259 2289 343 2320 Ibid.
366 2299 414 2319 res
449 2289 587 2318 Veneris:
614 2285 663 2316 vel
689 2286 774 2327 quod
792 2285 865 2317 alibi
881 2287 945 2317 loca

215 2341 405 2379 vocitaverit,
415 2346 452 2371 ut
462 2339 568 2371 nescio
578 2339 647 2381 quis
657 2339 745 2379 apud
753 2339 945 2378 Aruobium,

214 2395 266 2426 lib.
283 2405 310 2425 v.
326 2405 355 2434 p.
374 2395 445 2425 175.

277 2461 436 2494 objecitque
446 2459 528 2486 oculis
537 2459 667 2485 formatas
677 2458 830 2491 inguinibus
839 2466 890 2484 res:

214 2520 264 2551 vel
279 2518 462 2559 modestius,
485 2524 521 2548 ut
539 2517 569 2548 S.
586 2517 717 2556 Paulus,
748 2521 761 2547 1
781 2517 890 2547 Thess.
907 2516 944 2547 iv.

217 2576 246 2603 6.
271 2585 295 2603 εν
325 2584 367 2611 τῳ
392 2575 610 2601 ΠΡΑΓΜΑΤΙι
634 2579 730 2610 quam
754 2568 946 2599 locutionem

216 2635 275 2654 nos
289 2623 513 2654 illustravimus
527 2622 561 2653 in
578 2621 650 2652 Silv.
669 2621 744 2652 Crit.
761 2626 833 2651 sect.
849 2620 901 2651 xli.
917 2626 947 2650 et

219 2680 295 2705 tom.
311 2685 338 2705 v.
353 2685 382 2714 p.
400 2677 470 2705 157.

266 2726 346 2756 Ibid.
384 2727 555 2757 blanditim.

218 2786 287 2818 geo.
302 2776 344 2806 iii.
364 2780 435 2808 127.

615 2724 704 2756 Hinc
736 2724 945 2762 Mantuanus,

385 2850 418 2869 ne
429 2843 521 2869 blando
533 2847 650 2876 nequeat
660 2850 739 2876 super
750 2849 805 2869 esse
815 2841 907 2868 labori:

222 2902 261 2933 ‹le
286 2901 334 2932 his
357 2901 432 2942 ipsis
457 2903 548 2933 rebus
575 2902 718 2940 Veneris,
741 2913 821 2944 quas
843 2908 949 2934 noster

220 2961 382 2988 memorat.

1031 915 1103 945 Ver.
1123 918 1192 946 174.
1218 917 1285 945 Ne.-
1304 915 1402 945 vind.
1420 917 1504 952 ,Νεα-
1521 916 1606 947 haud
1621 917 1713 947 male.

1030 967 1110 997 Ibid.
1144 979 1241 1006 genus
1278 969 1396 998 obeidczt
1432 970 1609 999 humanum.
1664 969 1715 999 Ita

989 1019 1092 1055 Maro,
1109 1018 1164 1048 ecl.
1180 1019 1219 1048 iv.
1237 1022 1286 1048 24.

1049 1097 1148 1122 occidet
1157 1100 1185 1122 et
1195 1103 1311 1128 serpens,
1322 1101 1349 1122 et
1360 1096 1445 1121 fallax
1454 1096 1536 1122 herba
1547 1098 1645 1122 veneni

1049 1137 1160 1162 Occidet:

987 1195 1006 1226 i.
1023 1206 1048 1226 e.
1071 1196 1293 1226 interibit—ad
1309 1195 1388 1225 nihil
1403 1195 1515 1225 veniet.
1550 1195 1714 1225 Ethuma-

986 1259 1058 1277 uum
1082 1254 1182 1286 potest
1205 1248 1302 1286 accipi
1329 1258 1385 1286 pro
1410 1250 1625 1285 humanorum,
1651 1247 1671 1277 i.
1688 1257 1720 1277 e.

985 1299 1164 1336 hominum,
1187 1305 1223 1328 ut
1237 1299 1280 1329 iii.
1296 1304 1346 1330 80.
1370 1299 1423 1329 sed
1439 1305 1562 1338 praestat
1577 1299 1714 1339 vulgari-

985 1356 1031 1380 ter
1044 1350 1250 1388 intellectum,
1262 1356 1299 1380 ut
1309 1363 1342 1380 ero
1353 1362 1478 1390 quorum
1497 1350 1639 1388 respiciat
1653 1348 1717 1388 pri-

984 1401 1130 1432 mitivum
1145 1403 1290 1439 homines,
1317 1401 1486 1440 possessivo
1508 1401 1715 1440 comprehen-

987 1464 1068 1491 sum,
1081 1465 1153 1483 cum
1170 1454 1339 1484 Lambino:
1360 1453 1399 1484 de
1411 1453 1473 1493 qua
1485 1453 1638 1483 sermonis
1653 1452 1717 1483 for-

987 1505 1076 1535 mula
1091 1505 1310 1544 ampliavimus
1325 1505 1364 1534 ad
1379 1505 1398 1535 i.
1413 1509 1486 1536 553.
1524 1504 1665 1535 Accedat
1680 1515 1719 1534 ex

988 1556 1177 1587 Philostrato
1207 1555 1386 1595 exemplum
1411 1561 1634 1594 opportunum,
1665 1554 1720 1586 vit.

989 1608 1094 1648 Apoll.
1120 1609 1159 1640 T.
1180 1620 1205 1639 V.
1223 1612 1273 1639 28.
1295 1610 1330 1639 ‘H
1354 1622 1404 1648 μεν
1430 1606 1463 1641 δη
1490 1614 1641 1647 Αιγυπτος
1667 1606 1721 1638 ὦδε

988 1674 1119 1701 anagn,
1135 1665 1414 1691 ΑΠΕΙΡΗΚΟΤΕΣ
1434 1659 1483 1692 ἢδη
1500 1659 1530 1689 δι’
1549 1661 1568 1689 οἱ
1597 1660 1718 1699 §megar-

964 1730 969 1733 -
987 1726 1036 1743 τοι
1062 1718 1093 1742 et
1108 1722 1145 1741 ex
1162 1711 1334 1750 Euripiden
1349 1711 1604 1749 Bellerophonte,
1629 1709 1715 1749 apud

985 1763 1067 1794 Just.
1087 1764 1182 1793 Mart.
1197 1763 1237 1793 de
1252 1763 1410 1793 monarch.
1426 1773 1455 1801 p.
1476 1765 1544 1792 108.
1558 1761 1605 1791 ed.
1619 1761 1694 1791 Par.

1268 1842 1329 1876 φημ’
1341 1852 1388 1873 εγω
1399 1842 1613 1867 TYPANNIAA

1025 1895 1126 1917 Κτωω
1138 1900 1164 1917 τε
1181 1896 1286 1918 eram-⁸3,
1302 1901 1442 1923 κτηματων
1458 1889 1480 1915 τ’
1492 1898 1641 1923 αποστερειν,

1023 1942 1118 1976 Ὀρκες
1130 1950 1156 1966 τε
1171 1940 1480 1965 ΠΑΡΑΒΔΙΝΟΝΤΑΣ
1494 1938 1609 1973 Ξκπορθειν
1619 1943 1707 1967 tul-515.

1031 2012 1113 2043 Ibid.
1137 2024 1263 2053 quorum
1280 2011 1498 2043 caussa—Ad
1513 2020 1581 2040 rem
1596 2011 1722 2047 Cicero.

987 2063 1026 2094 de
1040 2070 1102 2093 nat.
1120 2063 1203 2094 deor.
1219 2063 1250 2093 ii.
1268 2066 1318 2094 53.
1337 2067 1358 2081 “
1373 2065 1506 2097 Quorum
1521 2061 1618 2102 igitur
1633 2073 1722 2093 caus-

991 2118 1012 2133 “
1027 2114 1060 2145 sci
1077 2114 1147 2154 quis
1162 2115 1275 2145 dixerit
1290 2115 1437 2144 effectum
1453 2123 1518 2143 esse
1544 2113 1721 2146 mundum?

991 2169 1012 2184 “
1028 2165 1151 2195 Eorum
1162 2165 1277 2195 scilieet
1289 2165 1511 2201 animantium,
1523 2174 1593 2204 quae
1602 2164 1722 2195 ratione

991 2219 1014 2234 “
1030 2222 1175 2246 utuntur.
1223 2216 1272 2246 Hi
1288 2222 1362 2245 sunt
1377 2215 1434 2246 Dii
1450 2221 1481 2245 et
1495 2217 1640 2251 homines,
1652 2216 1722 2256 qui·

991 2270 1013 2285 “
1028 2268 1088 2298 bus
1102 2267 1242 2306 profecto
1257 2266 1337 2296 nihil
1352 2273 1398 2296 est
1421 2266 1549 2304 melius;
1573 2267 1653 2297 ratio
1678 2273 1724 2298 est

992 2322 1012 2337 “
1030 2319 1126 2354 enim,
1142 2329 1211 2358 quae
1227 2324 1352 2357 praestat
1370 2318 1530 2348 omnibus:
1550 2317 1594 2347 ita
1608 2318 1644 2347 fit
1659 2328 1724 2349 cre-

991 2375 1013 2390 “
1030 2371 1137 2405 dibile,
1154 2371 1299 2401 Deorum
1315 2376 1346 2400 et
1360 2373 1518 2401 hominum
1534 2369 1643 2400 caussa
1658 2370 1721 2401 fac-

991 2426 1014 2442 “
1030 2429 1100 2453 tum
1115 2434 1181 2453 esse
1196 2423 1368 2461 mundum,
1379 2433 1512 2463 quaeque
1527 2422 1561 2453 in
1577 2433 1614 2453 eo
1629 2433 1723 2453 mun-

990 2478 1012 2493 “
1029 2475 1069 2505 do
1086 2475 1150 2504 sint
1163 2473 1298 2505 omnia.’‘

1033 2528 1108 2557 Ver.
1132 2530 1201 2558 175.
1224 2528 1474 2569 quomflngzmt:
1502 2525 1546 2556 sic
1565 2526 1604 2556 G.
1620 2525 1657 2555 L.
1673 2525 1722 2555 M.

990 2578 1043 2609 sed
1059 2579 1099 2609 P.
1116 2577 1215 2608 vind.
1233 2577 1273 2608 V.
1285 2578 1333 2608 ed.
1352 2578 1390 2608 Ο.
1405 2584 1445 2608 Π.
1458 2582 1493 2608 Σ.
1507 2583 1552 2607 Ω.
1569 2585 1623 2615 per
1633 2576 1721 2605 aber-

990 2633 1146 2663 rationem
1161 2630 1442 2662 familiarissimam
1455 2629 1601 2660 manibus
1610 2627 1722 2657 exscri-

992 2684 1149 2722 bendum,
1161 2695 1213 2714 con
1209 2685 1362 2725 fingunt:
1382 2681 1452 2711 vide
1461 2690 1564 2719 supra,
1580 2688 1640 2708 ver.
1655 2681 1725 2709 155.

991 2740 1026 2766 Δ.
1053 2736 1222 2776 configunt.
1268 2733 1422 2769 Editores,
1447 2741 1520 2761 cum
1549 2729 1722 2760 temeritate

991 2798 1156 2828 nunquam
1182 2787 1255 2817 satis
1280 2781 1495 2825 improbanda,
1525 2782 1568 2812 sic
1597 2791 1720 2813 versum

991 2841 1030 2873 de
1045 2851 1102 2872 suo
1116 2839 1296 2881 vulgavere:

1024 2911 1200 2939 Constituisse
1211 2909 1274 2935 deos
1295 2907 1414 2941 fingunt3
1433 2906 1474 2932 sm!
1493 2905 1519 2931 ιή
1540 2906 1663 2932 (ιῑῃηῑὴυπ
1683 2910 1725 2931 re·

1147 2951 1235 2975 bus-.
