1894 3253
543 240 773 290 LIBER

831 236 1245 288 SECUNDUS

296 373 385 415 Nec
406 381 664 415 remorantur
683 373 778 414 ibei:
811 373 866 413 sic
886 387 1023 413 rerum
1044 386 1204 413 summa
1223 376 1396 411 novatur

213 453 266 488 75
301 450 485 504 Semper,
508 457 548 490 et
568 450 674 490 inter
694 463 736 489 se
755 447 944 488 mortales
965 456 1107 488 mutua
1126 447 1281 487 vivunt:

297 524 538 580 Augescunt
557 523 647 564 aliae
667 530 822 578 genteS,
845 520 935 561 aliae
954 521 1216 569 minuuntur5

298 597 429 652 Inque
449 598 561 638 brevi
581 597 712 651 spatio
732 603 944 636 mutantur
964 595 1068 635 secla
1087 595 1359 644 animantum,

300 670 370 720 Et,
393 670 507 725 quasi
528 684 726 718 cursores,
748 669 848 709 vitai'
866 667 1055 722 lampada
1074 667 1255 709 tradunt.

361 744 404 785 Si
426 757 580 783 cessare
599 750 719 797 putas
739 755 876 782 rerum
897 741 1126 796 primordia
1144 756 1277 796 posse,

215 824 269 858 80
302 817 594 872 Cessandoque
614 831 742 857 novos
763 830 901 856 rerum
921 816 1169 872 progignere
1188 824 1344 865 motus3

300 892 429 932 Avius
448 906 474 931 a
494 890 589 930 verit
609 889 731 946 longe
752 890 910 930 ratione
931 890 1102 946 vagaris.

296 965 421 1016 Nam,
444 964 639 1021 quoniam
660 979 734 1018 per
753 964 876 1004 inane
895 971 1110 1019 vagantur,
1134 972 1282 1005 cuncta
1300 978 1461 1006 necesse
1481 974 1539 1007 est

158 1122 344 1153 Lucretium
354 1127 385 1151 et
397 1120 575 1151 Arnobium
585 1121 669 1161 quivi
679 1121 827 1160 reperire:
841 1121 887 1151 vi-

156 1174 230 1205 deas
246 1180 361 1209 tamen,
374 1183 444 1213 quae
459 1173 622 1202 attulimus
637 1172 677 1202 ad
692 1173 711 1203 i.
728 1176 801 1204 455.

199 1228 274 1257 Ver.
292 1229 339 1257 75.
362 1228 425 1257 Illa
448 1236 610 1262 senescere,
634 1227 698 1255 haec
713 1227 886 1265 florescere.

158 1277 294 1308 Pulchre
310 1277 404 1306 etiam
421 1276 562 1306 Velleius
577 1275 772 1312 paterculus,
785 1275 815 1305 ii.
832 1279 880 1305 ll.

156 1332 254 1358 5.-“
269 1334 305 1358 ut
329 1333 484 1366 appareat,
511 1325 778 1367 quemadmodum
800 1326 885 1355 urbi-

160 1382 182 1397 “
200 1389 268 1416 um,
280 1378 559 1418 imperiorumque,
574 1377 617 1407 ita
631 1378 786 1417 gentium,
802 1387 887 1407 nunc

158 1431 302 1471 “florere
318 1429 491 1465 fortunam,
516 1438 602 1458 nunc
616 1439 778 1465 senescere,
802 1438 888 1457 nunc

158 1484 180 1499 “
195 1480 338 1510 interire:
348 1479 367 1491 ‘'
391 1490 446 1518 per
470 1479 707 1509 translationem
723 1479 839 1509 scilicet
853 1489 891 1509 ex

153 1534 284 1573 plantis,
302 1531 347 1562 vel
365 1533 537 1567 arboribus;
556 1541 632 1571 quas
648 1531 771 1561 Plinius
785 1531 888 1570 saepis-

156 1584 235 1614 sime
255 1583 330 1614 dicit
344 1594 506 1614 senescere.

200 1636 275 1665 Ver.
301 1638 349 1666 74.
381 1636 458 1665 ibet:
494 1641 535 1664 Π.
566 1636 820 1665 ubi.—novatur.·
848 1641 890 1665 n.

161 1697 320 1721 novamus;
348 1686 384 1716 L.
402 1691 569 1716 novantur:
598 1695 662 1715 non
678 1687 783 1723 probo.

203 1736 284 1767 Ibid.
315 1748 417 1768 reram
444 1747 571 1767 summa.
616 1736 783 1776 Virgilius,
816 1737 891 1767 AEn.
907 1755 912 1765 ,

163 1799 193 1820 x.
212 1792 261 1820 70.

179 1849 249 1872 Num
258 1854 342 1879 puero
354 1853 479 1871 summam
490 1846 557 1876 belli,
568 1853 634 1871 num
646 1846 754 1871 credere
766 1848 873 1871 muros?

204 1897 281 1926 Ver.
310 1900 361 1927 75.
384 1902 510 1926 mutua:
536 1896 555 1925 i.
583 1906 608 1925 e.
632 1906 687 1934 per
714 1896 892 1935 vices—per

167 1949 375 1980 successiones
385 1967 428 1972 —
436 1950 589 1988 αμοιέαιως
599 1967 642 1972 -
654 1951 799 1987 εναλλαξ.’
826 1960 891 1979 ver-

166 2012 238 2032 sum
255 2002 455 2031 Homereum
469 2011 535 2030 uno
556 2000 705 2030 vocabulo
727 2000 815 2040 quasi
841 2011 892 2030 co-

163 2058 349 2093 aggeratum
365 2051 471 2082 volens
486 2052 641 2089 exhibere,
666 2051 699 2081 in
717 2051 754 2082 11.
774 2058 804 2082 Z.
822 2055 891 2083 149.

164 2110 369 2144 prostantem:

221 2176 271 2204 Ὠς
282 2175 372 2210 ανδρων
384 2184 459 2207 γενεῇ,
472 2175 486 2203 ἡ
496 2184 540 2208 μεν
552 2182 610 2207 eva,
624 2175 637 2203 ἦ
653 2174 675 2200 δ’
686 2180 814 2206 αετολκγει.

169 2237 263 2268 Adsit
277 2238 372 2268 etiam
388 2237 552 2278 Virgilius,
571 2238 648 2268 AEn.
663 2238 712 2268 vii.
730 2242 779 2269 66.

484 2304 593 2335 pedibus
604 2311 652 2335 per
663 2308 754 2328 mutua
766 2304 854 2329 nexis.

174 2351 282 2386 Porro,
297 2361 353 2389 pro
368 2358 395 2381 et
412 2354 491 2382 inter
505 2363 547 2390 se,
566 2358 606 2382 Π.
622 2355 691 2382 item
708 2364 785 2383 sese:
813 2352 898 2382 unde

175 2402 252 2431 nihil
269 2402 486 2441 exsculpimus.

216 2453 290 2483 Ver.
309 2457 357 2483 77.
379 2456 456 2484 secla
478 2457 681 2485 animantum.
727 2455 898 2493 Arnobius,

173 2506 225 2534 lib.
246 2505 295 2534 vii.
311 2515 340 2543 p.
366 2508 502 2534 250.—“
519 2504 581 2544 qua
604 2504 734 2544 dejicere
751 2505 846 2543 cibos,
869 2513 900 2536 et

176 2559 196 2573 “
212 2555 336 2592 referre,
363 2561 475 2584 natura
501 2560 547 2584 est
561 2558 800 2587 ruminatoribus
816 2568 900 2588 secu-

177 2610 199 2624 “
214 2606 283 2635 lis.’'

219 2657 292 2687 Ver.
312 2659 359 2687 78.
382 2658 525 2686 tradant:
552 2656 593 2686 V.
610 2656 657 2686 ed.
683 2659 904 2688 traduntur.—

176 2709 228 2739 De
243 2710 300 2739 hac
317 2714 422 2739 autem
448 2707 674 2750 λαμπαδηφοριᾳ
701 2710 902 2739 Atheniensi-

179 2770 245 2797 um,
283 2769 379 2800 quam
406 2759 593 2799 praestringit
621 2761 723 2798 poeta,
760 2761 902 2790 consulas

180 2811 314 2841 Pausan.
341 2811 374 2841 in
403 2812 468 2841 Att.
485 2815 535 2841 55.
581 2811 700 2841 Herod.
729 2811 825 2842 Uran.
851 2817 901 2844 98.

180 2860 343 2891 Potterum
366 2862 407 2893 ad
432 2863 569 2902 Lycoph.
588 2865 658 2893 734.
682 2862 761 2893 Plat.
790 2862 828 2893 de
854 2873 901 2893 re-

178 2912 254 2949 pub.
271 2912 290 2942 i.
305 2913 372 2945 init.
396 2914 522 2945 Arrian.
539 2913 649 2953 exped.
677 2913 770 2944 Alex.
785 2913 827 2945 iii.
853 2918 901 2946 16.

933 1126 962 1151 et
977 1121 1053 1151 alios
1067 1122 1146 1151 bene
1168 1121 1297 1151 multos:
1324 1122 1428 1152 videas
1451 1122 1545 1152 etiam
1571 1122 1654 1152 Pers.

931 1178 985 1202 sat.
997 1173 1036 1202 vi.
1049 1176 1098 1202 61.
1115 1179 1146 1202 et
1157 1179 1214 1202 vet.
1230 1173 1323 1203 schol.
1336 1173 1460 1203 ibidem.
1507 1173 1594 1203 Hinc
1606 1175 1654 1204 in-

932 1230 1016 1253 terea
1029 1224 1157 1262 patebit,
1173 1224 1302 1263 hujusce
1329 1223 1587 1266 λαμπαδπδρομιως
1603 1235 1657 1255 va-

931 1275 977 1305 ria
992 1285 1107 1315 genera
1121 1275 1284 1313 exstitisse,
1308 1285 1408 1316 neque
1423 1282 1562 1306 auctores
1577 1277 1657 1306 inter

930 1337 963 1356 se
977 1336 1102 1365 prorsus
1113 1327 1294 1357 consentire.
1339 1327 1420 1363 Quae
1436 1333 1539 1357 narrat
1556 1327 1655 1357 Persii

932 1377 1119 1413 scholiastes,
1135 1383 1166 1407 et
1180 1384 1268 1407 vetus
1282 1384 1518 1414 commentator,
1536 1379 1658 1409 Havet-

935 1440 1044 1470 campo
1062 1437 1265 1469 memoratus,
1292 1431 1431 1461 Lucretii
1454 1438 1593 1463 mentem
1613 1432 1659 1461 vi-

934 1481 1048 1511 dentur
1062 1481 1203 1520 proxime
1218 1482 1388 1522 attingere:
1414 1483 1464 1512 hic
1488 1483 1585 1524 igitur
1607 1493 1660 1513 ex-

935 1533 1091 1563 scribetur.
1137 1536 1158 1551 “
1174 1534 1290 1563 Pulcra
1301 1534 1472 1564 translatio.
1513 1536 1662 1565 Cursores

936 1587 958 1602 “
973 1590 1127 1613 nocturno
1142 1589 1282 1623 tempore
1297 1584 1356 1614 sibi
1382 1585 1516 1614 invicem
1540 1585 1660 1622 lumen,

935 1639 956 1653 “
973 1646 1070 1665 cornu
1100 1635 1270 1672 inclusum,
1303 1636 1439 1666 tradunt.
1500 1636 1573 1666 Mos
1606 1642 1664 1672 est,

936 1689 957 1704 “
974 1696 1047 1716 cum
1062 1696 1157 1725 prope
1172 1686 1376 1716 diversorium
1388 1697 1498 1716 venere
1510 1697 1661 1726 cursores,

937 1741 959 1765 “.
976 1738 1103 1778 siguum
1127 1738 1237 1774 facere,
1268 1745 1303 1768 ut
1327 1738 1401 1768 socii
1432 1745 1542 1777 praesto
1564 1741 1663 1778 parati

936 1792 958 1806 “
975 1789 1051 1825 sint;
1074 1789 1128 1828 qui
1144 1788 1296 1818 laternam
1310 1791 1480 1828 accipiunt,
1496 1796 1527 1820 et
1541 1790 1600 1820 iter
1613 1801 1662 1820 ar-

936 1842 958 1857 “
974 1840 1106 1878 ripiunt.
1154 1840 1204 1869 Sic
1227 1840 1359 1870 traditur
1387 1851 1441 1879 per
1463 1852 1576 1872 manus
1603 1843 1665 1872 vita

938 1894 960 1908 “
976 1891 1206 1921 animantum.”
1251 1891 1347 1932 Lege,
1362 1894 1525 1932 excipiunt.

981 1945 1055 1975 Ver.
1074 1949 1122 1977 79.
1147 1948 1180 1976 Si
1194 1957 1317 1976 cessare.
1362 1946 1460 1986 Lege:
1489 1951 1511 1965 ‘⁶
1528 1949 1582 1978 Sin
1598 1957 1663 1978 ces-

938 2000 959 2015 “
975 1998 1066 2027 sare.''

1437 2050 1664 2082 BENTLmus.

942 2108 1030 2138 Bene
1045 2118 1132 2145 sane;
1156 2114 1186 2138 et
1202 2108 1363 2147 amplexus
1378 2119 1489 2147 essem,
1514 2109 1594 2140 libro
1618 2111 1666 2141 vel

941 2169 1007 2188 uno
1034 2159 1105 2189 MS.
1132 2158 1308 2196 addicente3
1331 2159 1421 2190 aliter
1446 2171 1510 2190 non
1537 2162 1666 2193 omniuo

939 2220 987 2239 res
1003 2210 1096 2249 cogit,
1118 2216 1173 2240 aut
1188 2211 1366 2250 argumenti
1382 2211 1500 2249 po'etice
1515 2211 1664 2241 adminis-

940 2260 1012 2290 trati
1027 2271 1138 2300 parum
1153 2272 1283 2291 morosae
1299 2261 1444 2297 rationes,
1472 2267 1507 2290 ut
1521 2261 1565 2291 ita
1580 2261 1665 2292 locu-

941 2314 1065 2344 tionum
1080 2324 1190 2343 norma
1214 2313 1252 2343 ad
1276 2313 1399 2353 regulas
1423 2314 1665 2352 scrupulosiores

942 2366 1114 2395 necessario
1128 2367 1280 2405 exigatur.

984 2417 1058 2446 Ver.
1076 2421 1125 2447 81.
1150 2419 1246 2448 sz'as
1270 2420 1357 2457 longe
1382 2420 1514 2458 vagaris.
1560 2419 1664 2456 Maro,

944 2468 1019 2497 AEn.
1033 2468 1084 2497 xii.
1101 2472 1173 2498 480.

961 2546 1013 2570 Nec
1025 2546 1148 2572 conferre
1159 2554 1270 2572 manum
1283 2548 1400 2580 patitur:
1418 2548 1493 2572 volat
1504 2549 1573 2573 avia
1584 2549 1663 2582 longe.

988 2603 1063 2633 Ver.
1089 2608 1140 2634 85.
1160 2608 1310 2644 gravitate
1335 2603 1391 2635 suci
1404 2607 1500 2646 ferri.
1544 2606 1667 2637 Plutar-

947 2655 1032 2690 chus,
1053 2655 1092 2685 de
1107 2656 1184 2694 plac.
1209 2657 1284 2695 phil.
1312 2660 1338 2686 1.
1354 2660 1383 2687 3.
1428 2662 1603 2700 Δημοκριτος
1618 2673 1669 2698 μεν

948 2719 1005 2746 γαρ
1020 2713 1103 2745 ελεγε
1126 2706 1171 2737 δυο
1198 2709 1270 2747 (τοις
1298 2721 1410 2747 σωμασι
1435 2710 1667 2750 συμέεξηκεναι),

946 2759 1063 2795 μεγεέος
1081 2771 1112 2787 τε
1128 2771 1177 2788 και
1194 2770 1316 2798 σχῆμα·
1342 2760 1354 2789 ὃ
1378 2758 1400 2790 δ’
1416 2766 1555 2803 Επικερος
1571 2774 1667 2796 τετως

946 2820 996 2836 και
1026 2821 1126 2849 τριτον,
1159 2822 1191 2839 *ro
1222 2815 1351 2846 ΒΑΡΟΣ,
1382 2813 1523 2845 evehimur·
1544 2819 1668 2852 Αναγκη

947 2870 1013 2898 γαρ,
1030 2865 1107 2897 φησι,
1131 2862 1260 2890 κινεισθαι
1280 2874 1320 2891 eroe
1334 2874 1461 2901 σωματω
1477 2876 1513 2905 τῃ
1530 2876 1567 2893 τε
1580 2867 1666 2905 βαρες

947 2915 1064 2950 πληγῇ·
1088 2922 1146 2941 ems
1174 2923 1190 2942 8
1212 2914 1397 2945 κινηθῆσεται.
1442 2913 1507 2944 Ubi
1521 2913 1668 2944 vitiosum
