1894 3253
566 269 800 318 LIBER
848 268 1266 318 SECUNDUS.

1565 276 1657 321 267

191 405 273 441 390
306 401 494 457 Corpora
514 410 623 453 sunt,
646 417 770 459 quam
791 402 842 444 de
862 402 1010 458 quibus
1029 409 1090 443 est
1108 401 1245 457 liquor
1266 401 1394 442 almus
1415 414 1627 457 aquarum.

306 475 377 527 Et,
399 491 522 532 quam
543 477 602 518 vis
623 477 774 528 subito,
795 491 869 532 per
889 476 1024 517 colum
1045 477 1141 517 vina
1160 476 1345 518 videmus

307 549 533 601 Perflucre3
567 560 609 592 at
630 560 774 593 contra
794 551 959 593 tardum
980 559 1172 592 contatur
1192 550 1358 591 olivom:

305 623 407 673 Aut,
430 625 527 680 quia
546 625 741 666 nimirum
763 624 984 680 majoribus
1005 632 1065 665 est
1084 624 1308 674 elementis,

303 697 390 738 Aut
409 698 540 755 magis
558 698 735 740 hamatis
755 701 862 741 inter
882 715 938 750 se,
960 714 1116 755 perque
1134 698 1310 755 plicatis3

158 857 179 871 ·‘
199 852 304 894 Aqua,
319 861 479 896 utcunque
495 855 534 886 sit
548 855 653 887 lucida
668 862 699 887 et
716 857 887 897 perspicua,

154 907 177 922 “
194 903 327 945 ideoque
363 907 557 937 tenuissimis
590 909 782 947 corpusculis
813 919 887 939 con-

156 959 178 974 “
197 962 293 995 stans,
316 958 477 996 particulis
491 958 570 989 lucis
594 966 701 990 tamen
717 960 886 991 subtilitate

156 1011 178 1026 “
195 1008 295 1047 cedat,
315 1019 438 1040 necesse
454 1015 516 1048 est;
539 1010 588 1040 his
603 1011 731 1051 quidem
755 1023 887 1042 cornum

157 1063 180 1078 “
196 1061 439 1100 transeuntibus,
483 1062 547 1092 illis
583 1069 690 1093 autem
726 1064 887 1104 repulsum

156 1114 179 1129 ‘⁴
195 1111 320 1151 passis.”
367 1113 458 1143 Nihil
480 1113 654 1144 desiderem
679 1115 887 1156 undequaque

155 1161 270 1193 clarius
287 1170 319 1193 et
333 1164 538 1196 commodius.
584 1166 636 1196 Ita
653 1166 754 1196 Graeci
771 1167 885 1205 passim

156 1213 340 1255 loquuntur:
367 1217 453 1257 atqui
468 1217 508 1248 sit
530 1217 627 1247 instar
642 1219 788 1248 omnium
802 1219 889 1249 testis

158 1266 382 1307 Callimachus,
396 1269 503 1309 hymn.
517 1269 541 1301 J
543 1279 590 1300 ov.
611 1273 661 1301 19.

190 1350 279 1376 Λαιδων
291 1351 351 1376 αλλ’
366 1361 382 1377 8
392 1361 430 1378 πω
449 1362 534 1385 ,atym
550 1353 626 1388 ερρεεν,
642 1352 681 1378 κδ’
696 1353 846 1388 Ερυμοινθος,

194 1398 442 1425 ΛΕΥΚΟΤΑΤΟΣ
456 1409 584 1434 trosti-apem.

158 1465 255 1496 Albus
270 1471 388 1504 autem,
401 1476 457 1506 pro
472 1469 587 1505 clarus,
603 1469 797 1507 splendidus:
816 1468 887 1499 vide

154 1514 194 1545 ἰν.
217 1519 289 1546 212.
312 1517 426 1547 Horat.
449 1517 498 1547 od.
521 1518 563 1548 iii.
582 1521 629 1548 15.
649 1522 676 1548 1.
711 1519 788 1557 Nos,
814 1520 887 1550 Silv.

159 1566 235 1597 Crit.
259 1576 286 1597 V.
311 1577 340 1606 p.
358 1570 407 1599 77.
438 1574 470 1598 et
491 1579 574 1609 seqq.
597 1569 721 1599 abunde
745 1571 886 1609 probavi-

155 1626 234 1648 mus.
280 1618 404 1658 Nuper,
427 1619 466 1649 ad
481 1620 500 1649 i.
515 1623 588 1650 550.
611 1619 707 1657 idem,
735 1625 756 1639 “
774 1623 889 1652 humor

157 1670 330 1709 “liquidus
360 1671 547 1711 aquarum,”
591 1672 752 1710 audiebat;
797 1674 888 1712 parili

155 1719 340 1761 Significatu.
391 1727 410 1740 “
426 1722 611 1763 Liquidum,
628 1723 790 1764 διαυγες.·”
814 1731 891 1756 teste

157 1772 307 1813 glossario
329 1780 457 1805 vetusto.
504 1775 558 1805 Ad
580 1776 660 1806 hanc
684 1787 829 1807 normam
857 1789 890 1809 e-

158 1827 356 1858 mendandus
374 1828 568 1859 Claudianus
583 1837 637 1866 est,
650 1830 690 1860 de
706 1837 786 1870 rapt.
802 1832 888 1862 Pr0s.

161 1876 193 1907 ii.
213 1881 282 1908 114.

162 1945 240 1968 Haud
251 1946 345 1976 procul
356 1946 418 1972 inde
429 1947 511 1977 lacus,
524 1950 637 1980 Pei-gum
648 1949 743 1974 dixere
754 1950 850 1980 Sicani,

157 1983 296 2015 Panditur;
307 1989 346 2015 et,
353 1992 497 2011 nemorum
507 1987 634 2012 frondoso
643 1990 765 2021 margine
775 1990 888 2021 cinctus,

159 2022 257 2047 Vicinis
268 2024 368 2049 albescit
379 2026 463 2056 aquis.

159 2085 282 2116 Locum
305 2087 465 2129 integrum
480 2090 630 2131 perlegas.
676 2091 795 2132 Vulgo,
816 2096 888 2133 pal-

157 2139 259 2169 lescit:
277 2139 361 2170 varia
372 2148 478 2171 autem
492 2141 594 2180 lectio,
608 2144 744 2174 clarescit
762 2154 886 2184 nempe,

159 2195 271 2220 nostrae
296 2192 500 2223 restitutionis
523 2204 579 2232 pro
600 2194 887 2235 interpretamento,

161 2249 181 2269 a
193 2241 329 2280 quodam
343 2243 524 2283 glossatore,
544 2246 650 2275 haberi
665 2246 765 2277 debet.
813 2247 886 2278 Sus-

164 2291 248 2329 picor
270 2294 364 2323 etiam
385 2295 419 2324 in
441 2296 556 2326 menda
577 2299 690 2328 cubare
713 2313 746 2330 το
769 2302 887 2331 vicinis.

164 2343 310 2374 Eandem
324 2346 515 2377 medicinam
529 2349 661 2380 Ovidius
676 2361 739 2381 non
752 2359 887 2390 respuet,

166 2394 205 2425 ad
221 2395 287 2426 fast.
303 2397 334 2427 ii.
350 2401 419 2429 166.

478 2468 558 2493 densa
571 2469 646 2501 niger
657 2470 717 2495 ilice
727 2470 801 2495 lucus
808 2480 818 2501 3

257 2506 287 2528 In
298 2506 388 2530 medio
399 2506 495 2537 gelidae
507 2507 566 2532 fons
578 2514 633 2534 erat
645 2509 717 2534 albus
727 2517 817 2541 aquae.

163 2568 330 2609 AgnosciS,
355 2569 477 2609 opinor,
499 2571 618 2610 lepores
637 2573 834 2605 Nasonianos
854 2576 887 2605 in

162 2620 359 2660 oppositione
389 2622 462 2660 ista5
499 2626 586 2663 niger
614 2627 713 2664 lucus,
744 2633 775 2656 et
802 2629 889 2658 albas

152 2671 239 2712 fons.
277 2673 418 2712 Codices,
433 2676 531 2710 altus;
558 2686 642 2706 unus
657 2684 774 2717 autem,
789 2686 887 2719 aptus.

165 2723 268 2763 Idem,
293 2731 365 2756 met.
382 2736 409 2756 v,
434 2729 506 2757 585.
529 2728 585 2757 ubi
610 2727 763 2760 fluctuant
787 2741 887 2760 mem-

162 2776 267 2805 branae
282 2776 363 2807 inter
385 2779 466 2813 altae,
491 2784 521 2808 et
538 2780 627 2815 altus,
651 2780 692 2810 ad
714 2780 819 2811 locum
834 2792 886 2821 pa-

164 2825 307 2857 rallelum
324 2828 489 2859 Claudiani
505 2830 702 2871 castigandus
717 2839 774 2863 est:

196 2893 272 2916 Haud
291 2896 384 2925 procul
406 2897 532 2922 Hennaeis
552 2899 623 2925 lacus
645 2903 684 2925 est
705 2907 720 2925 a
742 2901 888 2931 moenibus,

346 2935 420 2966 albae,

196 2972 309 2998 Nomine
317 2976 423 3006 Pergus,
434 2983 516 3008 aquae.

858 3029 925 3059 85

935 857 1051 888 Confer
1075 856 1149 887 ibid.
1165 856 1208 887 iii.
1224 857 1296 888 407.
1343 855 1439 885 Hanc
1461 865 1569 886 vocem
1589 866 1659 895 pro-

931 909 984 939 cul
1008 908 1096 938 omni
1126 907 1222 938 dubio
1252 906 1410 937 verissime
1439 907 1659 938 redonabimus

932 962 1012 1002 epig.
1031 964 1101 991 106.
1123 959 1174 990 lib.
1190 970 1218 990 v,
1242 959 1372 989 Anthol.
1388 959 1458 989 Lat.
1474 960 1584 990 Burm.

960 1040 1040 1064 Unda
1051 1040 1141 1070 quieta
1151 1038 1233 1063 refert
1244 1038 1299 1063 albo
1310 1039 1345 1063 de
1360 1039 1467 1070 gurgite
1477 1039 1593 1069 formas;

962 1080 1012 1109 Ac,
1023 1079 1108 1104 veluti
1118 1078 1269 1110 speculum,
1279 1078 1365 1102 nitido
1376 1078 1504 1110 splendore
1515 1082 1648 1104 coruscat.

931 1151 1100 1192 Vulgatur,
1124 1153 1202 1181 alto:
1228 1150 1283 1180 sed
1305 1150 1347 1180 ibi
1370 1150 1487 1190 passim
1508 1152 1604 1181 habes
1626 1152 1658 1181 in

931 1203 1057 1242 paribus
1083 1202 1257 1241 po'efflatiis‚
1284 1204 1370 1232 unda
1398 1203 1532 1241 liquida,
1563 1213 1662 1241 pura,

931 1255 1047 1289 illimis,
1074 1254 1288 1288 mundissima,
1312 1258 1344 1282 et
1355 1254 1540 1292 purissimus
1554 1254 1663 1283 humor

931 1316 1096 1344 aquarum,
1119 1303 1159 1334 ad
1177 1303 1317 1343 phrasim
1332 1303 1554 1333 Lucretianam
1567 1313 1664 1344 quam

931 1355 1082 1396 proxime.
1127 1356 1236 1393 Porro,
1260 1354 1299 1385 de
1314 1354 1453 1385 confusis
1475 1356 1555 1385 altus
1571 1361 1603 1385 et
1616 1357 1665 1386 al-

930 1411 994 1445 bus,
1011 1414 1118 1439 notata
1132 1408 1173 1438 ad
1187 1418 1248 1438 ver.
1268 1410 1337 1438 147.
1353 1407 1495 1446 superius
1509 1407 1664 1446 inspicias.

931 1460 1022 1489 Dum
1037 1469 1109 1489 vero
1131 1460 1165 1489 in
1180 1461 1240 1489 hoc
1262 1469 1346 1497 sum,
1371 1458 1458 1488 locus
1481 1464 1592 1497 exstat,
1615 1458 1663 1489 di-

930 1520 1024 1540 versae
1039 1511 1182 1551 quamvis
1203 1510 1345 1547 rationis,
1371 1510 1427 1539 ubi
1452 1509 1589 1540 eundem
1614 1520 1662 1540 er-

931 1571 1033 1592 rorem
1048 1561 1177 1599 librarii,
1193 1560 1227 1591 ni
1242 1560 1346 1598 fallor,
1358 1570 1508 1599 erravere,
1524 1560 1558 1591 in
1572 1561 1661 1599 Silio,

933 1615 1014 1644 Pun.
1031 1613 1070 1643 vi.
1088 1617 1158 1643 152.

946 1695 1039 1718 Donec
1051 1694 1097 1718 Dis
1106 1694 1182 1718 Italae
1194 1694 1281 1718 visum
1293 1697 1332 1719 est
1345 1694 1520 1726 exstinguere
1531 1695 1624 1720 lumen

950 1734 1062 1763 Gentis;
1079 1733 1106 1757 in
1118 1734 1225 1766 egregio
1237 1735 1311 1765 cujus
1322 1734 1369 1758 sibi
1380 1739 1490 1766 pectore
1500 1735 1592 1760 sedem

950 1775 1066 1806 Ceperat
1077 1774 1134 1798 alba
1147 1775 1230 1799 Fides.

934 1837 1033 1876 Libri,
1050 1840 1144 1868 alma.
1189 1838 1352 1874 Horatius,
1366 1838 1415 1868 od.
1431 1838 1452 1868 i.
1471 1842 1521 1870 55.
1536 1843 1587 1870 21.

1026 1916 1070 1939 Te
1081 1916 1152 1946 Spes,
1163 1918 1190 1939 et
1202 1914 1256 1938 albo
1268 1921 1327 1938 rara
1343 1914 1412 1938 Fides
1423 1914 1488 1939 colit

1028 1955 1121 1979 velata
1131 1961 1231 1986 panno.

933 2017 1083 2048 Eundem
1098 2018 1240 2048 conferas
1259 2017 1300 2048 ad
1322 2023 1378 2048 sat.
1398 2017 1417 2047 i.
1435 2020 1462 2047 5.
1486 2021 1536 2048 41.
1582 2018 1663 2049 Haec

933 2075 1039 2099 autem
1055 2069 1080 2099 si
1096 2079 1168 2099 vera
1193 2070 1233 2099 sit
1254 2068 1445 2107 emendatio,
1471 2069 1580 2099 multis
1595 2069 1666 2100 aliis

932 2119 1067 2150 aliorum
1080 2119 1157 2150 locis
1179 2120 1371 2161 corrigendis
1396 2126 1520 2160 portam
1533 2121 1663 2160 pandet;

931 2172 1016 2212 quod
1031 2173 1104 2202 satis
1119 2173 1158 2202 sit
1172 2172 1384 2203 admonuisse:
1413 2172 1470 2202 nos
1489 2172 1575 2202 enim
1590 2173 1665 2203 huic

932 2223 975 2253 rei
991 2223 1109 2253 diutius
1135 2234 1200 2253 non
1214 2224 1468 2261 immorabimur,
1495 2233 1592 2263 quam
1607 2224 1663 2255 do-

932 2285 989 2304 nec
1004 2274 1193 2304 contrariam
1216 2274 1366 2304 mendam
1389 2284 1427 2303 ex
1447 2274 1485 2309 Q.
1505 2273 1666 2304 Ciceronis

932 2327 1082 2364 versibus,
1106 2326 1146 2356 ad
1161 2337 1221 2356 ver.
1238 2330 1311 2357 561.
1334 2336 1435 2364 nuper
1461 2325 1607 2365 laudatis,
1634 2333 1665 2357 et

931 2378 1125 2407 exstantibus
1147 2377 1242 2407 etiam
1264 2378 1299 2407 in
1317 2377 1447 2408 Anthol.
1462 2377 1531 2408 Lat.
1548 2378 1658 2408 Bunn.

933 2439 961 2459 v.
980 2433 1030 2459 41.
1054 2429 1239 2459 eluerimus:

962 2506 1051 2536 Quam
1073 2507 1204 2537 sequitur,
1223 2505 1320 2530 nebulis
1343 2510 1445 2534 rorans,
1471 2504 1558 2534 liquor
1579 2503 1661 2528 almus

1117 2545 1236 2576 Aquarii.

933 2608 975 2637 In
989 2608 1135 2649 vulgati&
1161 2610 1298 2646 nebulas,
1325 2613 1356 2638 et
1377 2609 1474 2638 altus:
1500 2606 1555 2637 sed
1569 2607 1658 2638 hem!

932 2661 1048 2694 desino.

975 2715 1050 2745 Ver.
1066 2718 1138 2746 591.
1162 2717 1277 2746 colum:
1307 2714 1346 2744 G.
1363 2715 1412 2744 V:
1427 2713 1475 2744 ed.
1499 2714 1536 2744 B.
1559 2713 1596 2744 L.
1612 2713 1660 2744 Μ’.

931 2767 1038 2796 collum
1047 2781 1057 2801 ;
1082 2766 1169 2806 quasi
1184 2766 1302 2796 scilicet
1315 2766 1433 2796 rariora
1452 2765 1560 2796 omnia
1581 2766 1662 2796 tritis

932 2822 1126 2847 commutare
1138 2817 1255 2848 librarii
1270 2817 1433 2857 scriptores
1446 2817 1529 2847 inter
1543 2827 1576 2847 se
1585 2827 1659 2848 con-

928 2868 1124 2908 juravissent.

976 2920 1049 2950 Ver.
1073 2924 1148 2952 592.
1171 2928 1220 2952 at.-
1259 2928 1302 2952 11.
1329 2927 1580 2952 ‹za—contutum
1617 2918 1660 2947 sic

933 2972 1085 3013 oepxai'zm
1102 2972 1177 3016 >sola
1200 2972 1296 3004 editio
1322 2972 1530 3009 Veronensis;
1564 2979 1659 3010 quam
