1894 3253
595 267 829 316 LIBER
883 263 1193 314 PRIMUS.

1587 267 1643 306 51

169 405 254 442 220
287 400 408 443 Nulla
430 401 470 442 vi
490 400 593 443 foret
614 416 710 443 usus
731 401 857 451 enim,
880 414 974 455 quae
995 397 1180 454 partibus
1200 395 1285 452 ejus

286 476 520 518 Discidium
540 490 699 532 parere,
722 485 763 517 et
782 489 913 516 nexus
935 474 1157 523 exsolvere,
1179 478 1328 528 posset.

288 551 417 601 Quod
436 566 563 601 nunc,
586 559 743 592 aeterno
763 549 861 606 quia
879 555 1070 589 constant
1090 547 1245 588 semine
1265 559 1453 602 quaeque,

287 626 438 668 Donec
458 626 517 667 vis
537 625 655 675 obiit,
678 639 771 681 quae
792 639 856 665 res
876 623 1107 664 diverberet
1126 623 1227 671 ictu,

288 702 377 743 Aut
397 701 507 741 intus
527 706 715 755 penetret
734 713 808 753 per
828 698 983 747 inania,
1006 696 1297 751 dissoluatque,

172 781 254 818 225
286 775 448 817 Nullius
469 774 642 815 exitium
661 773 817 829 patitur
841 772 1002 813 Natura
1022 770 1164 812 videri.

342 850 565 901 Praeterea,
588 863 892 906 quaequomque
911 854 1110 889 vetustate
1129 852 1292 887 amovet
1313 851 1427 894 aetas,

158 1028 229 1052 Cum
241 1025 324 1051 medii
333 1032 427 1056 nexus,
435 1028 627 1056 extremaeque
637 1023 746 1056 agmina
757 1023 864 1052 caudae,

158 1067 314 1092 Solvuntur.

184 1125 260 1155 Ver.
287 1127 359 1154 222.
387 1125 490 1158 Quod:
516 1124 560 1154 sic
584 1124 623 1154 P.
647 1124 683 1154 B.
700 1124 736 1154 L.
761 1124 808 1155 M.
834 1129 874 1154 Π.

143 1177 212 1218 (qui
235 1177 331 1207 etiam
347 1177 435 1217 legit,
459 1187 516 1207 nec
536 1176 629 1214 male,
653 1179 805 1218 constat);
832 1178 874 1208 V.

140 1229 189 1259 ed.
210 1231 309 1264 Qm'th
336 1229 439 1258 caeteri
462 1231 517 1268 At,
540 1230 692 1268 probante
710 1229 873 1268 Creechio‚

140 1288 178 1312 ut
199 1281 387 1322 quibusdam
409 1281 486 1311 aliis.
538 1281 600 1311 Sed
622 1281 743 1318 inscite,
766 1281 875 1322 judice

141 1332 237 1362 etiam
253 1332 411 1362 Bentlei0:
432 1332 635 1362 usitatissima
647 1339 691 1363 est
707 1333 793 1363 enim
809 1335 875 1364 haec

141 1383 293 1415 sermonis
307 1384 444 1414 formula
459 1386 622 1426 utriusque
638 1385 756 1426 linguae
781 1386 876 1426 scrip-

141 1436 272 1473 toribus,
299 1441 330 1466 et
355 1436 502 1467 Lucretio
528 1444 598 1476 post
624 1439 798 1477 neminem,
825 1440 878 1470 cui

140 1488 249 1519 multis
264 1488 298 1518 in
310 1488 386 1519 locis
399 1499 453 1528 per
469 1490 570 1529 operis
583 1490 753 1521 decursum
769 1492 878 1522 sedulo

140 1541 347 1572 restituimus:
374 1542 444 1572 vide
467 1543 573 1572 statim
595 1553 657 1574 ver.
675 1546 744 1575 255.
768 1549 799 1574 et
819 1555 875 1574 an-

140 1595 319 1624 notationes
334 1601 456 1625 nostras
474 1595 507 1625 in
526 1596 620 1634 Soph.
638 1596 784 1627 Trachin.
805 1600 875 1628 157.

141 1646 304 1677 Diodorus
321 1647 455 1686 Siculus,
472 1648 536 1678 xiii.
552 1652 600 1678 18.

690 1650 702 1679 ὅ
718 1663 784 1691 περ,
803 1664 824 1680 ex
834 1664 878 1690 μη

142 1702 382 1740 παρεκρεσθησαιν,
419 1707 562 1740 ασφαλως
593 1714 626 1730 αν
661 1703 875 1742 exapta-finem.-

141 1752 197 1782 ubi
214 1752 451 1792 XVesselingius,
476 1753 608 1792 hujusce
630 1752 796 1783 locutionis
812 1764 877 1783 non

142 1803 217 1833 satis
232 1813 365 1841 memor,
382 1804 541 1833 infelicius
556 1804 786 1834 administravit
798 1814 876 1835 rem.

146 1855 318 1893 Caeterum‚
344 1856 543 1886 Munckerus
558 1857 684 1887 monuit
699 1857 739 1887 ad
756 1858 878 1898 Hygin.

144 1907 209 1937 sab.
224 1907 326 1937 xxxiv.
343 1908 435 1947 cujus
449 1914 524 1938 nota
540 1909 671 1938 omnino
687 1908 881 1948 inspicienda

145 1965 203 1997 est,
231 1959 370 1989 similem
394 1971 454 1990 usu
474 1961 655 1999 pronomini
678 1963 735 1992 Izoc
757 1961 879 1991 contin-

144 2020 228 2051 gere,
253 2016 284 2040 et
300 2013 355 2041 id.-
380 2022 481 2051 quum
502 2022 575 2042 vero
590 2012 688 2050 locus,
715 2013 755 2043 ad
770 2013 882 2052 prioris

144 2061 344 2102 cogitationis
359 2063 632 2094 confirmationem
648 2064 813 2103 adductus,
824 2066 882 2095 ali-

145 2114 234 2145 enior
259 2115 357 2145 videri
383 2116 490 2155 possit,
532 2116 577 2147 ita
601 2117 730 2147 fortasse
756 2120 881 2158 mytho-

144 2167 281 2206 graphus
303 2166 357 2197 ille
384 2167 585 2208 castigandus
613 2175 675 2200 est:
706 2173 729 2188 “
749 2170 880 2209 Nessus,

145 2220 169 2236 “
187 2217 309 2248 Ixionis
327 2225 358 2248 et
375 2219 479 2249 Nubis
494 2219 589 2259 filius,
617 2221 806 2261 Centaurus,
829 2233 880 2252 ro·

147 2273 169 2288 “
185 2276 278 2310 gatus
301 2272 340 2301 ab
365 2271 534 2311 Deianira,
558 2280 650 2304 ut'se
678 2273 796 2305 flumen
812 2275 880 2305 Eu-

146 2324 170 2339 “
186 2321 307 2351 henum
336 2323 528 2361 transferret,
549 2325 623 2364 jam
655 2326 811 2357 sublatam
848 2327 883 2356 in

147 2377 170 2392 “
186 2373 320 2405 flumine
335 2375 402 2414 ipso
418 2378 533 2409 violare
547 2379 655 2410 voluit.
697 2383 778 2412 Heic
796 2381 880 2412 Her-

148 2429 170 2443 “
186 2425 282 2464 cules,
310 2437 384 2457 cum
413 2429 641 2470 intervenisset,
668 2439 700 2462 et
729 2434 883 2464 De'ianira

148 2479 171 2495 “
187 2487 261 2508 cum
288 2477 384 2509 fidem
408 2480 478 2519 ejus
507 2481 713 2521 implorasset,
746 2484 884 2515 Nessum

147 2532 169 2547 “
186 2530 310 2571 sagittis
331 2531 490 2563 confixit.”
535 2534 624 2564 Libri
647 2535 725 2565 dant.
740 2547 829 2576 quam
852 2542 885 2567 et

147 2583 210 2612 hoc.

192 2634 266 2665 Ver.
282 2639 353 2666 225.
377 2637 467 2667 obiit:
502 2637 538 2668 P.
561 2639 882 2673 obeat.-‹lc·verberet.·

152 2694 180 2719 B.
199 2695 240 2719 11.
256 2691 436 2721 diverberat.

193 2739 275 2771 Ibid.
300 2744 344 2772 vis
367 2743 457 2773 obiit.-
483 2742 503 2772 i.
529 2752 553 2773 e.
579 2743 714 2780 obvenit,
742 2744 883 2786 incurrit,

148 2791 321 2831 occupavit.
370 2793 515 2833 Ovidius,
536 2801 609 2825 met.
627 2795 667 2825 Χῖ.
683 2799 755 2827 418.

409 2869 540 2901 buxoque
551 2870 710 2902 simillimuS,
723 2879 768 2898 ora

181 2907 266 2932 Pauor
276 2910 334 2935 obit.

150 2949 204 2975 Nos
216 2956 223 2976 :
242 2952 260 2966 ‘⁶
272 2952 326 2978 Tin
338 2954 459 2983 violence
470 2964 548 2983 comes
558 2965 639 2984 across
650 2959 700 2985 it.‘²

965 1021 1046 1052 Ibid.
1070 1021 1254 1051 diverberet:
1281 1019 1300 1049 i.
1320 1029 1346 1048 e.
1368 1017 1509 1056 dissecet,
1531 1017 1652 1060 disjun-

919 1080 981 1115 gat.
1028 1074 1133 1110 Maro,
1152 1073 1226 1102 AEn.
1242 1072 1281 1102 vi.
1299 1075 1370 1103 294.

951 1141 1053 1169 inruat,
1065 1142 1092 1164 et
1104 1138 1203 1163 frustra
1214 1138 1285 1163 ferro
1298 1137 1442 1162 diverberet
1454 1139 1570 1163 umbras.

961 1195 1038 1225 Ver.
1072 1197 1143 1226 225.
1177 1197 1328 1226 ΔἾιίίιάεε
1365 1195 1464 1225 vind.

917 1247 1043 1277 exitium
1056 1260 1066 1276 .·
1094 1252 1128 1277 Σ.
1143 1248 1269 1277 exitum.

964 1298 1044 1328 Ibid.
1059 1300 1186 1329 ericium
1208 1300 1318 1329 videri.
1363 1298 1479 1328 Verbis
1493 1300 1656 1338 pensitatis

920 1361 995 1381 usus
1010 1357 1073 1381 est:
1100 1362 1186 1387 narn,
1211 1350 1346 1390 diruptis
1361 1351 1391 1380 vi
1409 1353 1601 1392 corporibus,
1625 1361 1657 1385 et

921 1413 976 1442 per
996 1402 1103 1433 inania
1118 1403 1297 1442 penetratis,
1323 1413 1387 1433 non
1403 1402 1578 1444 insequitur
1591 1408 1656 1437 exi-

921 1455 999 1484 tium
1026 1454 1150 1494 proprie
1173 1454 1216 1484 sic
1238 1454 1360 1484 dictum
1387 1454 1487 1496 (quod
1508 1456 1566 1486 toti
1582 1456 1657 1488 doc-

921 1508 1013 1538 trinae
1029 1506 1262 1546 Epicureorum
1285 1506 1512 1546 adversaretur,
1537 1515 1568 1539 et
1587 1519 1656 1540 om-

920 1569 993 1588 nem
1006 1569 1131 1597 pessum
1144 1558 1231 1588 daret
1245 1560 1555 1599 argumentationem
1566 1561 1657 1603 loci),

921 1611 975 1642 sed
990 1611 1154 1641 dissolutio
1168 1612 1306 1650 partium
1321 1613 1555 1652 tantummodo,
1577 1620 1607 1644 et
1622 1615 1658 1645 in

921 1663 1017 1693 aliam
1044 1663 1186 1703 quamvis
1215 1663 1351 1702 speciem
1381 1665 1554 1702 conversio,
1584 1676 1655 1706 quae

922 1714 1022 1744 oculis
1036 1720 1128 1744 tenus
1144 1724 1252 1744 verum
1268 1714 1365 1753 possit
1380 1717 1507 1746 erilium
1524 1718 1632 1747 videri.

965 1766 1040 1796 Ver.
1061 1769 1132 1795 226.
1155 1772 1284 1796 amovet:
1313 1771 1347 1796 Σ.
1367 1767 1521 1797 αὸηιουει;
1546 1773 1577 1796 et
1592 1767 1660 1807 pla-

922 1822 971 1846 cet
986 1816 1145 1855 scripturae
1161 1816 1251 1853 ratio,
1268 1826 1367 1856 quum
1387 1817 1472 1856 prior
1493 1818 1532 1848 sit
1547 1819 1596 1856 ab,
1621 1829 1660 1851 ex

1499 1199 1656 1228 nullus.—

923 1882 995 1907 am,
1023 1883 1065 1910 τῳ
1090 1881 1122 1907 a,
1147 1869 1283 1910 usuique
1305 1871 1512 1901 vetustiorum
1535 1883 1658 1903 accom-

925 1921 1179 1951 modatior.—Et
1200 1927 1324 1957 amovet,
1349 1931 1387 1952 ex
1402 1923 1501 1952 oculis
1522 1924 1659 1963 scilicet;

925 1972 1037 2009 sonna,
1053 1983 1148 2013 quam
1165 1973 1340 2010 habuerint,
1357 1974 1529 2006 obliterata.

969 2025 1043 2055 Ver.
1060 2027 1132 2055 227.
1151 2035 1328 2055 consmnens
1343 2033 1418 2057 celas
1433 2033 1578 2059 vetustate
1588 2041 1599 2059 .·
1624 2033 1662 2060 ut

927 2076 1094 2117 Virgilius,
1111 2076 1166 2106 ecl.
1184 2086 1212 2106 Χ.
1230 2081 1280 2107 45.

1152 2144 1195 2168 hic
1207 2144 1263 2175 ipso
1274 2147 1367 2169 tecum
1379 2152 1536 2170 consumerer
1546 2153 1617 2171 ῶνα.

967 2196 1044 2226 Ver.
1068 2199 1139 2226 228.
1163 2197 1299 2226 animale
1317 2207 1436 2235 genus:
1462 2197 1546 2236 quod
1569 2207 1659 2227 voca-

925 2254 1009 2278 verat
1025 2248 1059 2277 in
1074 2249 1177 2287 operis
1191 2248 1314 2287 limine,
1336 2259 1396 2280 ver.
1413 2253 1442 2280 4.
1461 2261 1558 2289 genus
1574 2261 1660 2281 omne

925 2303 1133 2332 animantum.

970 2353 1054 2384 Ibid.
1081 2355 1272 2393 generatim:
1313 2354 1332 2384 i.
1364 2364 1389 2384 e.
1425 2364 1483 2384 suo
1513 2354 1661 2395 quodque

925 2415 1052 2446 genere.
1096 2406 1203 2443 Maro,
1220 2416 1288 2446 geo.
1305 2406 1338 2436 ii.
1357 2409 1407 2437 55.

1121 2468 1240 2499 proprios
1248 2468 1386 2500 generatim
1398 2468 1492 2493 discite
1503 2468 1600 2493 cultus.

928 2520 950 2534 “
978 2516 1041 2545 Per
1069 2516 1196 2556 singula
1225 2517 1373 2557 genera,'‘
1588 2517 1661 2549 vide

929 2578 1034 2607 supra,
1052 2578 1112 2598 ver.
1130 2572 1179 2599 21.

1406 2518 1530 2548 Servius
1541 2530 1548 2548 ;

973 2620 1053 2651 Ibid.
1076 2623 1108 2651 in
1124 2623 1243 2651 lumina
1262 2624 1330 2652 vince
1349 2623 1481 2653 Reducit
1492 2637 1502 2653 :
1528 2633 1546 2653 a
1561 2628 1662 2654 morte

929 2673 1064 2711 scilicet;
1089 2679 1125 2703 ut
1140 2673 1308 2713 Virgilius,
1325 2674 1400 2704 AEn.
1416 2674 1454 2704 iv.
1470 2677 1543 2706 575.

1155 2741 1239 2765 socios
1250 2749 1266 2764 a
1282 2745 1358 2766 morte
1369 2742 1472 2768 reduxi.

973 2792 1045 2822 Ver.
1063 2796 1134 2824 229.
1153 2800 1201 2823 et:
1227 2794 1270 2823 sic
1303 2794 1341 2824 G.
1359 2795 1396 2826 P.
1423 2796 1459 2827 L.
1477 2796 1524 2826 M.
1553 2802 1594 2827 Π.
1622 2800 1659 2827 Σ.

929 2844 994 2882 alii,
1011 2851 1075 2874 aut.
1119 2845 1163 2875 Et
1179 2845 1212 2875 in
1228 2846 1277 2876 his
1291 2847 1418 2878 vocibus
1432 2858 1496 2878 non
1512 2849 1661 2878 exhibent

930 2899 950 2926 d
975 2896 1170 2936 geminatam
1197 2898 1236 2928 G.
1252 2898 1289 2928 L.
1307 2899 1354 2929 M.
1378 2900 1415 2931 B.
1433 2907 1474 2932 Π.
1491 2905 1525 2934 Σ.
1546 2900 1584 2932 de
1599 2899 1662 2942 qua

930 2957 963 2977 re
975 2947 1043 2988 jam
1059 2947 1196 2980 diximus
1211 2949 1250 2981 ad
1265 2960 1326 2981 ver.
1343 2954 1394 2984 64.
