1894 3253
255 241 349 283 ¹258

754 229 813 275 T.
867 225 1249 275 LUCRETII

394 365 586 415 Quorum
605 374 735 403 unum
755 358 868 415 quod
888 358 946 398 vis
965 357 1193 414 generatim
1214 371 1373 398 sumere
1391 371 1538 415 perge;

394 438 581 481 Invenies
602 445 740 477 tamen
761 435 868 474 inter
889 447 929 474 se
950 431 1114 473 differre
1133 430 1289 488 figuris.

394 513 482 554 Nec
502 512 661 553 ratione
680 507 757 550 alifi
778 506 911 563 proles
932 519 1178 563 cognoscere
1197 513 1388 557 matrem,

280 593 360 629 {⁷150
391 585 481 628 Nec
502 594 632 627 mater
651 591 788 640 posset
807 582 980 638 prolem:

1019 580 1130 637 quod
1149 595 1268 635 posse
1288 580 1496 630 videmus3

394 661 482 702 Nec
502 661 653 710 minus,
685 666 807 714 atque
826 657 1030 706 homines,
1062 656 1170 696 inter
1190 671 1232 696 se
1251 664 1351 696 nota
1371 655 1516 696 cluere.

392 736 502 777 Nam
524 749 632 790 saepe
652 741 747 775 ante
767 732 891 773 desim
915 731 1060 772 vitulus
1079 730 1251 771 delubra
1270 729 1421 770 decora

393 809 654 851 Turicremas
674 815 843 863 propter
865 813 1065 847 mactatus
1085 804 1265 845 concidit
1286 819 1393 854 aras,

246 974 278 998 to
293 966 540 1003 convenientior,
557 964 675 996 relativi
690 974 777 999 usus,
793 972 887 1003 quam
901 971 973 1000 pro-

245 1020 389 1051 nominis.
436 1018 644 1049 Manifestum
656 1023 703 1047 est
714 1015 879 1054 extemplo,
895 1013 973 1043 nihil

243 1072 282 1102 de
298 1073 357 1102 hoc
372 1081 485 1112 genere
500 1069 728 1111 elegantiarum
743 1068 783 1098 ad
797 1067 969 1097 scribarum

244 1123 399 1154 inscitiam
422 1121 621 1152 referendum
637 1131 701 1151 esse
707 1132 716 1158 ;
746 1125 777 1149 et
791 1117 893 1149 multo
909 1116 969 1147 mi-

244 1187 304 1206 nus
317 1175 499 1215 pauciorum
525 1174 678 1204 librorum
702 1178 795 1212 atque
817 1170 970 1200 leviorum

244 1227 339 1257 fidem
354 1226 534 1256 melioribus
545 1235 610 1255 esse
625 1222 858 1263 praeferendam.

287 1279 362 1308 Ver.
377 1281 449 1307 548.
471 1276 611 1317 dqfferre:
642 1276 680 1305 P.
700 1275 795 1304 Vind.
813 1274 851 1303 V.
869 1272 916 1303 ed.
933 1277 967 1303 Δ.

246 1336 286 1360 Π.
316 1334 350 1361 Σ.
376 1328 668 1369 distare—figuris:
706 1326 745 1356 Ο.
774 1331 808 1355 Δ.
824 1325 968 1365 figuras,-

244 1391 301 1411 nec
317 1391 389 1411 sane
415 1380 506 1410 nobis
520 1379 681 1418 displicet;
704 1377 782 1418 quin
805 1376 871 1406 imo
896 1375 969 1406 doc-

242 1434 306 1463 tior
321 1432 510 1463 constructio
525 1431 656 1462 videtur.

286 1485 360 1515 Ver.
375 1488 448 1515 549.
468 1494 641 1523 cognoscere
656 1489 793 1513 matrem.

242 1547 333 1575 anus,
357 1535 414 1566 ecl.
431 1535 472 1565 iv.
490 1539 542 1565 60.

839 1481 877 1511 M
879 1485 970 1510 antu-

274 1620 374 1652 incipe,
391 1626 473 1651 parve
483 1625 559 1651 puer,
576 1618 628 1643 risu
639 1625 778 1650 cognoscere
789 1619 893 1640 matrem
901 1632 907 1639 .

286 1705 361 1734 Ver.
373 1707 444 1735 351.
467 1710 537 1734 nota
555 1705 669 1734 cluere:
696 1702 740 1731 sic
756 1702 792 1732 L.
810 1702 857 1731 M.
876 1701 915 1731 O.
933 1705 968 1731 Δ.

245 1760 279 1787 Σ.
297 1762 341 1786 Ω.
358 1761 389 1785 et
404 1755 455 1785 Pii
471 1755 590 1785 codices
605 1753 742 1794 antiqui3
761 1753 801 1784 G.
816 1754 968 1787 moehler&

243 1808 342 1838 Vind.
359 1808 396 1838 B.
422 1814 489 1838 vota
506 1809 622 1841 εἶκεν-εκ
646 1806 687 1835 V.
703 1805 750 1835 ed.
767 1816 837 1836 voca
854 1806 967 1842 cluire;

245 1866 286 1891 Π.
301 1866 372 1890 nota
389 1861 508 1890 eleuare
516 1873 527 1894 ‚·
550 1859 587 1888 P.
599 1857 744 1897 denique,
760 1868 827 1887 voce
842 1857 951 1886 cluere.

285 1915 361 1945 Ver.
387 1917 460 1945 552.
489 1915 631 1944 delubra:
656 1912 675 1942 i.
706 1922 732 1942 e.
762 1911 802 1941 ad
831 1910 968 1940 maxime

242 1966 403 2005 proprium
418 1975 546 1995 sensum
560 1963 705 1994 dictionis
720 1973 755 1993 ac
767 1962 965 2001 primarium,

240 2019 327 2056 ligna
342 2018 526 2046 decorticata
539 2022 566 2045 et
582 2017 709 2054 expolita
718 2031 728 2051 ;
747 2014 900 2054 imagines
912 2013 964 2043 de-

241 2079 333 2099 orum
348 2079 472 2107 nempe,
495 2068 658 2098 dedolatus
678 2073 709 2097 et
731 2067 846 2096 affabre
861 2066 964 2096 elabo-

241 2127 335 2151 ratas:
363 2120 431 2150 vide
448 2119 590 2149 Servium
606 2119 646 2148 ad
660 2119 752 2158 Virg.
766 2119 840 2147 [En.
856 2118 894 2147 iv.
912 2121 963 2148 56.

243 2178 273 2201 et
292 2172 420 2201 Festum
443 2170 477 2200 in
502 2180 576 2200 voce
601 2171 790 2200 Delubrum:
820 2178 906 2206 mox,
931 2169 970 2198 ab

243 2224 292 2253 his
306 2222 402 2252 initiis
418 2221 603 2261 profectum,
620 2220 659 2250 ad
671 2219 897 2260 generaliorem
907 2218 969 2259 sig-

244 2274 456 2305 nificationem
471 2273 563 2314 fimi,
596 2279 627 2302 et
652 2270 812 2301 sanctioris
838 2270 970 2308 templo-

244 2338 315 2357 rum
338 2325 486 2363 recessus,
513 2325 699 2355 vocabulum
721 2334 777 2362 pro
801 2320 890 2353 solita
907 2332 968 2351 ser-

244 2379 346 2410 monis
369 2377 583 2418 progressione
605 2376 797 2416 demigravit.
844 2374 971 2405 Glossa-

243 2433 325 2462 rium
354 2437 454 2461 vetus:
490 2434 510 2449 ‘⁴
538 2431 721 2464 Delubrum,
750 2428 871 2467 ξοανον.”
918 2427 970 2456 De

243 2488 302 2516 hoc
327 2491 432 2515 autem
448 2493 561 2525 genere
577 2482 754 2522 imaginum
769 2481 870 2511 multa
887 2479 969 2519 apud

244 2544 361 2568 veteres
375 2538 576 2567 obversantur
591 2539 776 2570 memorata3
805 2533 859 2562 sed
881 2533 967 2562 locus

246 2589 365 2630 Orphei
391 2589 424 2619 in
450 2586 673 2628 Argonauticis
698 2585 842 2615 sufficiat:
873 2595 967 2624 quem

245 2641 430 2672 testimoniis
441 2639 568 2670 aliunde
594 2638 784 2677 depromptis
798 2642 966 2676 antepono,

245 2693 329 2732 quod
352 2692 464 2723 criticae
490 2690 603 2721 mansis
628 2695 726 2730 egeat.
771 2688 904 2729 Legitur
929 2687 968 2718 ad

243 2752 302 2773 ver.
320 2747 390 2774 603.

285 2855 374 2888 Antros?
398 2856 466 2879 ΕΓΩ
500 2855 660 2880 ΦΟΡΜῘΓΓ
683 2854 773 2888 &fol-cm
795 2864 865 2886 μετα
889 2862 979 2887 χεςσιῑ

382 2901 521 2926 AEIPssN·

287 2948 368 2981 Αργος
384 2946 405 2974 δ’
419 2947 544 2974 ΑΥΤῙΧ“
558 2948 635 2978 ἵκοιιε,
658 2954 730 2974 >wrm
746 2957 842 2982 ευεργεοι
856 2958 907 2974 ινα.

1055 963 1098 992 ’ος
1111 972 1149 994 γε,
1172 967 1305 995 ‘tarvennis
1317 965 1407 990 ελωτης
1419 965 1582 995 αμφισλεκες,
1603 970 1662 997 epm,-

1057 1011 1168 1042 Αμπελε
1180 1014 1287 1037 οιυοιλεῆς
1300 1011 1343 1040 οξει
1356 1017 1474 1043 σιτεκερσε
1486 1008 1584 1043 mom·

1056 1059 1139 1084 Ξεσσε
1153 1056 1173 1083 δ’
1186 1066 1353 1090 erm-rotmiro&
1364 1058 1455 1091 βρετας
1467 1055 1527 1091 lepor
1538 1056 1690 1092 ιδμοσυνῃσι,

1052 1107 1155 1138 Μιμνειν
1167 1105 1268 1139 εμπεδον
1283 1113 1332 1130 mer
1346 1103 1382 1129 εντ’
1394 1113 1528 1137 sco-optem&
1540 1103 1679 1139 wopam-015.

1016 1181 1203 1211 Criticarum
1218 1181 1377 1211 rationum
1392 1190 1455 1210 non
1470 1180 1585 1220 ignari,
1611 1180 1637 1210 si
1658 1191 1690 1211 se
1704 1180 1746 1212 ad

1012 1232 1118 1263 locum
1147 1233 1320 1270 conferant,
1350 1239 1380 1262 et
1406 1232 1567 1262 varietates
1595 1232 1742 1263 codicum

1013 1284 1218 1322 considerent,
1235 1283 1493 1314 emendationum
1507 1294 1652 1314 mearum
1666 1283 1741 1314 fun-

1013 1334 1068 1364 dos
1093 1334 1182 1365 nullo
1208 1335 1335 1375 negotio
1360 1334 1552 1374 intelligent;
1588 1334 1642 1365 sed
1668 1344 1740 1373 pro-

1011 1385 1103 1415 lixior
1117 1387 1257 1423 haberer,
1281 1385 1319 1415 de
1342 1385 1500 1422 omnibus,
1524 1395 1595 1426 quae
1609 1384 1743 1416 subinde

1013 1438 1092 1468 forte
1107 1437 1233 1468 fortuna
1244 1437 1335 1468 nobis
1349 1437 1542 1475 oboriantur,
1558 1437 1599 1468 ad
1610 1447 1744 1468 examen

1014 1490 1148 1519 severius
1164 1495 1308 1530 satagens
1326 1489 1546 1528 expendendis„

1058 1542 1130 1572 Ver.
1161 1545 1232 1572 555.
1269 1543 1467 1572 Turicremas
1499 1553 1580 1572 aras.

1015 1595 1089 1624 AEn.
1106 1594 1144 1623 iv.
1162 1597 1232 1624 453.

1639 1542 1749 1581 Maro,

1146 1666 1287 1691 turicremis
1299 1673 1383 1698 quum
1396 1666 1465 1690 dona
1479 1665 1619 1697 inponeret
1631 1666 1727 1690 aris—.

1017 1731 1168 1761 Conferas
1183 1731 1278 1760 etiam
1294 1731 1369 1760 AEn.
1384 1729 1416 1759 ii.
1433 1732 1507 1759 202.
1526 1729 1580 1759 sed
1595 1728 1743 1760 imitatio-

1014 1793 1087 1813 nem
1103 1782 1325 1822 expressiorem
1345 1781 1418 1817 loci,
1433 1791 1527 1822 quem
1542 1780 1747 1819 celebramus,

1013 1835 1154 1866 exhibuit
1169 1835 1220 1865 ille
1237 1835 1446 1872 Mantuanus,
1468 1833 1508 1863 ad
1523 1843 1593 1873 geo.
1610 1833 1654 1863 iii.
1673 1836 1745 1864 515.

1028 1919 1096 1943 Ecce
1109 1920 1214 1947 autem,
1230 1917 1298 1941 duro
1310 1915 1418 1940 fumans
1428 1915 1476 1938 sub
1489 1921 1608 1944 vomere,
1625 1917 1720 1938 taurus

1026 1958 1147 1988 Concidit,
1159 1962 1196 1987 et,
1208 1957 1329 1982 mixtum
1340 1955 1452 1988 spumis,
1465 1954 1549 1979 vomit
1560 1962 1601 1979 ore
1612 1961 1738 1983 cruorem,-

1028 1999 1228 2028 Extremosque
1239 1996 1292 2022 ciet
1304 1995 1429 2028 gemitus.

1012 2069 1168 2100 Dictionis
1183 2074 1290 2099 autem
1314 2069 1448 2099 concidit
1468 2066 1593 2106 plenam
1608 2070 1741 2104 potesta-

1009 2128 1074 2152 tem
1090 2132 1154 2151 non
1171 2121 1257 2151 aliter
1272 2120 1418 2157 declares,
1443 2128 1538 2159 quam
1557 2116 1678 2146 Graecis
1689 2126 1744 2146 vo-

1014 2173 1100 2204 cibus
1115 2175 1212 2214 αθροως
1230 2184 1340 2203 πιπτει.
1386 2170 1453 2200 Nos
1465 2168 1566 2208 Angli
1581 2167 1740 2198 subitane-

1014 2235 1066 2254 am
1092 2224 1179 2254 illam
1203 2225 1416 2253 membrorum
1439 2220 1649 2260 collapsorum
1674 2219 1742 2249 rui-

1014 2286 1100 2313 nam,
1117 2285 1211 2316 quam
1222 2274 1313 2304 tacite
1322 2272 1498 2312 praepositio
1507 2270 1661 2311 suggerit,
1678 2280 1743 2300 non

1014 2327 1103 2357 aliter
1119 2332 1338 2365 repraesentare
1363 2325 1501 2365 quimus,
1524 2333 1620 2364 quam
1636 2321 1742 2352 dicen-

1015 2379 1067 2416 do,
1091 2382 1113 2396 “
1131 2378 1185 2408 He
1200 2377 1270 2407 faus
1286 2380 1318 2407 ἰη
1335 2388 1353 2406 α
1369 2378 1465 2415 lump,
1482 2385 1517 2405 or
1532 2377 1565 2405 in
1581 2386 1599 2404 (ι
1617 2373 1728 2413 lzeap.”

1057 2431 1130 2461 Ver.
1140 2433 1211 2460 354.
1230 2429 1385 2469 Major-em
1398 2433 1518 2467 partem
1533 2426 1664 2466 hujusce
1673 2434 1740 2454 ver·-

1013 2483 1065 2512 sfis
1085 2482 1222 2512 mutuari
1239 2480 1374 2521 Virgilio
1389 2480 1491 2510 visum
1515 2485 1572 2516 est,
1596 2477 1636 2507 ad
1666 2477 1743 2507 AEn.

1014 2536 1054 2566 ix.
1070 2538 1140 2565 414.

1012 2608 1134 2633 Volvitur
1148 2608 1201 2637 ille,
1218 2614 1325 2631 vomens
1336 2605 1446 2630 calidum
1458 2604 1488 2628 de
1497 2606 1592 2636 pectore
1593 2600 1734 2632 flumen—.

1616 2671 1739 2703 Eodem

1057 2681 1129 2710 Ver.
1154 2683 1225 2711 555.
1259 2681 1354 2709 saltus
1378 2685 1559 2718 peragrans.

1012 2732 1108 2762 modo
1124 2730 1288 2772 Virgilius,
1315 2730 1391 2760 AEn.
1409 2729 1447 2758 iv.
1465 2730 1515 2757 72.

1147 2813 1189 2838 illa
1201 2813 1264 2844 fuga
1276 2811 1373 2844 sylvas,
1388 2809 1530 2838 saltusque,
1545 2807 1706 2837 peragrat-.

1015 2887 1078 2918 Ubi
1107 2886 1231 2916 Servius
1256 2882 1410 2922 apposite:
1447 2883 1468 2898 “
1496 2881 1668 2918 Peragrare
1685 2881 1742 2912 est,

1015 2943 1037 2959 “
1053 2938 1218 2969 circumire
1233 2932 1450 2975 inquirende.”
1498 2931 1593 2961 Hanc
1615 2938 1740 2967 compa-
