1894 3253
212 285 275 326 56

723 282 783 329 T.
827 279 1208 329 LUCRETII

362 411 544 466 Quippe,
567 410 638 451 ubi
658 410 769 453 nulla
788 411 924 452 forent
943 420 1099 453 aeterno
1120 426 1293 467 corpore
1306 430 1325 462 ;¹
1352 427 1539 468 quorum-

366 485 623 526 Contextum
644 486 704 526 vis
724 485 893 526 deberet
912 485 1130 527 dissolvere
1149 500 1343 541 quaeque.-

249 563 332 599 ‘245
366 559 424 598 At
443 573 570 609 nunc,
593 560 700 601 inter
721 575 763 601 se
782 561 879 617 quia
898 575 1029 601 nexus
1049 561 1348 616 principiorum

364 633 593 675 Dissimiles
614 643 818 685 constant,
841 643 1077 691 aeternaque
1097 636 1285 677 materies
1306 644 1380 685 est,

366 707 568 749 Incolomi
589 717 804 750 remanent
824 724 888 750 res
910 724 1098 764 corpore,
1121 709 1221 751 dum
1243 710 1337 750 satis
1357 710 1462 751 acris

224 863 344 903 Vulg0‚
360 874 493 894 caussae:
519 863 573 894 sed
594 865 714 894 Donati
731 865 953 895 commentari-

222 925 261 945 us
276 921 415 944 nostram
431 920 538 945 tuetur
552 916 786 947 divinationem.
833 923 853 935 ·‘
870 917 955 948 Mire

225 971 247 986 ‘⁶
265 967 417 1006 expressit
440 967 673 1006 indulgentiam
689 968 784 1006 patris
806 978 880 1008 erga
896 969 955 998 fili-

225 1023 246 1037 “
263 1029 328 1049 um.
384 1018 474 1056 Erat,
504 1018 618 1059 inquit,
650 1031 777 1055 caussa5
819 1019 873 1050 sed
901 1031 958 1060 pro

225 1075 245 1089 ¹‘
262 1070 473 1101 amaritudine
484 1071 709 1113 objurgationis
719 1083 782 1102 non
793 1078 859 1102 erat
867 1075 954 1107 satis;

226 1126 248 1140 “
264 1123 324 1152 hoc
349 1128 406 1159 est,
432 1132 497 1152 non
524 1125 632 1153 idonea
656 1123 850 1154 videbatur.'‘
897 1124 959 1153 Vix

223 1174 314 1205 aliter
340 1173 444 1214 legere
465 1175 603 1212 potuerit
625 1175 858 1214 grammaticus
906 1176 960 1206 Ci-

225 1235 308 1262 cero,
325 1224 364 1254 de
375 1224 458 1264 legg.
474 1225 493 1254 i.
514 1228 560 1255 IO.
593 1228 615 1243 “
635 1225 729 1260 Quod
744 1232 958 1265 argumentum

226 1280 247 1294 “
263 1278 339 1306 sutis
363 1281 418 1310 est,
443 1275 566 1305 nullam
581 1275 871 1306 dissimilitudinem
896 1287 960 1306 esse

226 1331 249 1346 “
266 1327 299 1357 in
315 1326 469 1367 genere:’‘
493 1327 549 1357 ubi
565 1327 777 1358 consulendus
800 1334 846 1358 est
862 1328 959 1358 Davi-

226 1379 303 1417 sius,
316 1379 456 1409 Lucretii
473 1389 537 1408 non
553 1378 683 1417 oblitus3
704 1386 741 1409 ut
756 1380 962 1410 Burmannus

227 1431 334 1469 etiam,
361 1431 402 1461 ad
427 1431 518 1471 Virg.
548 1432 622 1462 AEn.
638 1432 681 1462 iii.
704 1435 777 1462 548.
799 1432 854 1472 qui
871 1432 962 1463 nobis

227 1484 329 1513 otium
345 1483 496 1513 fecerunt.

271 1535 346 1564 Ver.
377 1537 448 1564 245.
476 1536 545 1564 ubi:
579 1534 615 1564 P.
648 1536 878 1565 iba—ceterum
914 1535 962 1565 M.

227 1593 547 1626 merum—quorum.-
574 1586 718 1626 vulgares
735 1587 897 1622 editiones,
914 1598 961 1617 eo-

227 1650 318 1673 rum;
355 1638 522 1668 vanissime
552 1644 583 1668 et
614 1639 823 1675 inscitissime,
854 1644 963 1669 contra

230 1691 339 1721 omnia
353 1700 452 1720 manu
467 1689 581 1728 scripta
595 1689 798 1729 exemplaria,
814 1696 845 1720 et
859 1696 961 1720 vetus-

229 1743 309 1772 tiora
323 1741 405 1781 typis
419 1750 542 1771 excusa.

272 1793 348 1823 Ver.
367 1795 438 1822 244.
461 1794 506 1822 vd>
528 1802 672 1831 quaeque:
698 1791 718 1822 i.
734 1802 759 1822 e.
786 1795 806 1809 “
823 1792 871 1822 vel
893 1803 963 1832 par-

230 1850 252 1865 “
269 1846 409 1882 vissima;
437 1845 552 1885 quippe
577 1855 676 1885 quum
700 1855 749 1875 res
772 1855 837 1875 non
864 1846 966 1886 magis

230 1903 255 1919 ‘⁴
270 1904 324 1928 aut
354 1897 460 1927 minus
489 1897 571 1926 inter
598 1907 630 1926 se
658 1907 747 1926 nexae
770 1896 884 1935 forent,
912 1897 966 1927 sed

231 1953 254 1968 “
271 1947 374 1987 fragili
391 1957 518 1986 corpore
536 1953 566 1977 et
588 1947 759 1985 imbecillo,
784 1947 814 1976 vi
838 1948 966 1978 cuilibet

231 2004 255 2019 “
272 1999 420 2029 obnoxia:
448 2008 524 2027 nam
544 1997 623 2026 nihil
649 2003 695 2027 est
721 1997 863 2027 medium
886 1998 967 2029 inter

233 2055 255 2070 “
272 2056 387 2080 aeterna
413 2047 586 2087 primordia
612 2053 642 2077 et
668 2047 807 2077 maxime
832 2047 965 2079 dissolu-

233 2107 256 2122 “
273 2101 365 2138 bilia3
404 2109 505 2139 neque
537 2098 585 2128 vel
622 2097 778 2128 levissima
814 2099 967 2129 caussatio

234 2159 257 2174 “
274 2154 339 2185 fieri
355 2158 466 2193 potest,
487 2151 565 2192 quin
582 2151 692 2192 quovis
706 2157 858 2190 tempore,
882 2157 913 2182 et
927 2162 965 2182 ex

235 2206 395 2245 “impetu
420 2203 542 2244 quovis,
568 2202 706 2242 partium
731 2202 769 2232 sit
788 2202 966 2239 discidium,

235 2263 257 2277 “
274 2264 305 2288 et
320 2255 493 2287 interitus.'¹

278 2310 353 2339 Ver.
385 2310 456 2338 247.
493 2312 649 2337 remanent
687 2316 819 2346 corpore.

236 2368 309 2393 met.
324 2361 369 2391 iii.
386 2363 458 2392 495.

874 2305 966 2336 Ovid.

265 2432 321 2455 Nec
331 2431 418 2461 corpus
436 2430 558 2457 remanet,
578 2426 714 2458 quondam
734 2425 807 2458 quod
827 2428 965 2451 amaverat

390 2467 473 2492 Echo.

236 2528 346 2564 Porro,
361 2525 431 2556 loco
446 2526 538 2560 acris,
555 2523 592 2554 P.
605 2524 642 2554 B.
658 2525 737 2554 actis
747 2536 756 2553 .·
782 2528 813 2553 et
828 2522 862 2553 in
876 2532 966 2553 versu

236 2581 430 2621 insequente,
446 2580 512 2610 vice
524 2590 594 2619 pro,
611 2578 646 2608 P.
658 2578 700 2608 V.
716 2577 765 2607 ed.
781 2577 820 2608 Β.
837 2581 872 2607 Δ.
883 2587 964 2616 prae:

236 2641 295 2661 nec
310 2642 373 2661 non
390 2632 426 2662 P.
442 2637 566 2665 retexta,
583 2639 638 2669 pro
652 2635 781 2669 reperta.

280 2686 357 2716 Ver.
375 2690 447 2716 248.
485 2686 526 2716 In
539 2685 676 2716 editione
691 2683 886 2715 Bononiensi
901 2693 967 2713 ver-

238 2748 291 2768 sus
305 2737 345 2767 ad
362 2738 442 2767 hanc
458 2738 593 2768 formam
608 2743 779 2777 comparet:

301 2803 344 2827 Vis
355 2804 443 2834 obeat,
452 2805 612 2836 praeeexturd
624 2805 753 2836 cujusque
763 2804 863 2829 retexta}
874 2812 883 2829 .·

238 2861 470 2891 constructione
484 2862 591 2892 minus
606 2860 768 2892 enucleata
777 2874 786 2899 ;
809 2871 905 2902 quam
921 2865 966 2890 ta-

238 2923 312 2943 men
336 2913 380 2942 ita
416 2911 571 2943 declarare
609 2913 686 2943 Pius
716 2920 762 2943 est
783 2922 963 2953 aggressus:

240 2969 259 2983 “
280 2965 362 2995 Cum
394 2965 516 2996 Natura
546 2964 714 2995 retexuerit
743 2965 893 3006 cujusque
922 2964 968 2993 rei
1012 2962 1081 2993 aliis
1109 2960 1289 3000 corporibus
1318 2960 1423 2991 statim
1452 2959 1611 2990 nascituri.

985 3033 1006 3059 5

999 867 1020 883 “
1037 871 1191 905 corruptae
1205 869 1435 904 praetexturam,
1454 865 1514 894 hoc
1529 870 1585 901 est,
1601 874 1729 904 corpus;

1000 920 1022 935 “
1039 917 1134 957 quod,
1171 923 1341 957 antequam
1377 916 1552 947 advenisset
1585 916 1728 956 privatio,

1001 971 1022 984 “
1036 973 1243 1006 praetexuerat
1267 974 1299 997 et
1313 967 1522 1005 disposueram
1545 978 1631 997 nunc
1657 968 1729 997 lmi-

1002 1022 1024 1036 “
1040 1024 1104 1049 tata
1134 1019 1257 1048 Natura
1287 1018 1468 1057 Penelopen
1496 1019 1616 1054 retexit,
1646 1018 1732 1059 quod

1004 1075 1023 1088 ‘⁶
1038 1070 1125 1110 prius
1154 1070 1326 1100 texuerat.”
1389 1070 1451 1100 Cui
1481 1080 1539 1100 nos
1570 1070 1733 1100 obstinatis

1005 1123 1132 1153 auribus
1146 1122 1404 1153 obsurdescimus.

1047 1174 1122 1204 Ver.
1141 1178 1212 1205 249.
1235 1176 1314 1204 redit
1340 1174 1425 1203 abest
1447 1183 1466 1203 a
1483 1179 1524 1204 Π.
1548 1173 1603 1214 qui
1625 1178 1657 1203 et
1678 1174 1733 1203 illa

1004 1236 1068 1265 prae
1083 1237 1115 1255 se
1130 1226 1200 1261 fert,
1216 1235 1272 1264 pro
1288 1227 1361 1255 ulla.

1047 1279 1122 1308 Ver.
1150 1281 1222 1308 250.
1252 1289 1382 1317 corpore.
1429 1277 1480 1307 Sic
1508 1282 1542 1307 Δ.
1568 1284 1608 1308 Π.
1630 1283 1667 1309 Σ.
1687 1284 1734 1308 Ω.

1005 1330 1126 1360 ratione
1142 1329 1294 1359 nimirum
1310 1328 1463 1369 exquisita
1478 1329 1580 1369 magis
1595 1335 1625 1359 et
1637 1330 1736 1369 po'e'ti-

1005 1382 1054 1413 ca:
1093 1381 1146 1411 alii
1173 1393 1310 1421 corpora,
1343 1381 1427 1421 quod
1454 1381 1504 1410 vix
1531 1383 1652 1420 probes,
1682 1387 1738 1412 aut

1005 1434 1100 1465 colori
1116 1434 1200 1465 dicas
1220 1434 1279 1464 loci
1298 1440 1554 1469 consentaneum,
1572 1445 1646 1464 nam
1663 1434 1736 1464 Ma-

1005 1486 1116 1518 teriam
1144 1499 1345 1528 mom-mmm
1369 1492 1486 1516 noster:
1513 1497 1622 1525 corpus
1641 1486 1738 1526 igitur

1007 1539 1154 1570 Materiae
1170 1543 1271 1577 potest
1287 1538 1386 1577 ipsam
1404 1538 1583 1568 Materiam.
1628 1539 1739 1578 Appo-

1008 1592 1065 1622 site
1081 1590 1250 1631 Virgilius,
1267 1596 1298 1620 et
1314 1589 1482 1630 eleganter,
1508 1590 1583 1620 AEn.
1600 1589 1650 1620 vii.
1667 1593 1739 1622 650.

1039 1650 1116 1675 Filius
1127 1649 1189 1674 huic
1199 1650 1280 1680 juxta
1295 1651 1411 1679 Lausus;
1430 1656 1484 1680 quo
1496 1649 1632 1680 pulchrior
1642 1649 1710 1674 alter

1037 1692 1096 1714 Non
1108 1689 1171 1719 suit,
1182 1693 1300 1719 excepto
1312 1688 1452 1713 Laurentis
1464 1691 1563 1719 corpore
1574 1688 1665 1712 Turni.

1009 1739 1077 1769 Nec
1092 1738 1198 1768 minus
1213 1737 1253 1767 ad
1269 1747 1335 1767 rem
1350 1737 1426 1767 facit
1441 1737 1516 1768 AEn.
1532 1737 1571 1767 vi.
1589 1739 1661 1768 727.

1022 1799 1098 1822 Mens
1109 1797 1193 1829 agitat
1204 1796 1316 1826 molem,
1328 1799 1355 1820 et
1363 1803 1463 1828 magno
1474 1803 1501 1821 se
1511 1800 1610 1828 corpore
1621 1796 1726 1821 miscet.

1010 1847 1062 1877 De
1087 1846 1241 1887 regimine
1266 1856 1339 1876 vero
1366 1845 1473 1876 minus
1499 1846 1632 1887 vulgari,
1656 1847 1741 1887 quod

1009 1899 1143 1931 librariis
1167 1898 1238 1928 ideo
1264 1898 1425 1937 imposuit,
1453 1908 1511 1928 nos
1524 1898 1618 1937 plena
1642 1908 1741 1929 mann

1010 1951 1203 1983 contulimus
1239 1950 1279 1981 ad
1322 1949 1394 1980 silv.
1427 1950 1503 1981 Crit.
1534 1950 1566 1980 ii.
1602 1961 1653 1989 pp.
1686 1954 1741 1988 56,

1014 2008 1083 2034 152.
1127 2010 1159 2033 et
1194 2014 1221 2034 ν.
1259 2015 1310 2042 pp.
1346 2008 1400 2041 50,
1431 2007 1481 2034 31.
1520 2014 1590 2044 quae
1623 2003 1742 2041 videas,

1010 2061 1040 2086 et
1062 2065 1163 2094 nuper
1177 2055 1260 2085 dicta
1285 2055 1325 2085 ad
1350 2065 1412 2085 ver.
1427 2059 1480 2085 56.
1504 2056 1634 2095 hujusce
1660 2055 1740 2085 libri.

1013 2106 1170 2136 Credibile
1192 2112 1238 2136 est
1261 2106 1338 2136 alios
1353 2106 1475 2136 codices
1498 2106 1743 2144 suppeditavisse

1009 2164 1147 2188 nostram
1162 2158 1329 2188 lectionem
1335 2170 1344 2195 3
1369 2158 1433 2194 sed,
1450 2158 1504 2197 qui
1520 2158 1661 2188 referunt
1676 2158 1742 2188 suf.

1011 2210 1111 2251 fragia
1140 2211 1407 2246 membranarum,
1439 2209 1538 2241 nimio
1567 2215 1640 2239 sunt
1669 2221 1742 2249 pro-

1011 2263 1100 2301 pensi
1115 2263 1154 2292 ad
1171 2273 1206 2293 ea
1225 2261 1364 2298 tacenda,
1387 2272 1457 2302 quae
1473 2261 1618 2291 videntur
1633 2263 1740 2292 absur-

1011 2314 1109 2352 diora,
1125 2325 1224 2354 quum
1237 2320 1363 2353 captum
1377 2323 1472 2344 suum
1488 2319 1642 2352 superent.
1670 2314 1741 2343 Ali-

1010 2372 1057 2396 ter
1072 2376 1136 2395 non
1153 2365 1344 2405 expediveris
1359 2364 1438 2395 illud
1463 2365 1652 2403 statianum,
1675 2364 1740 2396 silv.

1009 2418 1029 2448 i.
1046 2421 1074 2448 2.
1094 2421 1163 2449 109.

1377 2468 1465 2493 tellure
1476 2467 1606 2493 cadentem

1088 2509 1201 2540 Excepi,
1213 2508 1324 2540 fovique
1333 2508 1406 2533 sinu:

1010 2557 1030 2587 i.
1046 2567 1072 2587 e.
1095 2559 1128 2588 in
1144 2556 1266 2593 tellure,
1289 2567 1364 2587 cum
1379 2562 1500 2588 rectum
1515 2556 1617 2586 fuerat
1636 2555 1668 2585 in
1684 2557 1739 2586 tel-

1011 2611 1116 2640 lurem.

1013 2661 1121 2700 Ipsam
1135 2660 1275 2690 Lucretii
1291 2660 1453 2690 notionem
1468 2658 1512 2688 sic
1520 2656 1676 2698 Virgilius
1690 2667 1739 2687 re-

1011 2712 1219 2752 praesentavit,
1235 2723 1303 2753 geo.
1323 2712 1362 2742 iv.
1379 2714 1450 2741 225.

1175 2772 1228 2796 huc
1241 2771 1315 2796 reddi
1325 2770 1430 2799 deinde,
1441 2776 1472 2793 ac
1488 2767 1603 2794 resoluta
1613 2767 1716 2799 referri,

1041 2813 1148 2837 Omnia.

1055 2861 1130 2891 Ver.
1159 2863 1230 2890 251.
1255 2864 1402 2898 pereunt:
1428 2857 1447 2887 i.
1460 2867 1486 2888 e.
1513 2856 1611 2886 oculis
1636 2856 1738 2886 homi-

1011 2922 1102 2949 num,
1133 2916 1163 2940 et
1191 2909 1293 2949 priore
1310 2908 1422 2946 forma,
1446 2907 1683 2945 tantummod03
1705 2907 1739 2937 in

1664 2959 1741 2989 Huc
