1894 3253
649 254 710 303 T.
760 252 1143 303 LUCRETII

301 387 442 443 Atque
463 385 606 428 eadem
627 385 769 442 magni
790 385 913 427 refert
932 386 1160 441 primordia
1180 400 1288 442 saepe

303 462 411 503 Cum
433 460 597 516 quibus,
621 467 662 501 et
682 459 792 515 quali
811 459 1013 515 positura,
1035 461 1345 511 contineantur3

302 535 359 576 Et
379 549 481 589 quos
501 535 610 575 inter
630 550 672 575 se
692 534 792 575 dent
812 543 963 584 motus,
986 534 1288 590 adcipiantque.

186 614 268 650 8⁶20
300 609 491 664 Namque
512 609 654 650 eadem
677 609 842 660 coelum,
865 624 994 659 mare,
1017 617 1160 659 terras,
1182 609 1368 660 flumina,
1392 610 1533 662 solem,

304 683 591 733 Constituunt3
625 683 769 724 eadem
790 683 943 740 fruges,
972 683 1152 734 arbusta,
1175 684 1430 725 animanteis:

305 757 478 807 Verum,
502 758 588 798 aliis
609 758 769 814 alioque
789 759 915 799 modo
937 759 1165 808 conmixta,
1187 767 1417 800 moventur.

301 831 418 879 Quin
440 832 563 873 etiam
584 833 735 887 passim
756 833 905 874 nostris
926 834 969 873 in
990 833 1172 873 versibus
1192 833 1289 887 ipsis

301 905 443 946 Multa
463 906 663 947 elementa
683 907 811 957 vides,
833 907 970 948 multis
991 907 1216 947 conmunia
1237 906 1391 956 verbis3

184 983 267 1020 825
302 979 445 1028 Quom
466 989 605 1021 tamen
626 981 734 1021 inter
755 996 796 1021 se
817 995 971 1030 versus,
995 995 1042 1021 ac
1062 980 1202 1029 verba,
1225 994 1387 1021 necesse
1408 988 1467 1021 est

300 1054 554 1105 Confiteare,
578 1063 617 1096 et
639 1070 698 1104 re,
722 1062 763 1095 et
784 1055 921 1095 sonitu
942 1054 1094 1095 distare
1115 1054 1293 1094 sonanti:

151 1194 271 1224 tionem
286 1194 506 1234 amplectimur
521 1200 551 1224 et
573 1200 718 1224 tenemus
732 1194 886 1235 vulgatio-

153 1256 230 1276 rem.

195 1299 270 1328 Ver.
288 1300 359 1328 825.

155 1353 192 1380 A.
210 1355 250 1379 Π.
267 1360 352 1379 versu
361 1365 370 1384 ;
397 1349 438 1378 V.
456 1347 502 1378 ed.
519 1360 637 1379 vorsus:
664 1349 747 1388 quod
762 1350 868 1388 probo.

197 1400 272 1430 Ver.
291 1403 361 1430 827.
372 1406 547 1439 permutato
561 1402 686 1430 ordine:
715 1407 756 1430 Π.
776 1406 889 1431 mutato

385 1308 432 1328 se:
471 1301 506 1328 Σ.
532 1308 764 1328 sesa—versus:
790 1297 887 1328 vind.

152 1454 285 1483 nomine.

197 1504 271 1534 Ver.
289 1507 360 1533 828.
383 1505 446 1533 At:
474 1503 514 1533 V.
532 1503 578 1533 ed.
594 1503 632 1533 L.
653 1504 771 1543 Atque:
798 1515 887 1533 nem-

153 1565 192 1594 pe
208 1555 375 1585 Lucretius
395 1554 524 1584 fortasse
544 1554 715 1593 scripserat,
739 1555 801 1584 alio
816 1565 890 1586 cum

153 1606 263 1637 ordine
278 1608 459 1635 verborum:

247 1667 281 1689 At
291 1671 348 1697 quae
360 1666 422 1688 sunt
433 1671 523 1688 rerum
534 1664 753 1695 primordia—.

197 1713 278 1743 Ibid.
297 1713 459 1743 Bentleius
471 1712 585 1742 maluit
600 1715 756 1744 adhiberi:
791 1713 887 1753 quod,

151 1771 313 1806 utcunque
329 1765 481 1805 majorem
497 1775 560 1803 prae
583 1775 614 1794 se
630 1765 708 1795 ferat
729 1772 887 1796 construc-

151 1817 246 1847 tionis
269 1817 464 1855 facilitatem,
496 1817 621 1847 admitti
648 1817 681 1846 in
704 1824 887 1848 contextum

152 1869 253 1899 nolim
269 1869 336 1900 sine
352 1870 447 1900 libris.

193 1921 269 1951 Ver.
288 1925 358 1952 850.
387 1924 586 1961 Anaxagorae
604 1922 792 1952 sententiam
809 1922 887 1952 fusi-

154 1982 192 2001 us
207 1979 369 2011 exponunt
387 1973 548 2013 Diogenes
564 1973 708 2003 Laertius
723 1974 757 2003 in
772 1974 846 2011 vita,
858 1981 888 2004 et

151 2021 350 2058 Plutarchus,
373 2023 450 2061 plac.
467 2023 543 2062 phil.
563 2023 581 2053 i.
597 2028 626 2054 5.
650 2024 704 2054 sed
721 2024 885 2055 dilucidio-

150 2081 200 2101 res
214 2078 286 2101 sunt
298 2073 435 2102 Lucretii
452 2074 597 2110 rationes,
614 2085 711 2114 quam
727 2085 796 2114 quae
813 2077 884 2105 sub-

150 2122 231 2152 sidio
246 2123 451 2161 interpretum
467 2123 637 2163 indigeant.
668 2125 775 2161 Porro,
796 2126 885 2155 Grae-

152 2183 223 2203 cam
258 2183 366 2203 vocem
399 2174 519 2203 Graecis
548 2174 645 2203 literis
678 2176 885 2206 exhibendam

150 2225 341 2264 putavimus,
379 2226 521 2266 quamvis
549 2225 693 2264 pluribus
726 2227 758 2256 in
789 2228 886 2264 libris,

152 2282 217 2306 tam
233 2277 352 2315 scriptis
368 2287 463 2317 quam
490 2277 589 2313 editis,
618 2278 732 2308 Latine
757 2279 797 2308 sit
812 2290 884 2309 exa-

150 2333 232 2357 rata:
260 2328 325 2365 sed,
343 2334 378 2357 ut
394 2327 526 2358 editores
541 2328 738 2365 fluctuantes,
756 2330 789 2359 in
804 2330 883 2360 libro

150 2387 272 2420 quartO,
299 2381 411 2411 Graeco
431 2382 605 2411 charactere
628 2381 778 2413 dictiones
799 2383 882 2413 mul-

150 2437 198 2461 tas
220 2431 330 2461 darent
354 2432 531 2471 impressaS,
556 2433 606 2462 hic
632 2439 739 2463 autem
756 2434 883 2472 Latino,

152 2483 274 2513 idoneae
304 2495 421 2514 caussae
446 2495 510 2514 non
541 2485 692 2515 exstitere.
740 2492 783 2516 Ω.
812 2497 885 2516 sane

154 2534 241 2564 deest
256 2536 387 2565 omnino
414 2546 485 2573 vox,
512 2542 548 2566 ut
573 2536 667 2566 etiam
689 2537 724 2567 in
738 2548 800 2568 ver.
814 2542 885 2568 854.

155 2584 282 2616 librario
308 2587 446 2617 fortassis
464 2588 589 2618 Graecas
606 2588 711 2619 literas
736 2599 802 2619 non
822 2589 885 2619 cal-

151 2633 244 2665 lente.

195 2686 266 2715 Ver.
297 2691 369 2718 831.
408 2691 518 2720 Graii:
554 2690 598 2720 sic
627 2691 669 2722 G.
697 2692 734 2722 L.
761 2692 809 2722 Μ.
837 2699 883 2723 Ω.

157 2737 253 2768 Grai:
279 2738 402 2777 reliqui,
427 2742 549 2777 Groeci,·
574 2742 658 2782 quod
673 2743 840 2783 antiquius,

198 2789 274 2818 Ver.
293 2792 364 2819 832.
382 2794 482 2829 patrii
496 2796 641 2825 sermonis
655 2801 785 2833 egestns;
802 2797 884 2826 hanc

153 2840 318 2870 verborum
345 2843 603 2874 consociationem
632 2846 798 2877 difficiliter
828 2847 882 2877 ad-

153 2890 320 2921 mittentis:
346 2891 379 2921 in
395 2893 485 2932 cujus
499 2900 605 2926 tamen
623 2897 781 2936 juncturae
796 2898 883 2928 calli-

155 2943 250 2974 ditate
264 2952 322 2974 nos
335 2943 436 2984 Angli
451 2945 498 2975 vel
513 2946 587 2985 ipsis
601 2948 719 2980 Graecis
734 2960 799 2981 non
814 2951 882 2980 vin·

1086 1193 1221 1231 Plinius,
1252 1194 1338 1232 epist.
1354 1194 1392 1223 iv.
1414 1197 1462 1223 18.
1510 1197 1531 1212 “
1548 1194 1669 1230 Quem-

933 1251 955 1265 “
972 1247 1145 1277 admodum
1186 1248 1288 1287 magis
1319 1249 1488 1287 approbare
1514 1249 1570 1279 tibi
1597 1260 1669 1288 pos·

934 1301 954 1315 “
971 1308 1051 1333 sum,
1073 1304 1191 1337 quanto
1215 1309 1308 1337 opere
1324 1300 1418 1329 mirer
1444 1301 1670 1340 epigrammata

935 1352 957 1367 “
974 1354 1029 1378 tua
1046 1349 1169 1385 Graeca,
1193 1360 1288 1389 quam
1306 1351 1391 1390 quod
1407 1352 1551 1392 quaedam
1569 1364 1668 1383 aemu-

935 1400 1029 1430 “lari
1051 1400 1177 1437 Latine,
1204 1408 1233 1430 et
1257 1403 1440 1441 exprimere,
1467 1405 1602 1436 tentavi?
1627 1405 1668 1436 In

935 1455 956 1470 “
973 1452 1110 1482 deterius
1137 1457 1252 1483 tamen.
1299 1455 1425 1485 Accidit
1449 1457 1507 1486 hoc
1531 1457 1670 1495 primum

935 1508 954 1521 ‘⁴
971 1503 1185 1533 imbecillitate
1198 1504 1318 1544 ingenii
1334 1506 1409 1543 mei,
1423 1506 1536 1537 deinde
1551 1507 1670 1546 inopia,

934 1559 956 1573 “
973 1565 1009 1585 ac
1024 1555 1138 1594 potius,
1164 1562 1201 1586 ut
1216 1557 1382 1587 Lucretius
1397 1559 1450 1594 ait,
1466 1565 1594 1598 egestate
1607 1571 1668 1598 pu-

935 1611 955 1623 “
970 1608 1027 1636 trii
1041 1607 1215 1638 sermonis.''

976 1661 1051 1690 Ver.
1084 1665 1155 1692 854.
1183 1664 1401 1701 Principium:
1436 1663 1472 1693 P.
1490 1663 1529 1693 V.
1556 1663 1604 1695 ed.
1630 1664 1668 1695 Β.

935 1712 983 1742 M.
1003 1719 1042 1743 Π.
1061 1718 1095 1744 Σ.
1115 1716 1280 1753 I'rincz‘pio
1291 1730 1301 1749 ,·
1326 1714 1410 1744 haud
1426 1714 1520 1745 dubie
1544 1726 1668 1745 servan-

932 1769 977 1793 tes
1017 1774 1201 1804 germanam
1239 1765 1423 1804 scripturam
1460 1766 1671 1806 antiquitatis;

931 1814 1001 1845 vide
1017 1815 1065 1846 ad.
1080 1827 1156 1846 verr.
1177 1820 1246 1852 120,
1274 1819 1345 1853 146,
1365 1820 1434 1848 289.
1482 1817 1581 1856 Hinc,
1599 1819 1666 1857 opi-

931 1881 1000 1909 nor,
1033 1871 1198 1902 Sallustius
1235 1871 1447 1901 restituendus
1477 1878 1533 1909 est,
1571 1872 1670 1911 opicae

932 1923 1165 1954 consuetudinis
1196 1923 1341 1963 egregius
1372 1923 1542 1960 affectator,
1574 1923 1668 1954 Catil.

931 1980 962 2006 5.
980 1976 1100 2007 fiu.—“
1115 1987 1151 2007 ac
1168 1987 1231 2014 me,
1249 1987 1323 2006 cum
1339 1978 1377 2006 ab
1392 1976 1585 2017 reliquorum
1599 1988 1668 2008 ma-

931 2027 1007 2057 “lis
1032 2029 1172 2059 moribus
1198 2028 1408 2066 dissentirem,
1434 2029 1533 2058 nihilo
1559 2029 1668 2059 minus

931 2081 952 2096 “
969 2080 1096 2110 honoris
1118 2083 1260 2120 cupidum
1288 2080 1408 2117 eadem,
1433 2091 1503 2120 quae
1525 2086 1665 2119 caeteros,

931 2134 951 2147 “
967 2129 1061 2166 sama,
1078 2136 1170 2170 atque
1185 2131 1314 2168 invidia,
1335 2130 1497 2160 vexabat.’'
1543 2130 1663 2171 Vulgo,

930 2184 1052 2220 cupido.
1100 2181 1224 2212 Eadem
1241 2183 1334 2212 etiam
1352 2182 1509 2212 medicina
1525 2182 1611 2212 locus
1631 2183 1665 2213 in

930 2233 1061 2264 Anthol.
1087 2234 1156 2265 Lat.
1180 2235 1290 2265 Burm.
1318 2234 1337 2264 i.
1372 2237 1440 2265 169.
1471 2237 1518 2265 15.
1545 2234 1668 2265 videtur

929 2285 1151 2323 pet-sanandus,
1179 2286 1232 2316 ubi
1260 2286 1299 2316 de
1318 2286 1477 2317 Sirenibus
1505 2294 1536 2316 et
1552 2286 1665 2327 Ulysse

928 2336 1066 2377 quuitur
1081 2338 1188 2376 po'eta:

931 1194 1040 1224 cimur.

942 2399 1088 2423 Transiluit
1099 2399 1231 2431 scopulos,
1250 2402 1277 2424 et
1290 2399 1424 2431 inhospita
1436 2399 1525 2430 litora,
1537 2399 1638 2431 classis3

981 2437 1037 2461 111ae
1051 2438 1206 2470 praecipites
1222 2438 1353 2463 desiluere
1360 2439 1459 2469 sretom
1469 2447 1478 2463 .-

930 2486 950 2515 i.
966 2496 991 2516 e.
1014 2489 1050 2518 de
1073 2487 1208 2526 scopulis
1228 2490 1260 2518 in
1276 2488 1411 2518 fretum:
1439 2487 1494 2518 sed
1515 2493 1583 2527 post
1597 2489 1664 2518 haec

930 2538 1033 2574 verba,
1070 2545 1184 2569 motum
1223 2539 1443 2579 significantia,
1488 2538 1664 2579 praepositio

931 2599 1089 2630 nusquam
1111 2600 1175 2620 non
1201 2590 1377 2628 omittitur;
1411 2590 1496 2631 quod
1520 2591 1662 2629 pluribus

930 2639 963 2669 in
979 2638 1094 2671 horum
1117 2642 1418 2672 commentariorum
1441 2642 1573 2672 decursu
1595 2650 1662 2670 ma-

927 2693 1078 2723 nifestum
1094 2693 1258 2725 faciemus:
1286 2694 1356 2724 vide
1371 2694 1410 2724 ad
1425 2694 1458 2724 ii.
1475 2696 1547 2723 206.
1580 2691 1659 2722 Edi-

927 2749 990 2782 tur,
1018 2744 1113 2785 freto.
1171 2745 1265 2781 Quod
1295 2755 1368 2775 vero
1396 2746 1600 2775 Burmannus
1629 2749 1660 2772 et

928 2796 1082 2826 Heinsius
1104 2797 1272 2828 lectionem
1287 2796 1399 2836 prioris
1422 2795 1526 2826 versus
1546 2794 1659 2825 iverint

927 2847 1142 2887 immutatum,
1173 2855 1204 2879 et
1237 2848 1291 2878 ille
1319 2849 1441 2878 classem
1471 2848 1664 2878 transiluisse

926 2902 1059 2939 scopulos
1086 2901 1151 2930 sine
1174 2899 1316 2939 exemplo
1331 2898 1391 2929 dici
1417 2898 1562 2936 affirmet,
1590 2899 1663 2929 satis

927 2950 1035 2980 mirari
1070 2961 1200 2992 nequeo.
1245 2951 1341 2981 Anne
1373 2949 1463 2980 aliter
1492 2950 1659 2988 Horatius,
