1894 3253
201 259 295 298 222

699 249 760 295 T.
815 247 1199 296 LUCRETII

355 430 358 431 ⁷
402 381 542 430 Nunc,
565 393 659 435 quae
679 379 881 421 mobilitas
902 380 954 420 sit
973 379 1133 421 reddita
1154 380 1343 422 materiai·

348 455 618 511 Corporibus,
648 455 787 510 paucis
806 455 900 496 licet
919 454 1018 496 hinc
1039 470 1301 512 cognoscere,
1326 454 1516 496 Memmi.

348 532 552 581 Primum,
578 530 745 571 Aurora
773 545 883 572 novo
904 545 1030 586 quom
1051 530 1206 587 spargit
1225 530 1379 571 lumine
1400 538 1544 579 terras,

207 688 315 727 Vulgo
323 686 449 726 legitur,
459 686 563 716 Musis
574 686 852 726 ingemiscentibus
862 697 932 727 gra-

980 687 1031 717 Sic
1046 686 1274 727 reponendum,
1299 686 1364 716 vice
1390 687 1542 717 AEtlzera:
1569 685 1619 716 adi
1642 697 1715 727 geo.

206 740 330 769 vissime
346 745 437 778 atque
449 738 697 779 indignantibuS,
714 739 933 771 αποσκιδνατιιι.
977 739 1021 769 iii.
1048 742 1120 770 546.
1147 745 1179 768 et.
1204 738 1256 768 hic
1279 744 1460 778 sequentem
1487 743 1602 768 notam.
1649 737 1711 767 Sed

206 792 296 821 Hinc
313 791 528 821 contenderim
545 791 690 832 equidem
716 791 827 821 Silium
846 791 935 821 Itali-

207 854 281 873 cum
307 849 388 873 recte
404 843 568 872 reformari
583 853 685 882 posse,
713 843 754 873 ad
780 843 861 873 Pun.
877 843 936 874 xvi.

209 900 280 926 250.
298 906 373 924 nam
389 895 574 925 Lucretium
589 896 628 926 de
643 895 738 934 plano
751 894 904 934 sequitur:

238 957 353 986 Jamque
365 962 466 979 novum
478 954 551 978 terris
563 955 704 986 spargebat,
718 955 810 980 limine
820 955 909 987 primo

239 995 394 1027 Egrediens,
406 997 507 1018 Aurora
519 993 594 1018 diem.

212 1044 333 1085 Vulgo,
359 1046 514 1084 pariebat,
544 1041 633 1073 nulla
661 1054 736 1073 cum
767 1048 940 1073 venustate:

210 1095 263 1125 sed
295 1096 486 1134 absorpserat
517 1094 626 1134 utique
655 1094 780 1124 literam
810 1095 945 1133 primam

210 1147 307 1177 dictio
333 1146 522 1186 praecedens,
549 1152 581 1175 et
603 1151 673 1175 tum
689 1146 842 1176 facillima
863 1146 946 1176 facta

213 1205 259 1228 est
277 1198 399 1238 reliqua
414 1198 601 1236 depravatio.
645 1197 818 1238 Eleganter
834 1198 945 1228 Petro·

211 1250 294 1285 nius,
322 1260 386 1287 cap.
412 1249 484 1278 xxii.
510 1252 531 1266 ‘⁶
548 1250 701 1279 Lucet-nce
725 1259 859 1289 quoque,
886 1250 945 1279 hu-

213 1303 236 1318 “
253 1310 341 1329 more
357 1299 498 1336 defectae,
526 1305 621 1328 tenue
645 1305 676 1328 et
701 1307 878 1329 extremum
901 1302 949 1329 lu-

215 1355 238 1369 “
254 1362 321 1381 men
338 1350 552 1391 spargebant?
577 1350 733 1390 Virgilius
749 1356 867 1388 autem,
879 1350 951 1389 plus

213 1401 284 1431 loco
299 1401 451 1440 simplice,
478 1407 579 1430 totum
599 1411 723 1431 versum
739 1401 878 1432 Lucretii
901 1401 949 1431 in-

215 1453 358 1492 sumpsit.
407 1453 457 1482 Sic
476 1452 550 1482 AEn.
568 1452 606 1481 iv.
623 1455 694 1482 584.

245 1514 279 1536 Et
288 1512 344 1542 jam
354 1511 439 1542 prima
451 1517 522 1534 navo
534 1510 665 1541 spargebat
676 1510 772 1534 lumine
784 1514 864 1534 terras

247 1550 365 1575 Tithoni
374 1556 502 1574 croceum
514 1549 638 1580 linquens
651 1552 752 1574 Aurora
764 1549 866 1573 cubile:

305 1602 401 1633 Servii
431 1608 505 1632 nota
537 1613 602 1632 non
638 1604 729 1632 nobis
759 1603 860 1632 aliena
890 1610 947 1633 est:

219 1659 240 1674 “
260 1657 346 1685 Novo
363 1656 496 1684 lumine:
523 1659 580 1684 aut
604 1655 732 1689 recenti,
760 1660 815 1684 aut
842 1664 953 1685 secun-

219 1712 242 1726 “
259 1707 338 1737 dum
365 1706 555 1745 Epicureos;
589 1706 642 1746 qui
669 1705 763 1736 stulte
787 1706 887 1736 solem
916 1706 954 1737 de

222 1763 245 1778 ‘⁶
263 1759 380 1789 atomis
409 1757 520 1788 dicunt
549 1764 704 1795 constare,
742 1763 773 1788 et
801 1768 875 1787 cum
905 1758 956 1788 die

223 1814 245 1829 “
262 1809 358 1845 nasci,
385 1819 459 1839 cum
485 1809 537 1838 die
562 1809 692 1847 perire.''
740 1809 881 1848 Bo‘e'tius,
905 1810 958 1840 lib.

223 1862 253 1891 ii.
270 1866 344 1890 met.
359 1864 389 1889 5.

216 1604 270 1635 ubi

315 1921 386 1944 Cum
400 1919 463 1950 polo
476 1918 581 1943 Phaebus
592 1919 670 1943 roseis
682 1919 817 1951 quadrigis

362 1961 453 1982 Lucem
464 1962 585 1990 spargere
596 1959 725 1990 coeperit:

226 2006 383 2038 structura
399 2017 464 2037 non
480 2007 640 2037 tolerabili.
685 2008 783 2047 Lege,
802 2010 885 2048 poli:
904 2008 923 2038 i.
933 2019 958 2038 e.

224 2059 330 2089 lucem
358 2058 431 2096 poli.
484 2058 644 2098 Denique,
685 2059 793 2098 nequit
830 2060 960 2099 ambigi,

225 2110 302 2150 quin
319 2108 513 2145 Macrobius,
532 2108 594 2138 Sat.
610 2109 651 2138 vi.
666 2112 675 2137 ]
688 2131 695 2139 .
713 2110 873 2138 memoriae
889 2110 954 2139 cul-

226 2161 267 2201 pa
283 2162 326 2190 sic
342 2159 480 2189 Lucretii
495 2169 619 2188 versum
636 2160 818 2190 exhibuerit.

260 2220 330 2243 Cum
341 2217 461 2250 primurn
474 2217 578 2242 Aurora
589 2217 704 2249 respergit
716 2217 819 2242 lumine
830 2221 926 2242 terras:

228 2268 315 2299 unde
330 2273 437 2297 tamen
455 2266 638 2296 Ausonium
660 2272 834 2306 opportune
853 2276 958 2296 emen-

231 2319 375 2350 dabimus
390 2318 423 2347 in
441 2316 566 2347 Mosen.
582 2320 632 2347 62.

261 2380 354 2409 Quum
368 2377 438 2401 vada
454 2376 515 2400 lene
531 2378 635 2405 meant,
652 2375 815 2406 liquidarum
833 2379 860 2400 et
877 2375 963 2406 lapsus

386 2423 518 2448 aquarum

261 2458 362 2487 Prodit,
378 2455 498 2481 coemlefi
512 2459 635 2487 respersas
646 2455 716 2485 luce,
733 2455 840 2487 figuras.

234 2507 354 2547 Vulgo,
384 2508 554 2545 dispersas:
580 2505 635 2535 sed
660 2506 812 2544 interpres
835 2504 967 2535 tacitum

234 2568 377 2598 saporem
392 2556 530 2587 veritatis
544 2556 665 2593 habuit,
682 2562 713 2585 et
727 2555 848 2586 occulte
864 2566 967 2595 recep-

237 2616 301 2638 tam
324 2608 492 2638 lectionem
518 2607 690 2646 damnavit,
715 2613 854 2637 nostram
878 2607 966 2638 adhi-

237 2661 314 2689 bens
328 2660 361 2689 in
378 2659 595 2698 explicatione.

282 2711 356 2740 Ver.
387 2714 454 2741 144.
479 2713 574 2741 varice
600 2712 750 2741 volucres:
783 2710 805 2740 i.
830 2721 855 2740 e.
877 2710 968 2750 pictae

239 2769 520 2801 ——moroixmusmu
564 2762 634 2793 vide
670 2773 728 2792 nos
763 2763 804 2792 ad
840 2763 860 2792 i.
898 2765 968 2793 585.

243 2813 441 2843 Mantuanus
456 2824 556 2852 meus,
574 2816 648 2844 AEn.
664 2814 716 2844 vii.
731 2817 782 2844 52.

468 2872 566 2901 Variae,
577 2873 736 2903 circumque
744 2878 890 2904 supraque,

273 2911 400 2935 Adsuetae
411 2910 482 2942 ripis,
493 2912 622 2942 volucres,
639 2917 666 2938 et
678 2913 795 2938 fluminis
804 2913 891 2939 alveo.

272 2951 341 2975 Afra
352 2949 508 2975 mulcebant
518 2954 610 2975 cantu.

979 791 1184 821 Lucretianos
1214 800 1320 820 versus
1353 788 1406 819 ille
1432 789 1568 828 pressius
1592 788 1714 818 effinxit

980 841 1021 872 ad
1038 842 1113 872 AEn.
1129 841 1168 871 iv.
1185 842 1258 872 525.

1268 898 1385 930 pecudes,
1392 898 1515 929 pictaeque
1526 898 1657 928 volucres,

983 940 1107 969 Quaeque
1118 938 1188 962 lacus
1200 939 1253 962 late
1264 938 1388 968 liquidos,
1400 944 1517 968 quaeque
1526 945 1617 969 aspera
1626 937 1716 962 dumis

985 980 1066 1008 Rura,
1078 983 1171 1003 tenent
1182 986 1188 1002 2

989 1042 1044 1072 ubi
1070 1041 1200 1081 pulchre
1226 1041 1352 1071 Servius
1377 1041 1419 1071 de
1438 1041 1592 1071 vocabulo
1614 1043 1718 1080 pictoe.

990 1095 1080 1125 Hinc
1104 1094 1319 1133 interpreteris
1337 1093 1482 1129 Statium,
1508 1093 1542 1122 in
1558 1093 1627 1123 loco
1649 1094 1722 1123 sub-

990 1146 1059 1176 limi
1075 1146 1266 1184 Thebaidos,
1282 1146 1335 1175 xii.
1352 1148 1424 1176 271.

1021 1213 1123 1244 Qualis,
1135 1213 1168 1237 ab
1181 1212 1295 1236 AEtnaeis
1306 1211 1418 1236 accensa
1431 1210 1555 1243 lampade
1566 1210 1647 1240 saxis,

1022 1254 1093 1277 Orba
1102 1255 1182 1278 Ceres
1191 1259 1300 1284 magnae
1313 1251 1440 1276 variabat
1451 1251 1572 1283 imagine
1580 1251 1700 1277 flammae

1025 1294 1174 1318 Ausonium
1186 1293 1360 1323 Siculumque
1371 1292 1455 1316 latus:

995 1357 1015 1387 i.
1032 1367 1057 1387 e.
1069 1359 1186 1397 florere
1208 1356 1546 1395 faciebat—pingebat:
1571 1354 1644 1384 vide
1659 1364 1729 1394 quae

1257 1410 1318 1420 nnn-

995 1408 1127 1438 dixerim
1147 1408 1186 1438 ad
1200 1408 1239 1438 iv.
1255 1420 1296 1437 oo
1306 1420 1328 1438 t.

1040 1459 1121 1489 Ibid.
1139 1461 1356 1498 pervolitantes
1374 1460 1454 1489 loca.
1500 1457 1647 1498 Hujusce
1669 1456 1730 1488 loci

996 1511 1154 1550 Virgilius
1178 1510 1263 1540 haud
1289 1509 1405 1539 oblitus
1430 1515 1492 1546 est„
1512 1509 1553 1539 ad
1568 1510 1645 1540 AEn.
1666 1508 1730 1539 viii.

996 1566 1046 1592 524.

1093 1623 1190 1647 Omnia
1199 1623 1343 1655 pervolitat
1353 1622 1407 1647 late
1417 1622 1480 1647 loca.

1043 1686 1126 1716 Ibid.
1150 1697 1272 1717 nemora
1290 1688 1370 1716 avia.
1410 1686 1513 1721 Idem,
1530 1684 1604 1715 ibid.
1619 1695 1647 1715 v.
1663 1687 1734 1716 580.

1168 1744 1301 1768 adtonitae
1314 1743 1434 1774 Baccho,
1445 1751 1546 1768 nemora
1556 1743 1625 1768 avia
1636 1747 1736 1769 matres

1002 1783 1134 1807 Insultant
1145 1783 1244 1807 thiasis.

1046 1848 1121 1877 Ver.
1150 1849 1218 1877 145.
1253 1848 1388 1886 obplevit:
1428 1853 1470 1876 Π.
1495 1848 1609 1887 opplet;
1647 1852 1687 1883 et,
1721 1858 1739 1878 e

1002 1898 1173 1935 contrario,
1193 1898 1226 1927 in
1244 1904 1394 1938 sequente
1409 1908 1512 1936 versu,
1534 1900 1661 1938 soleant,
1684 1909 1741 1938 pro

1002 1953 1105 1981 soleat.

1050 2001 1131 2031 Ibid.
1160 2002 1239 2031 Aera
1259 2012 1318 2040 per
1333 2007 1489 2032 tenerum:
1516 2001 1619 2032 videas
1632 2002 1652 2033 i.
1668 2006 1739 2034 208.

1005 2053 1172 2093 Virgilius,
1193 2052 1268 2082 AEn.
1285 2053 1325 2083 ix,
1343 2057 1415 2084 699.

1390 2111 1471 2135 Volat
1483 2111 1549 2135 Itala
1559 2117 1656 2135 cornus

1062 2152 1132 2174 Aera
1139 2153 1186 2181 per
1195 2153 1322 2173 tenerum:

1006 2213 1047 2243 ad
1073 2223 1167 2253 quem
1198 2212 1305 2242 locum
1329 2212 1522 2242 Heinsianas
1544 2213 1740 2245 animadver-

1005 2265 1109 2295 siones
1124 2264 1283 2294 fructuose
1299 2264 1454 2294 consulas.
1488 2264 1639 2303 Avienus,
1653 2267 1741 2298 Atat.

1005 2318 1108 2357 phaen.
1126 2319 1218 2347 1059.

1281 2378 1372 2402 medio
1385 2378 1419 2402 de
1430 2378 1541 2402 t-ramite
1550 2378 1571 2401 si
1582 2378 1640 2409 quis

1025 2418 1128 2450 Dirigat
1141 2418 1252 2442 obtutus
1262 2417 1340 2448 agiles
1353 2416 1459 2448 procul,
1470 2417 1583 2448 hosque,
1593 2417 1716 2442 locorum

1026 2457 1150 2483 Defessus
1159 2456 1240 2488 longo
1251 2456 1348 2488 spatio,
1360 2460 1431 2480 tener
1439 2459 1564 2488 amputet
1575 2459 1631 2480 αέν.

1015 2522 1067 2552 Sic
1089 2520 1281 2561 legendum3
1302 2531 1379 2558 non,
1402 2522 1503 2560 agilis.

1552 2519 1670 2550 Hilarii
1688 2529 1742 2560 ge-

1013 2574 1115 2610 nesin,
1131 2583 1193 2603 ver.
1211 2575 1262 2604 45.
1285 2572 1360 2603 hinc
1377 2572 1629 2602 emendabimus:

1028 2654 1155 2683 Essetque
1166 2654 1198 2675 ut
1208 2655 1326 2683 spatium
1340 2657 1435 2675 vacuae
1446 2650 1560 2682 regionis
1570 2651 1704 2681 apertum,

1029 2692 1089 2724 Qua
1099 2696 1168 2716 tener
1178 2692 1305 2717 incedens
1316 2691 1441 2716 mortalia
1450 2693 1570 2723 pasceret
1579 2690 1656 2714 αἶ’ν-
1663 2696 1676 2717 ,-

1030 2731 1140 2756 Diffusae
1152 2735 1290 2763 coguntur
1301 2738 1380 2762 aquae
1391 2740 1400 2761 3
1417 2738 1486 2755 mox
1496 2729 1574 2754 limite
1585 2731 1660 2753 certo

1029 2773 1203 2803 Linquuntur
1212 2773 1307 2802 maria,
1319 2776 1346 2797 et
1357 2771 1440 2796 finem
1451 2775 1504 2795 non
1515 2769 1640 2793 transsilit
1651 2769 1733 2794 unda.

1013 2836 1101 2866 Libri
1125 2836 1201 2866 dant
1225 2838 1332 2873 aetker,
1360 2834 1414 2864 sed
1438 2833 1534 2863 male:
1571 2832 1641 2863 vide
1671 2843 1742 2863 nos-

1012 2893 1108 2923 trum,
1134 2887 1173 2917 vi.
1196 2889 1288 2917 1225.
1310 2891 1404 2925 atque
1426 2895 1516 2915 voces
1542 2885 1673 2925 hujusce
1695 2885 1743 2915 fa-

1013 2940 1110 2972 miliae
1125 2939 1270 2970 confusas
1285 2937 1324 2969 ad
1346 2937 1389 2968 iii.
1408 2940 1499 2969 1057.
1543 2937 1587 2969 Et
1605 2938 1638 2968 in
1653 2947 1743 2969 versu
