1894 3253
119 229 213 269 380

611 219 672 267 Τ.
723 215 1104 265 LUCRETII

266 351 500 408 Temporis,
535 350 694 391 incusat
714 364 885 400 numen,
923 349 1154 404 coelumque
1173 347 1316 405 fatigat
1323 365 1336 398 ;

265 426 323 467 Et
343 432 497 479 crepat,
531 423 748 479 antiquum
768 438 900 480 genus
919 430 981 472 ut,
1014 423 1166 477 pietate
1187 422 1405 478 repletum,

128 504 236 543 1170
269 499 465 542 Perfacile
485 499 668 555 angustis
689 497 874 539 tolerarit
893 496 1046 538 finibus
1066 512 1216 548 aevom,

123 661 168 692 Et
182 657 323 698 superius
337 657 371 688 in
386 658 445 688 hoc
460 657 549 694 libro,
573 668 634 688 ver.
649 660 723 689 675.

155 724 263 747 Caetera
275 721 407 746 consimili
417 720 506 745 mentis
518 720 615 745 ratione
623 724 805 752 peragrans—.

123 772 226 803 Proba
241 777 287 802 est
302 771 429 810 insuper
444 776 475 800 et
490 776 620 800 venusta
635 770 763 808 locutio,
782 775 853 800 acta

325 825 375 855 Sic
390 824 532 860 Ovidius,
555 823 616 854 fast
631 824 651 855 i.
671 827 740 855 104.

154 885 278 916 Adspice,
295 891 376 915 quam
389 883 463 915 longi
473 882 588 915 temporis
599 885 656 907 acta
668 889 775 907 canam.

122 828 275 866 temporis.

169 948 243 979 Ver.
262 952 353 979 1168.
376 948 495 977 Versus
517 947 639 987 integer
660 947 747 976 abest
767 945 857 976 libris

124 1002 166 1032 V.
182 1001 231 1031 ed.
249 1001 286 1031 B.
305 1000 344 1030 Ο.
363 1004 398 1030 Δ.
415 1006 458 1030 Π.
476 1004 513 1030 Σ.
539 1003 570 1028 et
593 1009 707 1029 numen
733 999 856 1029 caelum-

123 1064 181 1094 que
208 1062 246 1082 ex
272 1050 403 1091 propriis
428 1056 502 1080 sunt
527 1049 774 1080 divinationibus
803 1061 859 1090 pro

125 1115 234 1135 nomen
257 1104 427 1143 sectamque
450 1101 602 1132 librorum
625 1102 782 1140 omnium,
805 1102 859 1142 qui

126 1162 302 1197 agnoscunt
314 1166 453 1193 versum3
469 1165 584 1194 nempe
600 1154 636 1185 P.
651 1155 688 1185 L.
702 1155 750 1185 M.
761 1155 800 1191 Q.
816 1161 860 1186 Ω.

126 1209 189 1239 nisi
218 1207 303 1248 quod
326 1207 422 1237 Vind.
445 1207 569 1244 habeat,
593 1208 623 1236 in
647 1207 861 1246 saeculumque.

127 1259 249 1290 Faciles
272 1264 379 1288 autem
401 1264 476 1287 sunt
503 1257 750 1293 emendationes,
774 1262 805 1285 et
820 1256 860 1284 si-

130 1310 287 1347 millimae,
310 1309 344 1338 ni
360 1308 463 1345 fallor,
486 1307 560 1337 veri.
606 1308 728 1338 Nomen
752 1311 783 1336 et
804 1317 863 1336 ‘nu-

128 1372 197 1392 men
213 1360 284 1400 plus
298 1359 413 1389 millies
426 1358 561 1388 librariis
577 1358 778 1397 scriptoribus
793 1367 864 1396 per-

129 1412 260 1450 mutari,
282 1411 352 1452 quis
377 1410 455 1440 adeo
477 1410 589 1448 hospes
610 1416 656 1438 est
678 1409 712 1438 in
726 1415 868 1438 veterum

129 1465 319 1495 Latinorum
337 1461 553 1499 monimentis,
582 1467 618 1490 ut
640 1460 745 1490 doceri
759 1466 867 1499 postu-

130 1516 192 1548 let?
203 1517 226 1548 J
227 1526 280 1546 am
291 1525 364 1545 vero
374 1515 457 1544 inter
466 1515 562 1544 celum
574 1518 605 1542 et
617 1515 741 1550 seclum,
758 1523 868 1553 quem-

131 1567 306 1600 admodum
327 1567 458 1597 nomina
477 1566 511 1595 in
531 1565 761 1604 exemplaribus
771 1565 865 1604 scrip-

134 1621 175 1651 tis
189 1625 316 1651 exarata
337 1618 547 1657 reperiuntur,
574 1627 639 1647 non
663 1622 787 1647 tantum
805 1617 866 1647 dis-

133 1671 352 1703 similitudinis
366 1670 541 1707 intercedit,
564 1670 641 1710 quin
654 1669 743 1700 valde
757 1671 869 1709 proba-

133 1725 205 1756 bilis
220 1725 259 1755 sit
273 1724 399 1754 illorum
417 1723 617 1763 permutatio.

178 1776 260 1806 Ibid.
284 1778 406 1806 incusat
421 1785 542 1805 numen.
590 1774 641 1803 Ita
666 1774 771 1809 BIaro,
796 1773 870 1803 AEn.

131 1829 165 1860 ii.
185 1832 255 1861 745.

167 1889 248 1921 Quem
265 1895 319 1913 non
338 1887 461 1913 incusavi
479 1893 571 1912 amens
588 1887 797 1918 hominumque,
813 1886 869 1911 deo-

245 1930 373 1960 rumque?

182 1988 263 2018 Ibid.
275 1989 440 2027 caelumque
441 1987 574 2027 fatigat.
588 1986 714 2023 Noster,
725 1986 763 2016 iv,
780 1989 869 2015 1252.

140 2047 330 2079 Nequidquam
341 2045 435 2070 divom
448 2052 554 2074 numen,
573 2045 730 2076 sorteisque‚
738 2044 868 2076 fatigant.

141 2096 193 2127 Ibi
208 2106 266 2126 nos
281 2094 421 2125 videndi.
456 2094 623 2131 Horatius,
639 2093 688 2123 od.
705 2094 724 2123 i.
741 2097 769 2123 2.
787 2097 836 2124 26.

429 2169 509 2194 prece
520 2162 573 2193 qua
577 2161 693 2193 fatigent

237 2203 358 2235 Virgines
369 2206 471 2227 sanctae
483 2203 573 2226 minus
583 2202 740 2226 audientem

298 2242 425 2268 Carmina
437 2244 534 2266 Vestam
542 2241 554 2265 ‚2

143 2302 252 2335 Adeas
267 2302 362 2332 etiam
385 2300 439 2331 Sil.
466 2300 505 2330 It.
528 2299 567 2329 vi.
589 2302 661 2330 573.
687 2298 763 2329 Stat.
779 2299 877 2329 Theb.

142 2356 173 2385 ii.
192 2358 263 2385 244.
275 2363 350 2384 cum
362 2353 528 2392 utrobique
544 2351 790 2389 enarratoribus3
814 2351 878 2381 Ta-

142 2406 277 2446 citoque‚
300 2405 370 2434 hist.
387 2404 407 2433 i.
424 2407 474 2435 29.
490 2403 558 2432 init.
591 2403 760 2440 Caeterum,
787 2403 877 2443 inge-

143 2458 201 2488 nui
224 2463 270 2487 est
292 2455 430 2486 hominis
451 2455 594 2485 officium
618 2454 749 2485 lectores
770 2454 879 2485 admo-

142 2518 229 2545 nere,
254 2509 296 2538 N.
313 2506 498 2542 Heinsium,
522 2506 626 2536 virum
648 2505 682 2535 in
705 2505 878 2536 emendan-

146 2560 197 2592 dis
219 2559 408 2590 Latinorum
424 2558 588 2597 poetarum
614 2557 702 2587 libris
723 2558 881 2596 omnium,

146 2617 302 2652 quotquot
311 2610 411 2646 fuere,
427 2609 675 2644 meritissimum,
692 2615 722 2639 et
731 2615 801 2648 post
810 2609 881 2639 nul-

145 2662 195 2692 los
209 2672 352 2702 sagacem
365 2661 629 2701 conjecturarum,
645 2661 704 2690 hoc
714 2666 805 2699 pacto
820 2660 882 2691 dis-

150 2713 270 2750 tichon,
301 2712 386 2752 quod
403 2712 472 2752 jam
494 2722 580 2742 nunc
601 2718 782 2750 tractamuS,
806 2722 881 2742 con-

152 2763 289 2794 stituisse
305 2762 339 2792 in
356 2763 423 2802 ejus
439 2762 632 2800 adversariis,
648 2762 700 2793 lib.
714 2762 756 2794 iii.
773 2773 838 2802 cap.
852 2766 881 2793 8.

178 2829 276 2854 Tristis
287 2828 354 2853 item
367 2830 469 2853 vetula:
481 2829 543 2854 vitis
554 2833 627 2854 sator
638 2833 720 2860 atque
731 2829 814 2853 vietae

179 2869 325 2901 Temporis
335 2869 440 2893 incusat
451 2875 564 2899 nomen,
579 2869 736 2900 seclumque
747 2868 855 2901 fatigat.

897 654 1005 685 asserit
1019 654 1226 696 illustratque,
1247 654 1331 695 apud
1344 654 1447 694 ipsum
1463 654 1576 685 melius
1587 655 1630 686 le-

897 714 1020 748 gentur.

942 759 1017 788 Ver.
1038 761 1128 789 1169.
1145 764 1257 797 crepat.
1284 757 1331 788 Ut
1342 757 1557 797 strepitantem
1565 757 1631 788 bal-

899 809 1051 840 butientis
1081 809 1179 839 vetuli
1208 808 1426 849 garrulitatem
1456 808 1634 839 felicissime

899 863 1030 892 verbum
1044 862 1104 891 hoc
1122 860 1277 901 depingit!
1304 861 1462 900 Apposite
1472 861 1635 898 Horatius,

901 912 987 952 epist.
1005 912 1024 942 i.
1043 915 1072 943 7.
1089 915 1141 942 84.

963 980 1056 1004 Sulcos
1067 983 1094 1005 et
1106 980 1199 1005 vineta
1209 983 1293 1012 crepat
1304 987 1395 1005 mera:

902 1040 921 1070 i.
938 1050 966 1070 e.
992 1043 1014 1057 “
1031 1039 1165 1077 assidue,
1191 1045 1223 1069 et
1251 1038 1494 1076 incontinenter,
1518 1038 1557 1069 de
1578 1038 1642 1068 illis

904 1094 926 1110 ‘⁶
943 1090 1074 1132 garrit.'’
1099 1091 1310 1120 Venustatem
1326 1089 1411 1119 verbi
1427 1088 1598 1119 scholiastae
1612 1095 1643 1119 et

904 1143 1087 1182 interpretes
1102 1141 1209 1172 minus
1223 1146 1366 1171 accurate
1382 1146 1518 1171 tenuere.
1551 1139 1641 1171 Alci-

906 1205 979 1224 mus
995 1193 1124 1232 Avitus‚
1146 1203 1176 1224 v.
1196 1196 1269 1224 569.
1293 1191 1437 1222 similiter
1452 1191 1491 1222 de
1506 1190 1644 1222 lzumami

906 1256 989 1275 voce-⁸

941 1308 1044 1332 Ultima
1057 1315 1176 1338 namque
1188 1309 1243 1333 dies
1254 1308 1346 1333 defixa
1358 1312 1398 1333 est
1409 1309 1524 1333 crastina
1535 1308 1622 1340 genti,

941 1350 1010 1380 Quae
1029 1355 1113 1378 nunc,
1130 1348 1200 1373 bella
1216 1352 1331 1380 crepam,
1347 1349 1461 1380 sumptis
1481 1348 1595 1374 confidit
1611 1348 1639 1373 in

1021 1396 1114 1413 armis:

912 1448 1120 1478 Venusinam
1145 1447 1275 1488 quidem
1297 1453 1432 1485 secutus,
1457 1458 1553 1488 quem
1574 1448 1649 1479 hinc

913 1502 1008 1540 probe
1025 1499 1249 1539 interpreteris,
1273 1499 1307 1528 in
1323 1499 1373 1529 od.
1388 1499 1408 1529 i.
1426 1502 1475 1529 18.
1492 1502 1521 1530 5.

944 1568 1008 1600 Quis
1020 1571 1081 1600 post
1093 1567 1155 1591 vina
1176 1574 1288 1598 gravem
1306 1567 1444 1597 militiam,
1461 1570 1509 1592 aut
1531 1567 1652 1599 pauperi-

1022 1615 1078 1638 em,
1094 1608 1196 1640 crepat?

913 1658 932 1689 i.
949 1669 977 1688 e.
1001 1661 1022 1676 “
1039 1656 1110 1698 quis
1135 1663 1225 1687 vocat
1249 1656 1299 1687 vel
1320 1656 1479 1695 militiam,
1503 1656 1552 1686 vel
1574 1667 1652 1696 pau-

915 1714 937 1729 “
955 1709 1085 1750 periem,
1125 1708 1295 1749 gravem?’'
1344 1709 1424 1744 Quis
1455 1708 1493 1738 de
1522 1709 1655 1738 miseriis

916 1761 981 1791 suis
995 1760 1134 1800 loquitur
1148 1759 1160 1791 ?
1178 1760 1309 1790 Addam
1324 1759 1461 1800 denique
1478 1759 1656 1798 Sedulium,

913 1823 1012 1844 carm.
1028 1822 1056 1842 v.
1076 1815 1123 1842 15.

1334 1879 1394 1904 pars
1406 1879 1461 1897 esse
1476 1871 1582 1897 ferebat

916 1918 973 1941 Hoc
985 1917 1118 1940 tonitrum
1128 1924 1136 1946 3
1156 1923 1226 1948 pars,
1239 1916 1378 1948 angelicam
1390 1916 1513 1948 crepuisse
1521 1916 1656 1948 loquelam.

916 1976 1028 2012 Porro,
1052 1974 1118 2004 vice
1142 1980 1174 2004 ut
1188 1976 1318 2013 pietate,
1344 1974 1392 2004 M.
1417 1975 1513 2004 habet
1540 1976 1660 2015 supple-

917 2032 996 2061 tate;
1026 2025 1080 2055 sed
1101 2025 1359 2064 superscriptum,
1383 2027 1527 2056 ubertate.
1575 2025 1657 2055 Vul-

917 2083 1028 2118 gatum
1045 2077 1171 2107 Nonius
1187 2077 1340 2117 agnoscit,
1357 2077 1397 2106 ad
1408 2077 1446 2107 iv.
1463 2081 1515 2107 65.
1536 2077 1570 2106 in
1583 2086 1658 2106 voce

918 2140 1052 2168 crepare.

964 2179 1046 2209 Ibid.
1072 2181 1233 2219 antiquum
1248 2189 1363 2217 genus:
1391 2177 1410 2208 i.
1424 2188 1450 2208 e.
1467 2187 1570 2207 aureae
1588 2183 1662 2207 aeta-

922 2230 961 2259 tis
975 2230 1135 2267 homine52
1159 2229 1224 2269 qui,
1248 2234 1326 2259 teste
1351 2229 1467 2259 Ovidjo
1490 2234 1560 2267 post
1575 2228 1664 2268 alios,

922 2286 995 2310 met.
1011 2280 1030 2311 i.
1048 2284 1097 2312 90.

926 2343 1026 2372 Sponte
1039 2339 1097 2369 sua,
1114 2339 1168 2364 sine
1179 2339 1249 2372 lege,
1261 2339 1344 2364 fidem
1355 2343 1519 2371 rectumque
1526 2339 1662 2364 colebant.

966 2397 1041 2427 Ver.
1070 2400 1159 2427 1170.
1184 2398 1342 2436 angustis:
1369 2403 1411 2426 Π.
1437 2398 1598 2436 augustis‚·
1633 2401 1665 2426 et

932 2448 1032 2479 solent
1047 2450 1080 2478 in
1104 2449 1154 2478 his
1176 2448 1359 2478 nominibus
1373 2448 1445 2478 libri
1461 2454 1579 2478 veteres
1601 2453 1669 2477 tur-

928 2502 1009 2531 bare:
1045 2502 1089 2531 sic
1106 2501 1146 2531 ad
1162 2501 1252 2541 Virg.
1270 2510 1338 2541 geo.
1353 2500 1393 2531 iv.
1406 2503 1480 2530 228.
1496 2500 1563 2530 Liv.
1575 2509 1603 2529 v.
1615 2502 1667 2530 41.

932 2555 1161 2584 2.—lolerarit:
1189 2553 1229 2583 V.
1246 2553 1293 2583 ed.
1310 2553 1348 2583 P.
1364 2554 1504 2583 toleraret
1510 2567 1521 2588 ;
1540 2551 1594 2581 sed
1610 2561 1667 2580 an-

932 2605 1009 2646 tiqui
1025 2605 1147 2636 codices
1165 2605 1215 2635 Pii
1241 2605 1401 2645 vulgatam
1422 2604 1591 2634 lectionem
1611 2603 1666 2632 ha-

926 2658 1030 2687 buere.

979 2708 1059 2739 Ibid.
1076 2711 1213 2739 tolerarit
1223 2719 1334 2739 aevom:
1359 2708 1378 2738 i.
1395 2718 1421 2738 e.
1437 2707 1532 2737 vitam
1547 2710 1665 2735 susten-

932 2761 1051 2791 taverit.
1089 2760 1179 2791 Hinc
1191 2761 1359 2801 Virgilius,
1384 2761 1459 2790 AEn.
1474 2758 1537 2788 viii.
1553 2760 1625 2787 409.

1072 2819 1177 2844 tolerare
1189 2819 1248 2844 colo
1261 2820 1361 2849 vitam,
1378 2818 1508 2849 tenuique
1519 2815 1651 2840 Minerva.

979 2879 1056 2909 Ver.
1076 2881 1167 2909 1171.
1191 2880 1285 2909 multo
1300 2879 1422 2908 modus:
1448 2875 1544 2905 Vind.
1563 2874 1603 2903 V.
1619 2872 1667 2904 ed.

152 2929 262 2961 Critici
287 2929 478 2971 sagacissimi
501 2929 650 2969 rationes,
672 2930 786 2971 quibus
818 2931 886 2962 haec
931 2931 1124 2962 multimodos
1131 2944 1143 2965 ;
1164 2929 1201 2961 P.
1216 2930 1427 2964 multimodus;
1451 2932 1490 2958 Π.
1507 2927 1669 2957 multimos.
