1894 3253
188 269 280 309 160

713 259 771 306 Τ.
822 257 1201 305 LUCRETII

328 392 379 434 Id
400 405 562 447 quoque
581 389 691 430 enim
712 403 797 429 non
819 389 871 429 ab
890 388 1001 429 nulla
1022 389 1182 430 ratione
1202 388 1382 438 videtur;

217 471 300 508 935
335 466 431 513 Sed,
457 464 603 504 velutei
623 463 760 518 pueris
781 463 986 504 absinthia
1004 471 1109 504 tetra
1131 463 1339 504 medentes

328 541 469 588 Quom
490 538 588 579 dare
609 546 826 588 conantur,
849 538 962 592 prius
983 553 1092 588 oras,
1115 537 1263 592 pocula
1283 538 1453 586 circum,

326 614 587 670 Contingunt
617 613 744 653 mellis
763 612 871 654 dulci
892 613 1079 668 flavoque
1103 612 1276 667 liquore,

329 688 390 730 Ut
410 703 633 743 puerorum
655 697 753 729 aetas
774 688 991 742 inprovida
1010 688 1242 729 ludificetur

184 846 233 876 Sic
251 844 422 876 certissime
444 843 483 874 ad
499 845 753 873 membranarum
769 842 909 871 testimo-

181 897 273 927 nium
289 895 488 936 castigandus
503 895 590 925 locus
605 900 659 924 est.
693 893 814 933 Vulg0‚
830 896 911 923 dotes

178 950 251 978 alto.
296 948 373 977 Erat
400 946 551 976 nimirum
574 947 696 976 saltatio
720 955 769 975 res
793 945 908 974 summi

180 999 302 1030 artificii
321 1007 351 1028 et
374 998 492 1038 egregii
518 997 632 1036 leporis
646 995 730 1035 apud
753 997 908 1036 antiquos,

179 1049 264 1090 quod
280 1060 317 1079 ex
333 1049 508 1079 innumeris
530 1055 693 1079 auctorum
716 1047 793 1077 locis
806 1047 907 1077 mani-

181 1101 383 1131 festissimum
400 1107 456 1138 est,
473 1105 503 1130 et
518 1107 635 1130 norunt
650 1110 766 1130 omnes.
814 1099 909 1135 Quod

180 1154 266 1184 enim
282 1160 372 1195 rogat
382 1154 554 1189 Bentleius,
573 1158 592 1172 “
612 1153 672 1183 Sed
683 1153 758 1194 quid
768 1153 825 1184 erit
837 1164 907 1192 pec-

181 1211 203 1226 “
218 1214 280 1237 tore
306 1206 391 1236 nude
417 1205 594 1245 positum?'‘
628 1216 665 1235 ex
689 1216 747 1235 suo
773 1205 909 1235 Horatio

180 1258 240 1288 sibi
255 1259 314 1287 hoc
329 1257 450 1287 auferat
464 1267 658 1296 responsum,
682 1267 719 1286 ex
741 1256 828 1295 epist.
843 1256 862 1285 i.
880 1259 908 1286 4.

182 1315 210 1341 6.
234 1321 274 1340 ne
289 1310 367 1340 alios
383 1310 543 1340 advocem:

244 1390 303 1413 Non
315 1392 345 1412 tu
357 1394 453 1419 corpus
464 1393 520 1411 eras
531 1386 586 1411 sine
595 1389 731 1418 pectore—.

185 1463 284 1493 Grata
299 1462 466 1492 lectoribus
476 1461 636 1492 accesserit
654 1462 692 1496 Q.
711 1460 812 1491 Curtii
829 1459 908 1499 peri-

181 1514 260 1545 odus
275 1514 494 1553 pulcherrima,
520 1514 557 1543 vi.
574 1518 602 1544 4.
632 1516 748 1543 22.—“
765 1513 911 1553 frequens

181 1570 202 1585 “
218 1568 309 1596 arbor
323 1567 436 1596 faciem
452 1566 584 1605 quercus
604 1567 707 1602 habet,
731 1565 820 1604 cujus
835 1565 911 1594 folia

183 1621 205 1636 “
221 1617 323 1647 multo
345 1619 429 1647 melle
444 1619 648 1656 cingulanum
675 1616 740 1653 sed,
764 1616 824 1645 nisi
840 1616 912 1645 solis

181 1673 204 1688 ‘⁶
221 1674 327 1699 ortum
342 1668 452 1698 incolae
468 1669 698 1707 occupaverint,
722 1668 770 1698 vel
787 1668 913 1698 modico

181 1725 325 1760 “tepore
349 1730 441 1750 sucus
467 1719 716 1759 exstinguitu1·:'’
748 1725 784 1749 ut
808 1719 912 1749 statim

181 1778 294 1807 noster,
311 1782 373 1801 ver.
394 1774 464 1802 937.
480 1771 535 1801 ubi
550 1781 607 1800 nos
622 1770 725 1809 plura:

243 1848 392 1880 Contingunt
403 1848 482 1872 mellis
497 1848 569 1873 dulci
580 1848 704 1879 flavoque
714 1848 817 1880 liquore.

182 1913 331 1944 Notanda
346 1920 392 1944 est
406 1920 511 1944 autem
537 1914 655 1944 locutio
673 1915 835 1953 Curtiana,
861 1926 913 1945 su-

182 1975 236 1995 cus
264 1967 485 2004 exstinguitur:
512 1966 532 1995 i.
559 1976 584 1995 e.
612 1966 793 1995 exhauritur
819 1972 913 2006 atque

183 2016 352 2052 evanescit3
369 2016 570 2055 exquisitiore
580 2016 698 2046 scilicet
713 2027 805 2046 sensu
817 2017 911 2055 vocis,

181 2065 230 2096 uti
246 2071 361 2103 noster,
378 2066 408 2095 ii.
425 2069 497 2096 827.

216 2144 380 2168 Evanescere
390 2142 542 2174 paullatim,
552 2143 710 2175 stinguique,
721 2144 849 2169 colorem.

225 2219 301 2249 Ver.
327 2221 396 2250 955.
428 2219 601 2260 Egregiam
627 2230 701 2249 sane
731 2219 910 2250 similitudi-

183 2282 258 2302 nem
274 2282 311 2301 ex
326 2272 479 2302 thesauris
494 2273 559 2302 suis
573 2273 663 2303 nobis
677 2274 841 2303 Lucretius
856 2274 909 2304 de-

181 2323 344 2362 prompsit,
375 2329 405 2353 et
420 2335 489 2364 quae
504 2334 654 2364 magnam
676 2324 801 2354 laudem
820 2331 912 2365 atque

183 2374 423 2404 admirationem
447 2375 475 2404 ei
491 2375 576 2414 apud
593 2381 708 2405 veteres
723 2375 911 2414 conciliavit,

183 2426 325 2456 certatim
337 2426 424 2466 quasi
436 2426 556 2465 scriptis
566 2426 708 2466 propriis,
725 2432 761 2456 ut
771 2437 913 2465 pannum

181 2477 341 2517 quendam
356 2488 562 2516 purpureum,
578 2483 786 2508 contexentes.
813 2478 914 2508 Locos

182 2533 288 2558 tamen
311 2529 471 2559 universos
486 2528 652 2558 lectoribus
677 2539 782 2558 coram
809 2529 914 2559 sistere

182 2588 241 2609 nec
257 2579 446 2619 frugiferum
462 2580 535 2610 satis
549 2580 654 2615 fuerit,
670 2586 701 2610 et
715 2590 915 2619 summopere

182 2631 360 2662 molestum.
408 2632 562 2662 Certiores
577 2638 683 2662 autem
698 2631 834 2662 faciendi
853 2632 911 2662 sal-

182 2687 248 2711 tem
264 2690 347 2721 sunt,
362 2694 414 2713 me
435 2684 606 2723 repositum
621 2684 716 2714 malle
733 2686 831 2722 .Nam,
847 2684 913 2715 vice

184 2746 222 2764 τε
237 2737 293 2764 Sed
307 2735 472 2774 librorum3
495 2738 565 2775 hoc,
583 2737 617 2767 ni
631 2737 734 2776 fallor,
754 2737 913 2776 postulan-

182 2786 266 2816 tibus
293 2789 443 2817 sermonis
469 2799 504 2818 ac
531 2795 694 2820 structurae
724 2789 908 2820 rationibus:

182 2837 238 2867 sed
253 2847 354 2876 neque
370 2839 499 2868 omnino
514 2850 550 2869 ex
567 2840 796 2871 emendationis
811 2841 913 2880 pruri-

183 2889 258 2929 gine
274 2888 430 2918 temeriter
445 2892 612 2929 novatrice,
629 2903 729 2932 quum
745 2903 809 2922 non
825 2893 914 2923 aliter

186 2945 361 2979 compareat
386 2950 490 2971 versus
510 2941 542 2970 in
569 2943 728 2974 codicibus
744 2944 784 2974 ad
808 2944 846 2975 iv.
866 2947 913 2973 ll.

954 841 1007 870 ubi
1031 841 1136 871 locum
1165 841 1256 879 po'cta
1281 840 1448 879 repetitum
1469 840 1564 876 dedit,
1595 846 1689 881 atque

954 892 986 922 in
1013 892 1203 932 quibusdam
1229 891 1457 931 exemplaribus
1485 893 1687 931 Quintiliani,

955 943 1039 973 instt..
1056 943 1099 973 iii.
1115 943 1214 973 initio.

998 994 1078 1024 Ibid.
1095 1001 1171 1024 tetra
1182 1008 1191 1023 :
1211 994 1230 1023 i.
1244 1005 1270 1024 e.
1287 1004 1402 1029 amara,
1421 994 1505 1034 (vide
1519 1004 1580 1024 ver.
1597 995 1686 1034 959.)

954 1047 1001 1076 uti
1026 1048 1106 1076 bene
1133 1046 1270 1084 Nonius,
1301 1045 1441 1076 Lucretii
1467 1056 1593 1076 versum
1617 1045 1688 1075 lau·

952 1099 1042 1129 dans:
1072 1099 1124 1138 qui
1141 1098 1229 1138 legit,
1255 1101 1276 1116 “
1295 1100 1342 1128 Ac
1358 1097 1538 1128 veluti—:''
1554 1097 1632 1127 adeo
1652 1103 1688 1127 ut

953 1151 1116 1191 vulgatum
1145 1153 1213 1188 Sed,
1239 1150 1324 1191 quod
1349 1155 1455 1180 tamen
1478 1160 1543 1180 non
1565 1149 1687 1188 putavi-

953 1213 1025 1232 mus
1053 1202 1271 1242 rejiciendum‚
1303 1202 1467 1242 aegerrime
1497 1201 1625 1242 quidem
1654 1211 1687 1230 se

954 1256 1033 1285 tueri
1050 1255 1171 1294 poterit.
1210 1255 1292 1285 Vide
1308 1255 1462 1285 Nonium.
1530 1283 1546 1298 θ

998 1306 1078 1336 Ibid.
1107 1308 1273 1336 medentes:
1304 1306 1502 1344 participium
1529 1299 1588 1344 liro
1614 1306 1687 1335 sub-

954 1357 1089 1387 stantivo
1104 1359 1226 1392 medici,
1252 1363 1287 1386 ut
1303 1357 1355 1386 alii
1382 1367 1446 1386 non
1462 1367 1532 1386 raro
1553 1356 1586 1385 in
1602 1355 1688 1385 utra-

953 1420 1013 1450 que
1029 1408 1140 1449 lingua
1155 1409 1327 1448 scriptores.
1373 1408 1459 1438 Testi
1481 1408 1520 1438 sit
1538 1407 1686 1438 Callima-

955 1462 1040 1496 chus,
1065 1461 1097 1490 in
1115 1460 1208 1490 Dian.
1229 1464 1254 1490 1.

994 1544 1111 1577 Αρτεμιν,
1137 1553 1152 1568 ε
1172 1553 1224 1577 ’γαρ
1247 1547 1346 1576 ελοιφρον
1369 1541 1616 1567 ΑΕΙΔΟΝΊῈΣΣΙ
1637 1545 1687 1566 λι-

1073 1590 1162 1621 θεσθαι,

994 1640 1136 1672 ’Υμνεομε-ι.

959 1706 1105 1744 Ovidius,
1121 1707 1209 1744 epist.
1229 1716 1255 1735 v.
1276 1708 1344 1736 147.

987 1778 1177 1809 Quaecumque
1188 1778 1269 1802 herba
1289 1781 1383 1809 potens
1400 1778 1434 1801 ad
1446 1785 1537 1809 opem,
1559 1776 1691 1808 radixque

1111 1817 1218 1841 medenti

988 1856 1077 1886 Utilis,
1088 1857 1114 1880 'm
1127 1860 1186 1881 toto
1198 1857 1317 1881 nascitur
1330 1857 1404 1885 orbe,
1415 1863 1477 1880 mea
1488 1859 1541 1880 est:

956 1924 1003 1954 uti
1020 1934 1091 1953 vere
1107 1923 1241 1954 restituit
1258 1922 1424 1960 Heinsius,
1452 1932 1508 1960 pro
1533 1922 1690 1956 medendi,-

956 1986 1050 2016 quein
1068 1975 1180 2006 videas.
1221 1976 1263 2005 Et
1280 1986 1336 2005 nos
1351 1974 1424 2005 alibi
1441 1974 1479 2004 de
1490 1975 1548 2004 hac
1563 1984 1612 2011 re3
1636 1972 1691 2003 sed

957 2027 1045 2057 locus
1060 2027 1174 2057 excidit
1189 2027 1362 2057 mcmoriae.

1001 2080 1074 2109 Ver.
1103 2082 1173 2110 957.
1211 2081 1297 2109 dulci
1312 2081 1416 2120 flavo:
1446 2077 1521 2107 editi
1551 2075 1691 2116 quidam,

957 2133 1072 2164 ‹Iulcz's;
1100 2137 1131 2160 et
1159 2132 1313 2170 1'1.flc1vi:
1340 2139 1402 2158 non
1426 2127 1525 2164 male;
1547 2126 1600 2156 sed
1616 2126 1690 2156 stari

957 2182 1092 2221 vulgatis
1107 2181 1228 2211 malim.

1000 2233 1082 2263 Ibid.
1115 2235 1301 2272 Contingunt
1333 2233 1428 2263 mellis
1456 2233 1590 2270 liquore:
1627 2230 1646 2260 i.
1663 2240 1691 2262 e.

957 2285 1096 2320 fortasse,
1122 2286 1350 2323 Continguunt;
1379 2289 1470 2322 prout
1492 2282 1616 2311 videtur
1637 2290 1689 2311 ac-

955 2335 1071 2374 cepisse
1103 2334 1321 2375 Hieronymus
1352 2334 1384 2364 in
1418 2333 1587 2369 Rufinum,
1625 2333 1690 2363 huc

956 2387 1108 2423 alludens,
1122 2397 1216 2427 quem
1233 2387 1407 2417 Lambinus
1416 2386 1573 2417 excitavit:
1594 2389 1616 2405 “
1633 2385 1688 2417 Id-

957 2443 979 2456 “
995 2439 1076 2468 circo
1108 2444 1138 2468 te
1168 2439 1280 2468 veneni
1317 2438 1447 2468 calicem
1475 2440 1690 2470 circumlinere

958 2494 978 2508 “
995 2492 1079 2520 melle
1093 2489 1239 2528 voluisse,
1267 2495 1303 2520 ut
1326 2489 1472 2520 simulata
1486 2490 1620 2520 dulcedo
1642 2489 1688 2518 vi-

959 2545 981 2560 “
998 2553 1050 2571 rus
1075 2542 1247 2581 pessimum
1274 2541 1432 2582 tegeret:”
1456 2542 1570 2582 quibus
1591 2540 1690 2571 verbis

960 2593 1067 2631 etiam,
1085 2594 1271 2623 Lucretium
1285 2593 1533 2632 respicientibus,
1556 2602 1630 2622 usus
1645 2597 1693 2621 est

961 2645 1168 2685 Symmachus
1183 2645 1216 2674 in
1239 2644 1386 2684 epistolis,
1409 2644 1519 2675 eodem
1534 2643 1690 2674 Lambino

957 2696 1082 2726 citante.
1129 2696 1217 2725 Hinc
1247 2696 1327 2726 forte
1353 2706 1394 2726 an
1419 2693 1621 2734 corrigendus
1650 2694 1691 2724 sit

959 2748 1104 2787 Plautus,
1120 2748 1217 2779 Truc.
1233 2748 1253 2778 i.
1269 2752 1297 2778 2.
1320 2751 1368 2778 76.

990 2838 1019 2859 In
1043 2834 1114 2859 melle
1130 2838 1193 2858 sunt
1212 2834 1312 2865 lingua:
1334 2832 1386 2856 litae
1404 2833 1515 2861 vostrae,
1533 2833 1616 2862 atque
1632 2837 1691 2856 ora·

1113 2875 1209 2903 tiones,

988 2917 1143 2945 Lacteque:
1161 2913 1242 2937 corda
1261 2911 1324 2937 felle
1344 2914 1406 2937 sunt
1423 2910 1481 2941 lita,
1500 2914 1582 2942 atque
1592 2911 1689 2937 acerbo

1112 2956 1188 2978 aceto
1201 2959 1207 2975 ε
