1894 3253
657 254 893 305 LIBER
935 253 1244 304 PRIMUS.

1615 262 1700 303 131

235 388 318 429 730
349 386 465 429 Nihil
485 395 622 430 tamen
642 388 723 430 hoc
742 388 933 431 habuisse
951 388 1041 430 viro
1060 386 1297 443 praeclarius
1317 386 1361 427 in
1381 401 1439 437 se,

350 462 440 504 Nec
462 472 649 506 sanctum
670 464 817 521 magis,
841 472 882 506 et
902 464 1069 513 mirum,
1093 476 1332 518 carumque,
1355 461 1528 503 videtur.

350 537 550 579 Carmina
569 539 669 594 quin
690 539 813 580 etiam
835 538 964 579 divini
985 538 1162 592 pectoris
1182 537 1266 591 ejus

346 611 651 662 Vociferantur,
683 620 724 653 et
745 619 962 667 exponunt
981 610 1181 666 praeclara
1200 617 1386 665 reperta3

348 685 410 727 Ut
429 686 499 726 vix
518 685 699 727 humana
719 685 908 726 videatur
928 685 1056 741 stirpe
1076 685 1256 736 creatus)

204 857 249 889 Et
269 856 428 898 integram
455 856 594 887 Lucretii
621 856 810 887 sententiam
824 856 858 887 in
873 857 932 887 hoc

203 921 293 941 versu
316 911 359 941 sic
384 910 454 940 aliis
479 911 578 941 verbis
602 911 784 949 complexus
810 917 855 941 est
878 910 932 941 ille

202 962 315 994 artifex
329 961 560 1000 solertissimus,
576 972 644 1002 geo.
661 963 691 992 ii.
712 965 780 993 173.

233 1046 321 1075 salve,
332 1051 431 1076 magna
440 1048 532 1076 parens
533 1044 659 1076 frugum,
671 1044 794 1069 Saturnia
806 1044 899 1070 tellus!

232 1086 331 1117 Magna
344 1083 448 1108 viram.

247 1156 321 1187 Ver.
339 1159 409 1187 731.
432 1162 589 1187 sanctum:
615 1155 702 1196 quasi
715 1155 793 1186 deus
807 1156 931 1197 aliquis,

204 1209 380 1249 divinaeque
394 1208 545 1247 interpres
559 1207 706 1238 veritatis.
746 1209 883 1246 Ennius,
900 1209 933 1238 in

203 1259 316 1300 fragm.
333 1258 438 1289 annal.
456 1258 494 1289 vi.

263 1328 371 1353 chudit
380 1335 459 1353 voces
469 1327 577 1360 proprio
589 1334 653 1352 cum
663 1330 763 1359 pectore
774 1331 870 1352 sancto.

202 1387 247 1418 Et
275 1386 508 1417 nobilissimum
537 1387 690 1418 habemus
717 1398 792 1418 sane
815 1388 933 1429 physici

204 1439 381 1480 gravissimi
411 1443 506 1479 atque
529 1437 702 1469 doctissimi
731 1440 831 1478 po'e‘tae
854 1450 932 1479 prae-

202 1491 346 1529 conium3
387 1491 478 1531 cujus
507 1501 601 1532 opera
626 1491 788 1531 deperdita
816 1492 935 1522 mirum

202 1545 294 1575 nobis
329 1544 519 1575 desiderium
547 1545 709 1586 reliquere,
747 1546 932 1587 fragmentis

204 1599 338 1640 egregiis
360 1600 422 1629 huc
446 1598 523 1630 illuc
538 1600 650 1639 sparsis
665 1601 864 1631 vehementer
880 1611 931 1631 ac-

203 1661 342 1681 censum.
380 1650 506 1681 Nitidos
517 1656 625 1681 autem
639 1651 673 1681 in
688 1662 762 1682 eum
779 1652 934 1692 Diogenis

203 1702 322 1732 La'e‘rtii
346 1702 515 1734 versiculos
539 1704 710 1746 appingere
731 1704 808 1745 quid
832 1704 931 1736 vetat?

204 1754 268 1785 viii.
285 1757 335 1785 75.

205 1845 255 1867 Koes
267 1851 297 1867 ov
308 1841 555 1875 ποτ’,Ῑ-Ξμπεδοκλεις,
568 1844 629 1879 διερῇ
638 1848 710 1877 <playa
723 1853 802 1876 σωμαι
809 1843 932 1879 madmena,

246 1893 298 1926 Πνρ
311 1901 361 1917 zero
374 1902 498 1927 κρητηρων
509 1902 587 1922 ame:
600 1895 810 1920 ΑΘΑΝΑΤΟΝ.

208 1940 262 1964 Ουκ
275 1947 326 1972 spem
340 1938 372 1968 δ’,
386 1939 422 1964 ὅτι
434 1950 525 1966 emm-ov
537 1939 596 1966 {zm
609 1943 688 1972 βωλες
700 1951 721 1970 ες
735 1942 784 1977 ῥοον
796 1942 895 1972 Αιτνκς,

250 1986 330 2011 Ama
340 1986 420 2012 λαιθειν
432 1987 519 2018 εθελων,
532 1997 633 2021 epae-rw&
645 1999 679 2014 uz
694 1989 773 2015 εθελων
781 1996 792 2015 .·

208 2064 228 2094 i.
243 2074 269 2094 e.
293 2070 329 2094 ut
344 2075 417 2095 cum
434 2066 578 2097 Homero
592 2066 712 2108 loquar,

549 2138 608 2165 ἐκων
619 2149 718 2166 umora-t
730 2149 759 2171 γε
769 2139 844 2174 θυμῳ.

209 2198 327 2240 Vulgo,
353 2203 516 2232 oedoevoewmv:
542 2207 573 2231 et
588 2202 735 2233 nonnulli
751 2206 856 2243 μαθειν,
880 2213 936 2243 pro

210 2253 313 2281 λαθειν·
331 2251 421 2282 male.
468 2252 587 2283 Omnia
602 2254 746 2293 expediet
762 2257 931 2286 Horatius.-

606 2339 675 2361 Deus
686 2338 827 2364 inmortalis
837 2339 921 2364 haben·

226 2373 298 2396 Dum
315 2375 390 2405 cupit
402 2376 585 2407 Empedocles,
597 2377 739 2404 ardentem
754 2379 866 2412 fn'gidus
878 2382 936 2406 AEt-

333 2420 396 2437 nam

224 2452 340 2477 Insiluit:

206 2527 227 2558 i.
243 2538 269 2558 e.
293 2528 398 2559 volens
412 2530 554 2562 homines
573 2532 678 2570 latere,
703 2534 810 2576 ignem
832 2538 937 2568 hausit

211 2579 352 2611 datorem
367 2582 625 2615 immortalitatis:
654 2599 699 2617 πιε
723 2602 756 2618 ero
779 2589 838 2630 ξῃν,
861 2600 935 2620 mox

209 2638 299 2662 vocat
311 2633 363 2663 ille
379 2634 464 2664 idem
481 2635 618 2667 Graecus.

255 2683 338 2715 Ibid.
355 2696 481 2716 carum:
507 2686 526 2716 i.
542 2697 567 2717 e.
584 2687 661 2718 nihil
677 2689 784 2720 habuit
799 2691 864 2722 haec
886 2692 935 2722 in-

210 2734 289 2772 sula,
301 2737 385 2777 quod
395 2739 496 2778 magis
507 2739 540 2769 in
550 2739 669 2770 deliciis
679 2743 786 2782 generi
797 2745 938 2775 humano

209 2787 260 2818 sit.
306 2789 461 2820 Putidum
477 2797 531 2828 est,
548 2792 596 2822 vel
611 2794 651 2823 ob
666 2794 841 2833 praecedens
850 2807 936 2836 prce-

210 2841 338 2879 clarius,
350 2850 566 2874 commentum
582 2845 686 2883 Fabri,
702 2848 829 2878 clarum.
855 2849 937 2879 Rem

212 2890 345 2922 eandem
369 2894 413 2924 sic
438 2895 625 2936 magnificus
646 2897 757 2928 extulit
773 2898 935 2940 Virgilius,

215 2940 288 2972 AEn.
302 2943 341 2973 vl.
358 2947 429 2976 878.

1296 860 1348 879 nec
1359 855 1474 880 Romula
1485 857 1623 887 quondam

1040 898 1102 922 Ullo
1117 905 1144 923 se
1155 901 1264 922 tantum
1276 898 1354 923 tellus
1367 899 1478 929 jactabit
1490 900 1610 925 alumno.

1020 971 1095 1001 Ver.
1124 973 1195 1002 753.
1239 971 1469 1012 Vocq'f‘erantur:
1502 972 1521 1003 i.
1549 983 1574 1003 e.
1607 976 1629 991 “
1645 972 1707 1004 altss

979 1027 999 1042 “
1016 1033 1090 1053 voce
1105 1023 1164 1052 hoc
1179 1023 1326 1054 laudibus
1339 1024 1406 1064 ejus
1416 1024 1630 1055 testimonium
1642 1025 1707 1056 elo-

981 1077 1003 1092 “
1020 1073 1199 1114 quuntur;'’
1231 1085 1272 1104 ne
1299 1088 1332 1106 το
1361 1082 1480 1115 reperta
1507 1076 1582 1106 huic
1610 1078 1708 1107 verbo

976 1125 1104 1165 jungas,
1120 1125 1204 1165 quod
1219 1125 1349 1155 minoris
1363 1126 1414 1156 hic
1430 1126 1541 1157 saltem
1552 1134 1631 1158 esset
1645 1127 1708 1158 ele-

976 1178 1108 1217 gantiae:
1136 1178 1206 1207 vide
1221 1178 1252 1208 ii.
1273 1182 1363 1209 1050.
1394 1179 1569 1210 Locutione
1584 1190 1709 1219 prorsus

977 1229 1133 1259 consimili
1155 1229 1284 1268 scriptor
1307 1229 1348 1259 ad
1374 1230 1527 1261 Hebraeos
1550 1242 1625 1261 usus
1648 1238 1707 1271 est,

978 1281 1019 1311 xi,
1035 1280 1142 1311 4.-δί
1160 1294 1262 1317 ava-⁷13,
1275 1283 1432 1319 αποέανων,
1450 1295 1490 1312 ετι
1507 1287 1707 1315 ΛΑΛΕῙΤΑῙ.·

977 1335 1013 1363 de
1028 1344 1058 1363 se
1072 1335 1219 1373 quuitur,
1236 1343 1301 1363 sese
1316 1333 1471 1372 praedicat.

1023 1385 1096 1415 Ver.
1114 1387 1185 1416 754.
1208 1387 1256 1416 viz·
1281 1385 1418 1416 humami
1433 1389 1544 1426 stirpe:
1570 1386 1650 1417 adeo
1671 1394 1708 1418 ut

977 1436 1116 1476 Epicuro
1148 1447 1206 1467 suo
1235 1443 1360 1467 tantum
1394 1447 1459 1468 non
1483 1438 1709 1478 Empedoclem

978 1496 1130 1530 exaequet,
1145 1500 1172 1520 V.
1189 1494 1217 1521 8.

1006 1572 1068 1578 —
1079 1561 1149 1583 Deus
1160 1558 1206 1583 ille
1216 1558 1279 1589 fuit,
1291 1561 1371 1589 Deus,
1382 1558 1484 1584 inclute
1494 1560 1617 1586 Memmi.

1020 1615 1101 1645 Ibid.
1132 1617 1226 1655 stirpe
1252 1623 1380 1647 creatus.
1424 1617 1592 1658 Virgilius,
1625 1619 1702 1649 AEn.

976 1675 1006 1695 x.
1022 1668 1095 1697 543.

1329 1741 1441 1767 Volcani
1449 1742 1525 1774 stirpe
1534 1746 1645 1774 creatus,

1007 1780 1174 1804 Caeculus—-.

1022 1847 1095 1876 Ver.
1113 1850 1182 1878 755.
1206 1859 1318 1888 supra:
1336 1849 1391 1887 sic,
1403 1849 1464 1880 nisi
1478 1850 1579 1888 fallor,
1596 1862 1706 1883 omnes

978 1897 1049 1927 libri
1065 1898 1180 1937 scripti,
1198 1904 1229 1929 et
1244 1899 1399 1941 pleraeque
1414 1908 1531 1932 veteres
1545 1903 1706 1935 editiones.

981 1949 1099 1990 Vulgo,
1127 1962 1248 1990 supera.
1294 1953 1338 1982 Et
1362 1953 1447 1992 hinc,
1474 1964 1573 1995 usque
1587 1955 1627 1986 ad
1641 1967 1708 1986 ver-

979 2012 1050 2032 sum
1067 2005 1138 2033 785.
1153 2002 1268 2034 desunt
1282 2005 1315 2034 in
1332 2005 1379 2035 M.

1023 2053 1103 2084 Ibid.
1126 2054 1285 2096 inferiores
1298 2059 1432 2096 egregie:
1458 2057 1477 2087 i.
1490 2068 1515 2088 e.
1531 2058 1632 2097 valde,
1647 2060 1707 2090 im-

978 2115 1080 2144 pense.
1126 2106 1248 2137 Rhetor
1277 2107 1318 2137 ad
1342 2108 1557 2148 Herennium,
1583 2110 1634 2142 lib.
1661 2112 1708 2147 iii,

981 2159 1002 2174 “
1019 2157 1065 2186 At
1081 2156 1105 2187 si
1120 2157 1197 2198 quid
1212 2158 1367 2197 vidcmm,
1383 2165 1439 2190 aut
1453 2161 1611 2200 audimus,
1623 2174 1706 2203 egre-

980 2210 1002 2225 “
1015 2210 1067 2247 gie
1081 2215 1179 2249 turpe,
1196 2216 1252 2240 aut
1265 2211 1463 2242 honestum.’'
1496 2212 1610 2252 Itaque
1623 2225 1708 2254 egre-

975 2260 1028 2298 gie
1041 2265 1130 2300 turpe
1144 2260 1230 2291 idem
1245 2261 1345 2292 ferme
1360 2262 1464 2299 fuerit,
1491 2263 1575 2303 quod
1601 2266 1707 2303 paullo

979 2317 1050 2349 post
1063 2315 1188 2343 unicam
1203 2316 1426 2354 tmyzz'tudz'nem
1442 2314 1615 2354 appellavit.
1645 2317 1706 2347 Fa-

980 2363 1042 2392 ber.
1087 2363 1182 2394 Adde
1197 2364 1395 2404 Terentium,
1413 2366 1531 2397 Heaut.
1547 2366 1590 2397 iii.
1609 2371 1635 2397 l.
1658 2371 1706 2398 11.

1012 2450 1075 2457 —
1084 2445 1135 2470 ego
1147 2439 1270 2470 profecto
1282 2440 1389 2472 ingenio
1400 2442 1493 2474 egregie
1503 2443 1538 2467 ad
1548 2443 1662 2468 miserias

1011 2478 1093 2502 Natus
1103 2485 1172 2503 sum.

981 2546 1002 2562 “
1019 2544 1085 2575 Hic
1099 2549 1231 2586 egregie,
1244 2547 1341 2584 valde,
1359 2549 1464 2579 nimis:
1492 2560 1557 2580 non
1572 2558 1617 2582 est
1632 2562 1706 2593 ergo

980 2598 1002 2614 “
1018 2598 1059 2626 ad
1073 2599 1195 2628 landem
1211 2600 1379 2638 positum.”
1424 2601 1579 2634 Donatus.

1023 2647 1097 2677 Ver.
1110 2651 1180 2679 757.
1197 2652 1397 2682 invenientes:
1419 2658 1460 2682 Π.
1476 2658 1510 2684 Σ.
1523 2656 1707 2688 inveniente.-

980 2704 1011 2728 et
1039 2706 1083 2730 Ω.
1111 2711 1168 2739 pro
1191 2713 1344 2742 responsa,
1371 2704 1405 2734 in
1430 2716 1520 2737 versu
1545 2715 1706 2749 sequente,

981 2751 1096 2788 praebet
1111 2761 1231 2790 sponsa,
1248 2763 1321 2783 voce
1333 2754 1498 2788 decumani.

1025 2801 1106 2832 Ibid.
1129 2805 1278 2836 divinitus
1293 2808 1486 2841 invenientes.
1518 2811 1569 2841 Ita
1584 2812 1710 2842 Tullius

981 2852 1149 2891 saepissime
1172 2854 1294 2886 locutus
1317 2864 1372 2897 est,
1398 2866 1434 2890 ut
1459 2861 1498 2891 de
1521 2868 1597 2892 orat.
1621 2863 1640 2893 i.
1657 2867 1708 2894 55.

982 2906 1005 2921 “
1021 2902 1134 2944 Itaque
1148 2906 1225 2944 haec,
1241 2918 1313 2939 cum
1325 2920 1344 2940 a
1353 2916 1384 2941 te
1393 2913 1542 2945 divinitus
1552 2924 1612 2954 ego
1623 2916 1706 2944 dicta

980 2956 1003 2972 ‘¹
1019 2955 1255 2989 arbitrarer—.'’
