1894 3253
711 247 771 293 T.
819 244 1205 294 LUCRETII

359 381 689 434 Concoctosque,
711 393 786 419 suo
805 386 1018 420 contactos
1036 378 1209 434 perdere
1232 378 1328 420 viro.

413 454 652 509 Propterea,
675 453 819 495 eadem
840 453 993 495 debent
1012 455 1242 510 primordia
1261 469 1399 496 rerum

355 529 454 570 Non
474 527 669 569 adhibere
690 544 809 569 suum
829 528 1055 586 gignundis
1076 529 1198 570 rebus
1218 529 1406 580 odorem,

244 608 323 645 855
357 603 446 644 Nec
466 603 645 643 sonitum
651 621 664 652 3
698 603 894 658 quoniam
915 602 1018 644 nihil
1038 603 1090 644 ab
1112 618 1153 644 se
1172 604 1334 645 mittere
1353 615 1525 659 possunt

353 677 443 718 Nec
462 677 582 718 simili
600 677 759 718 ratione
779 692 968 732 saporem
989 677 1167 732 denique
1187 692 1452 733 quemquam,

353 751 443 793 Nee
462 751 604 808 frigus,
626 766 760 807 neque
779 752 877 793 item
899 751 1078 792 calidum
1097 751 1364 808 tepidumque
1383 767 1591 808 vaporem.

353 827 528 875 Caetera,
552 840 645 881 quae
665 840 791 881 quom
811 826 869 866 ita
888 833 984 867 sunt
1005 834 1158 876 tamen,
1180 834 1225 867 ut
1245 827 1433 868 mortalia
1453 836 1658 879 constent,

351 900 471 943 Molli
490 901 614 950 lenta,
635 899 798 957 fragosa
817 900 944 954 putri,
969 915 1067 942 cava
1087 914 1260 955 corpore
1279 915 1390 951 raro,

209 1062 291 1092 Sane
307 1060 344 1090 ab
359 1061 455 1097 haud,
480 1057 576 1088 fluere
599 1058 701 1097 potuit
717 1060 936 1089 haut—azet—

205 1119 234 1144 et
240 1128 251 1149 ;
277 1118 369 1152 atque
385 1110 608 1151 grammaticus
623 1109 701 1139 olim
717 1110 887 1150 scripsisse:

219 1197 427 1226 concoctosque
436 1201 484 1219 suo
494 1201 611 1224 servare,
624 1194 694 1219 haud
705 1195 828 1227 perdere,
839 1194 907 1219 viro.

204 1259 412 1290 Permittatur
426 1259 511 1288 enim
534 1258 625 1288 nobis
647 1257 811 1298 aliquoties
830 1258 931 1287 hario-

205 1311 272 1341 lari.

248 1365 330 1396 Ibid.
355 1367 436 1395 viro:
462 1364 496 1393 in
522 1366 640 1394 bonam
665 1371 785 1404 partem
808 1364 933 1404 accepta

203 1427 289 1454 voce,
311 1422 348 1446 ut
373 1416 405 1445 in
435 1416 574 1445 versibus
605 1416 697 1445 Statii
726 1416 931 1453 nitidissimis,

204 1468 270 1499 silv.
286 1467 308 1498 i.
325 1471 354 1497 4.
374 1469 442 1497 104.

303 1549 416 1580 jungam
428 1547 483 1579 ipse
493 1554 599 1577 manus,
609 1551 692 1579 atque
703 1554 785 1573 omne
795 1548 930 1580 benignum

202 1589 286 1618 Vnus,
300 1587 439 1612 odoriferis
449 1588 568 1612 Arabum
580 1588 653 1617 quod
665 1587 760 1612 doctus
771 1588 797 1611 in
809 1588 889 1618 arvis,

203 1629 258 1654 Aut
269 1627 463 1659 Amphrysiaco
474 1631 564 1659 pastor
575 1627 608 1651 de
619 1627 752 1659 gramine,
762 1627 856 1659 carpsi.

204 1703 259 1736 Ad
287 1713 383 1744 quem
418 1703 524 1733 locum
556 1702 765 1733 Marklandus
793 1703 931 1742 optimus

201 1755 332 1786 omnino
361 1754 573 1785 consulendus
598 1760 652 1785 est.
699 1754 761 1785 Sed
787 1756 872 1785 enim
897 1755 929 1784 in

202 1809 261 1839 hac
275 1819 308 1838 re
326 1808 437 1838 Graeca
459 1808 648 1847 exemplaria
663 1808 701 1838 de
723 1819 812 1839 more
832 1809 930 1839 secuti

201 1866 276 1890 sunt
290 1860 323 1890 hi
338 1860 454 1891 Latini.
493 1861 617 1901 Insigni
632 1861 671 1890 sit
685 1871 742 1900 pro
757 1867 833 1892 teste
850 1862 926 1892 Pin-

202 1911 307 1951 darus,
333 1912 384 1943 01.
401 1913 439 1943 vi.
457 1916 506 1943 78.

449 2002 489 2027 δυο
504 2002 528 2028 ξε
543 2007 692 2032 waszonis
705 2012 788 2032 αυτον,

279 2049 411 2081 Aous-coum
421 2051 549 2079 βελαισιν,
564 2059 583 2075 ε-

319 2096 455 2130 θςεψοιντο
466 2096 606 2130 Spatura-53,
625 2104 734 2129 αμεμῷει

276 2143 315 2182 Ῑῼ
337 2144 535 2172 ΜΕΛΙΣΣΑΝ,
549 2142 689 2175 καδομενω.

202 2222 361 2260 Lucanus,
377 2221 439 2251 viii.
456 2226 529 2253 690.
553 2221 592 2251 de
607 2221 854 2259 medicamentis,
869 2232 927 2261 pu-

201 2279 317 2303 trorem
346 2273 533 2311 arcentibus,
563 2283 632 2313 quae
661 2272 762 2303 solent
786 2283 860 2310 esse,
890 2278 927 2302 ut

202 2325 385 2365 plurimum,
402 2325 535 2355 suaviter
549 2324 689 2355 odorata:

395 2407 483 2432 infuso
492 2407 572 2432 facies
582 2408 692 2433 solidata
700 2415 801 2433 veneno
812 2412 861 2433 est.

203 2479 292 2510 Hinc
310 2479 471 2521 Virgilius,
495 2489 562 2520 geo.
579 2479 597 2509 i.
616 2483 686 2511 129.
710 2483 733 2498 “
748 2482 862 2511 malum
879 2479 922 2509 vi-

202 2534 225 2549 “
241 2531 323 2562 rus¹⁵
357 2531 614 2572 distinguendum
649 2532 847 2563 existimaxit:
885 2533 924 2564 ad

200 2592 296 2623 quem
333 2593 458 2613 versum
493 2583 537 2613 sic
572 2589 745 2623 opportune
784 2585 919 2615 Servius:

202 2638 224 2652 “
242 2636 329 2666 Bene
341 2636 380 2667 ad
395 2635 611 2667 discretionem
623 2636 781 2676 epitheton
792 2637 936 2676 addidit,-

200 2687 226 2705 “
241 2689 373 2719 malum.-
399 2699 475 2718 nam
489 2689 575 2719 virus
588 2694 619 2719 et
633 2690 741 2719 bonum
765 2695 796 2719 et
810 2690 924 2720 malum

200 2739 224 2754 “
239 2742 296 2774 est,
312 2738 391 2768 sicut
405 2751 550 2770 venenum
552 2756 567 2777 3
589 2750 665 2771 nam
679 2740 764 2771 idem
780 2747 833 2771 est.
859 2741 924 2771 Ve-

201 2791 226 2807 “
242 2788 289 2819 nit
305 2796 411 2820 autem
426 2802 445 2821 a
463 2793 584 2823 Graeco:
612 2804 687 2824 nam
703 2800 734 2824 et
748 2793 794 2824 illi
809 2802 924 2836 φαρμα-

199 2843 222 2860 “
243 2855 290 2872 κου
311 2842 454 2873 medium
467 2845 596 2885 habem3
619 2846 639 2877 i.
655 2857 681 2878 e.
703 2854 734 2878 et
752 2849 872 2879 bonum
894 2854 927 2879 et

205 2895 226 2912 “
243 2892 395 2924 malum.”

246 2952 319 2984 Ver.
335 2956 406 2987 855.
427 2953 549 2988 effidem:
571 2956 595 2989 i.
615 2967 640 2988 e.
664 2958 775 2990 eadem
793 2959 854 2998 vizi,
877 2959 926 2990 vel

979 1059 1121 1088 similiter
1128 1072 1138 1092 ;
1164 1063 1201 1086 ut
1215 1063 1319 1087 noster
1334 1056 1530 1096 compluries
1563 1057 1708 1098 Plautus,

981 1109 1094 1139 Bacch.
1111 1109 1153 1138 iii.
1171 1111 1199 1138 4.
1216 1113 1266 1139 26.

1042 1182 1138 1207 Eidem
1150 1182 1279 1212 exorabo,
1291 1181 1420 1213 Chrysalo
1431 1182 1522 1207 caussa
1533 1183 1595 1208 mei

1040 1224 1117 1246 Pater
1127 1229 1160 1246 ne
1172 1226 1278 1246 noceat.

979 1287 1072 1317 Idem
1087 1289 1146 1317 hoc
1161 1287 1256 1317 modo
1270 1287 1391 1326 saepius.
1410 1288 1586 1319 Charisius:
1608 1292 1630 1308 “
1643 1289 1710 1320 Ve-

979 1344 998 1356 “
1014 1345 1093 1368 teres
1113 1336 1216 1369 eddom
1240 1338 1323 1369 soliti
1345 1345 1419 1369 sunt
1437 1340 1550 1376 dicere,
1573 1351 1638 1371 non
1652 1341 1708 1371 ad-

977 1390 1122 1420 “dentes
1150 1390 1216 1425 ami,-
1243 1396 1280 1420 ut
1310 1391 1350 1420 sit
1375 1393 1445 1421 κατ’
1473 1394 1615 1430 salsulam
1660 1393 1707 1423 Ut

978 1446 996 1458 “
1014 1441 1146 1471 Plautus
1159 1441 1273 1481 inquit:

1007 1509 1026 1521 “
1037 1507 1134 1532 Ejdem
1144 1508 1250 1537 biberiS,
1260 1508 1349 1532 eadem
1359 1508 1459 1533 dedero
1470 1509 1530 1539 tibi,
1541 1509 1588 1534 ubi
1600 1510 1706 1542 biberis,

1131 1549 1151 1562 “
1166 1547 1302 1571 savium.'’

977 1608 1042 1643 Qui
1064 1608 1150 1638 locus
1172 1613 1272 1637 exstat
1293 1607 1327 1637 in
1350 1608 1464 1638 Bacch.
1480 1607 1499 1637 i.
1520 1611 1545 1638 1.
1564 1611 1612 1639 15.
1635 1608 1707 1639 vide

975 1660 1112 1689 Fabrum
1138 1659 1172 1688 in
1188 1659 1313 1689 Lexico.
1357 1659 1433 1690 Jam
1460 1669 1533 1689 vero
1548 1659 1587 1690 de
1602 1659 1708 1691 effidem

974 1712 1151 1753 dissyllabo,
1181 1713 1252 1744 vide
1277 1713 1318 1743 sis
1347 1723 1451 1753 supra,
1482 1713 1521 1743 ad
1545 1723 1605 1744 ver.
1630 1718 1706 1746 692.

976 1764 1027 1794 Sic
1053 1771 1160 1794 autem
1183 1764 1323 1804 rescripsi
1345 1775 1382 1794 ex
1405 1763 1561 1794 levissima
1575 1765 1706 1806 castiga-

974 1817 1071 1847 tione:
1103 1828 1177 1847 nam
1203 1817 1311 1847 nullus
1334 1816 1456 1854 dubim,
1487 1817 1547 1847 hoc
1572 1817 1706 1848 voluisse

974 1868 1159 1907 scripturam
1184 1868 1329 1899 codicum
1351 1868 1388 1898 L.
1406 1869 1453 1898 JM.
1478 1870 1618 1907 eandem,
1643 1869 1663 1900 i.
1679 1880 1705 1901 e.

972 1921 1089 1957 eadem,
1116 1919 1177 1949 nisi
1193 1919 1241 1949 vel
1261 1919 1377 1949 librarii
1392 1930 1519 1958 manus,
1547 1919 1596 1950 vel
1610 1921 1704 1952 colla-

972 1972 1048 2002 toris
1071 1971 1192 2010 oculus,
1216 1972 1426 2002 aberravisset.
1473 1971 1569 2002 vind.
1586 1972 1626 2003 V.
1653 1973 1702 2005 ed.

972 2024 1010 2054 B.
1027 2029 1061 2054 Δ.
1080 2030 1121 2054 Π.
1141 2028 1175 2054 Σ.
1199 2025 1346 2054 eundem:
1371 2022 1421 2053 vel
1435 2026 1578 2060 eamdem,
1590 2027 1701 2062 efulem,

969 2078 1089 2106 eodem:
1116 2075 1136 2105 i.
1152 2085 1178 2105 e.
1202 2076 1304 2105 eodem
1331 2076 1416 2104 modo
1421 2090 1434 2110 ,·
1458 2074 1544 2114 quod
1566 2085 1631 2105 non
1647 2075 1703 2106 de·

971 2127 1068 2157 terius
1083 2132 1168 2157 esset.
1213 2126 1323 2156 Lectio
1338 2128 1473 2163 tandem,
1488 2125 1522 2155 in
1538 2126 1576 2156 P.
1595 2126 1636 2157 O.
1656 2134 1702 2159 Ω.

974 2189 1011 2208 ex
1028 2177 1128 2208 crassa
1139 2177 1357 2207 emendatione
1373 2182 1419 2206 est
1434 2177 1701 2209 homunculorum

973 2240 990 2259 e
1005 2229 1132 2259 lectioni
1146 2228 1297 2269 genuina,
1320 2228 1368 2258 vel
1383 2228 1529 2268 genuinae
1544 2229 1702 2270 proxima,

969 2281 1048 2311 nihil
1063 2280 1242 2319 exsculpere
1257 2280 1440 2310 valentium.

969 2332 1030 2362 Vel
1047 2332 1089 2362 sic
1103 2331 1215 2362 itinere
1229 2338 1337 2361 tamen
1359 2331 1569 2370 complanato,
1594 2337 1626 2363 et
1646 2344 1699 2363 su-

959 2384 1140 2424 perioribus
1170 2384 1335 2421 concessis,
1371 2383 1476 2413 hiatus
1505 2390 1612 2423 restat,
1649 2386 1702 2415 cui

968 2437 1141 2477 supplendo
1149 2436 1236 2467 nulla
1245 2436 1402 2468 codicibus
1411 2436 1533 2466 medela
1542 2437 1700 2468 ministra-

967 2496 1030 2527 tur,
1053 2499 1155 2530 neque
1171 2499 1209 2519 ex
1228 2488 1358 2529 ingenio
1383 2488 1571 2528 interpolare
1586 2500 1698 2520 conve-

968 2542 1022 2572 nit.
1067 2542 1096 2572 E
1112 2541 1233 2572 duabus
1259 2541 1363 2571 minor
1385 2547 1431 2571 est
1449 2540 1618 2572 difficultas
1643 2540 1697 2571 eli.

968 2594 1085 2634 genda3
1108 2600 1139 2624 et
1154 2593 1274 2624 edicere
1289 2592 1475 2632 praestiterit,
1499 2592 1698 2623 convolutam

968 2646 1093 2686 syllabae
1117 2643 1153 2677 εᾶ
1168 2645 1464 2686 pronunciationem
1490 2655 1564 2675 cum
1586 2644 1616 2674 vi
1635 2653 1695 2673 cae-

967 2709 1048 2729 surae
1070 2699 1301 2739 conspirantem
1318 2698 1404 2740 (vide
1419 2697 1509 2738 Virg.
1524 2706 1591 2738 ge0.
1610 2695 1643 2725 ii.
1665 2698 1697 2725 8.

973 2755 1040 2782 144.
1065 2751 1140 2782 AEn.
1168 2751 1206 2782 iv.
1234 2755 1284 2783 64.
1309 2756 1345 2781 ut
1372 2750 1405 2780 in
1435 2750 1510 2780 locis
1538 2747 1695 2787 pluribus)

968 2804 1042 2834 huic
1057 2803 1269 2842 incommodo,
1292 2813 1331 2834 ex
1345 2801 1600 2842 probissimorum
1621 2799 1694 2838 po'e'-

969 2861 1073 2886 tarum
1088 2867 1159 2895 usu,
1182 2855 1332 2886 idoneum
1353 2853 1529 2884 subsidium
1543 2851 1694 2882 conferre.

969 2908 1084 2948 Aliter,
1124 2908 1304 2940 sinceriores
1339 2905 1459 2937 codices
1494 2903 1694 2944 exspectandi

968 2967 1049 2992 sunt.
