1894 3253
597 249 832 298 LIBER
883 246 1189 296 PRIMUS.

1565 246 1655 290 109

186 388 266 425 565
300 384 432 435 Stare,
455 383 600 440 quibus
620 384 777 439 possint
796 383 873 423 aevi
894 382 1132 438 contingere
1151 380 1313 420 florem.

360 459 461 501 Huc
481 458 657 508 adcedit‚
680 458 763 499 utei
785 456 1026 498 solidissima
1047 454 1236 496 materiai

302 534 491 589 Corpora
511 548 636 589 quom
657 540 861 580 constant,
885 530 1044 585 possint
1064 538 1203 570 tamen
1222 527 1362 569 omnia
1381 523 1497 567 reddi

301 608 460 658 Mollia,
483 622 577 663 quae
596 607 721 656 fiunt;
755 607 840 655 aer,
863 620 986 660 aqua,
1010 612 1134 652 terra,
1156 617 1343 657 vapores,

299 683 397 732 Quo
417 690 538 737 pacto
559 681 675 731 fiant,
698 688 738 722 et
758 679 838 735 qua
859 680 899 720 vi
921 693 1132 734 quomque
1151 685 1364 734 gerantur:

183 758 264 798 570
296 757 547 798 Admixtum
568 756 763 812 quoniam
785 754 909 796 semel
929 761 989 794 est
1009 753 1053 793 in
1074 752 1195 793 rebus
1215 751 1349 791 inane.

296 832 355 872 At
375 839 534 881 contra,
557 831 590 872 si
610 830 747 871 mollia
767 829 849 870 sint
869 826 1103 883 primordia
1122 840 1276 874 rerum,

295 905 422 948 Unde
441 913 593 961 queant
612 904 759 946 validei
780 903 907 944 silices
927 901 1164 957 ferrumque
1184 898 1330 948 meari,

469 1061 598 1093 primaevo
606 1061 672 1092 flore
679 1061 817 1092 juventus.

151 1131 204 1161 Ex
227 1131 372 1160 Homero
395 1135 502 1159 autem
525 1128 662 1158 derivata
687 1129 753 1158 haec
780 1128 880 1168 figura

151 1192 205 1221 per
216 1182 395 1212 universam
407 1181 562 1211 Graeciam
574 1180 764 1220 Latiumque
776 1179 876 1215 fluxit,

153 1233 192 1264 Ii.
208 1240 243 1265 N.
261 1237 332 1263 484.

269 1317 319 1340 Kou
332 1313 354 1340 δ’
368 1324 416 1348 εχυ
435 1314 539 1340 ἨΒΗΣ
556 1313 685 1339 ΑΝΘΟΣ.

192 1392 268 1423 Ver.
284 1395 356 1424 566.
381 1394 475 1424 Huc:
514 1399 555 1423 Π.
583 1393 698 1423 IVzmc:
728 1391 798 1422 vide
819 1401 881 1422 ver.

152 1446 226 1475 580.

193 1497 269 1527 Ver.
299 1499 372 1528 568.
387 1499 494 1540 fiunt:
521 1497 565 1528 ita
591 1498 629 1528 P.
648 1496 743 1527 Vind.
768 1497 809 1527 V.
835 1495 882 1526 ed.

152 1549 189 1579 B.
206 1549 243 1579 L.
271 1549 318 1580 M.
337 1550 378 1580 Ο.
404 1556 439 1580 Δ.
457 1557 497 1580 Π.
526 1555 561 1581 Σ.
575 1551 665 1592 fiant
680 1550 800 1588 placuit
815 1549 881 1579 edi-

150 1600 281 1638 toribus,
298 1600 372 1631 inde
387 1607 489 1631 totum
506 1601 622 1637 locum,
641 1600 675 1630 ni
689 1601 792 1639 fallor,
813 1612 882 1640 pes-

150 1662 222 1682 sum
235 1652 405 1692 ‚dantibus;
433 1653 589 1684 levissimo
615 1660 739 1684 tantum
766 1659 883 1693 puncto

151 1703 193 1733 ad
203 1705 293 1746 flant
308 1705 420 1744 posito,
436 1711 466 1734 et
481 1705 619 1735 confusis
634 1705 788 1735 omuibus.
816 1705 884 1735 Nos

151 1757 196 1787 ita
219 1758 398 1797 scripsimus
427 1764 458 1788 et
484 1758 696 1796 distinximus,
728 1764 764 1788 ut
792 1769 884 1788 mens

152 1809 288 1838 auctoris
309 1809 479 1839 clarissime
495 1809 658 1847 elucescat,
674 1820 732 1839 nec
745 1809 884 1850 indigeat

152 1858 489 1899 interpretis—Porro,
513 1871 618 1891 versus
632 1861 665 1890 in
681 1861 769 1892 codd.
788 1861 827 1892 Ο.
846 1867 880 1893 Σ.

154 1915 186 1939 et
202 1916 247 1940 Ω..
271 1910 311 1940 ad
326 1912 410 1941 hunc
426 1911 558 1941 modum
572 1912 750 1942 exhibetur:

170 1990 270 2020 Mollia,
281 1997 343 2022 quae
355 1990 438 2016 fiunt:
457 2000 535 2024 aqua,
547 1996 570 2017 et
580 1994 635 2024 αὲν,
647 1997 728 2023 terra,
740 2001 865 2026 vapores:

155 2060 206 2090 cui
221 2059 333 2089 rationi
348 2059 442 2100 longe
458 2060 659 2091 anteferenda
673 2067 719 2091 est
733 2061 868 2101 vulgata.

197 2113 273 2143 Ver.
300 2115 371 2144 569.
394 2123 558 2153 quomque:
599 2114 638 2144 G.
666 2113 702 2143 P.
719 2113 816 2144 Vind.
841 2115 882 2144 V.

153 2164 201 2195 ed.
228 2166 265 2195 Β.
285 2165 323 2195 0.
347 2169 382 2195 A.
411 2171 444 2196 Σ.
467 2177 611 2206 quaeqzte:
637 2165 883 2206 male.--geran-

154 2223 225 2247 tur.-
249 2217 293 2247 sic
311 2217 349 2247 G.
377 2217 413 2247 P.
430 2217 528 2247 vind.
547 2218 584 2247 B.
603 2217 642 2247 Ο.
668 2224 710 2248 Π.
735 2222 770 2250 Σ.
796 2223 827 2248 et
851 2232 884 2249 ero

151 2275 306 2308 genantur
332 2269 466 2300 aliorum
490 2270 640 2301 librorum
667 2276 772 2300 ortum
794 2277 884 2311 puta-

156 2320 255 2349 verim
270 2330 307 2349 ex
319 2327 519 2359 generantur,
535 2321 619 2361 quod
642 2321 756 2362 legitur
770 2322 804 2352 in
820 2323 885 2353 Ve-

157 2379 294 2401 ronens1.

159 2421 278 2451 Versus
292 2431 398 2452 autem
418 2424 484 2453 haec
508 2429 554 2454 est
578 2425 800 2464 interpretatio,
822 2426 882 2455 im-

156 2472 272 2511 pendio
286 2472 398 2511 facilis,
421 2473 446 2503 si
471 2474 510 2504 ad
525 2482 695 2516 utrumque
719 2476 884 2506 relativum

155 2523 237 2554 illud
262 2536 409 2564 quomque
435 2532 617 2557 arcessatur:
647 2531 668 2544 “
686 2527 884 2567 Quocunque

159 2579 178 2594 “
195 2575 323 2605 tandem
349 2582 438 2615 pacto
453 2577 502 2605 hae
530 2587 578 2606 res
602 2577 714 2607 molles
727 2578 885 2613 exsistant,

158 2629 182 2645 “
198 2632 229 2657 et
243 2627 440 2668 quacumque
452 2627 581 2657 demum
597 2628 626 2657 vi
638 2629 763 2669 negotia
777 2640 885 2660 earum

157 2682 178 2697 “
194 2680 364 2721 omnigena
384 2680 670 2710 administrentur.’'

156 2731 320 2762 Bentleius
345 2733 435 2763 obelo
462 2734 547 2763 hunc
578 2743 713 2771 versum,
735 2734 823 2774 quasi
853 2745 885 2765 a-

157 2782 361 2822 dulterinum‚
389 2784 569 2814 confoderat
575 2796 585 2823 5
609 2784 715 2814 oculos
733 2795 771 2815 ex
792 2786 886 2824 pravi

157 2834 335 2874 vulgarium
361 2836 537 2868 editionum
560 2837 781 2867 constitutione
811 2837 884 2868 cali-

157 2895 231 2925 gare
245 2887 303 2918 sibi
318 2898 433 2927 passus.

202 2935 279 2972 Ver..
301 2942 372 2971 570.
394 2943 502 2973 semel:
528 2941 569 2972 V.
586 2941 633 2973 ed.
659 2943 769 2973 simul:
796 2951 885 2973 men-

925 1058 1011 1088 dose:
1039 1062 1070 1087 et
1092 1055 1198 1087 statim
1215 1056 1274 1093 Ac,
1297 1063 1354 1093 pro
1370 1053 1505 1084 At.-B.
1520 1061 1585 1083 non
1599 1052 1655 1082 ha-

924 1112 975 1140 bet
989 1116 1041 1140 est.

969 1160 1050 1190 Ibid.
1073 1161 1228 1200 quoniam.
1274 1157 1349 1187 Non
1365 1157 1451 1187 enim
1466 1154 1592 1186 difficile
1613 1160 1658 1184 est

914 1211 1099 1250 concipere,
1120 1221 1169 1240 res
1189 1209 1340 1250 quasdam
1356 1218 1444 1247 posse
1460 1208 1559 1237 molles
1574 1206 1656 1243 fieri,

925 1262 950 1292 si
978 1262 1076 1301 spatia
1100 1261 1163 1291 sint
1190 1260 1224 1290 in
1239 1259 1420 1299 corporibus
1445 1257 1533 1288 omni
1560 1253 1670 1287 vacua'

926 1314 1064 1344 materie.

970 1366 1045 1396 Ver.
1062 1367 1134 1396 573.
1178 1364 1282 1403 Lego:

1214 1452 1278 1470 nam
1288 1444 1411 1469 funditus
1421 1442 1488 1469 omni

988 1487 1118 1519 Principio
1129 1485 1288 1511 solidamenti
1300 1489 1395 1510 natura
1407 1483 1517 1509 carebit.

929 1560 1169 1591 Videver.615.
1214 1560 1440 1589 Bnnnmus.

927 1614 1045 1644 Procul
1091 1612 1199 1650 dubio,
1237 1612 1365 1641 naribus
1401 1609 1556 1640 emunctis
1592 1607 1660 1644 viri,

927 1665 1109 1695 mortalium
1139 1663 1285 1693 omnium
1309 1661 1491 1696 acutissimi,
1522 1659 1661 1698 repetitae

928 1716 1092 1752 dictiones,
1105 1714 1257 1756 funditus
1273 1713 1491 1753 fimdamenti,
1511 1709 1663 1749 displicu-

928 1777 988 1797 ere.
1027 1766 1089 1796 Sed
1105 1765 1234 1805 hujusce
1250 1763 1478 1794 emendationis
1494 1761 1611 1792 nollem
1626 1761 1662 1790 in

928 1829 980 1848 me
997 1818 1151 1857 suscipere
1166 1816 1394 1847 defensionem:
1422 1824 1496 1844 nam
1512 1813 1589 1843 nihil
1607 1812 1662 1843 ad·

924 1870 1067 1911 jumenti
1092 1875 1138 1899 est
1153 1879 1190 1899 ex
1210 1868 1291 1906 loco,
1317 1867 1358 1898 ad
1380 1877 1475 1908 quem
1500 1871 1661 1905 provocat3

928 1927 1022 1962 atque
1045 1921 1094 1951 his
1109 1919 1335 1951 vocabulorum
1357 1917 1599 1948 consonantium
1614 1916 1662 1946 vi·

927 1972 1106 2002 cinitatibus
1135 1971 1319 2001 Lucretium
1345 1969 1493 2000 delectari
1518 1968 1591 1998 satis
1620 1967 1659 1997 li-

926 2031 1011 2066 quet,
1022 2031 1059 2054 ut
1067 2024 1158 2055 nobis
1173 2024 1207 2053 in
1224 2022 1433 2062 superioribus
1444 2021 1512 2062 jam
1528 2019 1661 2061 contigit

927 2079 1101 2108 observare:
1128 2076 1199 2106 vide
1216 2075 1256 2105 ad
1271 2085 1331 2105 ver.
1347 2077 1427 2106 594.

971 2129 1043 2159 Ver.
1071 2131 1142 2160 575.
1160 2129 1326 2167 pollentia:
1366 2132 1406 2156 Π.
1428 2126 1570 2165 palentia
1580 2139 1590 2155 .·
1616 2131 1659 2164 et,

929 2180 962 2209 in
978 2190 1067 2210 versu
1093 2179 1236 2218 proxime
1250 2177 1407 2215 veniente,
1429 2187 1486 2216 pro
1501 2178 1662 2215 condenso,

931 2237 973 2262 Π.
990 2232 1084 2261 habet
1097 2242 1166 2261 cum
1191 2232 1295 2267 denso,
1320 2228 1405 2269 quod
1429 2234 1476 2258 est
1499 2228 1662 2257 usitatissi-

929 2293 1019 2313 mum
1035 2282 1239 2313 aber-rationis
1254 2292 1362 2322 genus.

972 2336 1046 2365 Ver.
1063 2338 1135 2366 577.
1155 2336 1263 2366 vireis:
1290 2344 1327 2364 ex
1346 2339 1386 2364 Π.
1402 2341 1525 2362 erasum
1541 2337 1587 2361 est
1602 2331 1662 2361 hoc

929 2386 1127 2416 vocabulum.

973 2437 1054 2468 Ibid.
1073 2438 1192 2468 validas
1207 2438 1305 2467 vireis.
1344 2433 1510 2474 Virgilius,
1529 2433 1605 2462 AEn.
1621 2432 1662 2464 vi.

928 2492 999 2520 834.

962 2563 1017 2587 Neu
1030 2562 1125 2594 patriae
1138 2561 1245 2586 validas
1256 2560 1283 2584 in
1295 2560 1395 2584 viscera
1407 2557 1506 2583 vertite
1516 2557 1601 2581 vires,

972 2635 1046 2664 Ver.
1063 2637 1134 2665 578.
1159 2632 1225 2662 Hic
1238 2641 1354 2669 versus,
1371 2636 1401 2660 et
1417 2640 1468 2660 sex
1485 2634 1661 2670 sequentes,

928 2685 1030 2716 multo
1045 2683 1242 2715 commodius
1270 2682 1420 2721 leguntur
1444 2680 1477 2710 in
1500 2681 1558 2710 hoc
1580 2680 1662 2717 loco,

931 2736 1014 2776 apud
1033 2737 1073 2766 G.
1089 2736 1126 2765 P.
1143 2734 1240 2764 vind.
1257 2733 1298 2763 V.
1321 2732 1368 2762 ed.
1396 2733 1433 2763 B.
1451 2731 1490 2762 O.
1515 2736 1550 2761 Δ.
1569 2738 1609 2761 Π.
1626 2736 1662 2762 Σ.

932 2797 976 2820 Ω.
1022 2789 1131 2829 Vulgo
1153 2792 1314 2827 ponuntur
1333 2791 1401 2825 post
1423 2795 1484 2816 ver.
1499 2787 1572 2815 655.
1595 2784 1662 2814 edi-

930 2841 1025 2871 tionis
1040 2846 1162 2869 nostrae.

931 2892 1006 2922 1100
1023 2897 1130 2920 autem
1145 2889 1240 2920 modo
1260 2889 1360 2929 po'etae
1382 2887 1578 2919 ratiocinatio
1592 2895 1662 2930 pro-

932 2941 1040 2973 cedere
1054 2941 1195 2973 videtur:
1223 2944 1245 2960 “
1265 2940 1297 2971 Si
1321 2940 1378 2971 tibi
1401 2938 1572 2971 concedam
1598 2946 1664 2967 non
