1894 3253
538 257 774 307 LIBER
822 255 1240 306 SECUNDUS.

1544 263 1628 301 301

170 397 254 434 610
285 391 413 434 Hanc
435 392 559 434 variae
578 399 735 449 gentes,
758 392 928 447 antiquo
948 405 1065 432 more
1085 403 1311 439 sacrorum,

287 468 444 509 Idaeam
465 468 646 510 vocitant
666 475 859 515 matrem3
894 464 1178 521 Phrygiasque
1197 471 1379 505 catervas

283 543 401 585 Dant
421 542 606 593 comites,
628 542 726 597 quia
744 541 926 596 primum
946 552 1000 579 ex
1021 538 1097 579 illis
1117 537 1269 579 finibus
1289 537 1417 579 edunt

285 617 367 658 Per
387 625 591 658 terrarum
611 616 747 658 orbeis
767 616 903 673 fruges
925 614 1094 669 coepisse
1114 613 1256 654 creari.

282 691 424 733 Gallos
444 692 687 733 adtribuunt
693 710 706 741 ;
739 691 850 747 quia,
873 703 1028 731 numen
1048 688 1142 744 quei
1162 687 1354 728 violarint

167 770 248 807 615
281 765 447 816 Matris,
469 774 510 807 et
530 765 709 823 ingratei
729 763 986 822 genitoribus
1006 762 1187 803 inventei
1207 761 1307 812 sint,

282 840 526 898 Significare
546 840 691 882 volunt
711 840 906 898 indignos
927 853 1012 880 esse
1033 837 1256 893 putandos,

281 915 431 957 Vivam
451 917 697 974 progeniem
717 916 812 973 quei
833 917 877 957 in
898 930 990 957 oras
1010 913 1176 955 luminis
1196 912 1333 954 edant.

138 1072 262 1102 Auctor
276 1071 502 1101 rhetoricorum
529 1072 568 1102 ad
594 1073 809 1109 Herennium,
838 1073 869 1103 ii.

137 1126 188 1154 ⁴27.
207 1126 229 1141 “
242 1123 410 1153 Mortuum
425 1123 648 1163 deformatum,
663 1132 779 1155 tumore
783 1136 868 1165 pre-

139 1178 162 1193 ‘⁶
177 1176 290 1213 ditum,
307 1174 493 1213 coloratum,
509 1174 605 1206 fuisse
620 1176 768 1207 constat.”

183 1227 260 1257 Ver.
287 1231 359 1259 609.
385 1229 541 1269 Hert-{fiee
560 1228 687 1269 fertur:
713 1228 733 1258 i.
757 1239 782 1258 e.
806 1233 868 1258 tor-

139 1289 211 1310 vam
225 1280 421 1320 majestatem
437 1290 500 1319 prae
520 1290 552 1309 se
578 1280 697 1316 ferens3
721 1290 794 1310 cum
818 1291 870 1310 vo-

138 1331 256 1371 luptate
271 1341 336 1361 non
351 1331 432 1360 nihil
447 1331 583 1361 horroris
593 1331 780 1362 incutiente:
801 1331 872 1362 vide

135 1383 179 1413 iii.
213 1386 262 1413 28.
294 1383 332 1413 vi.
364 1386 460 1413 1267.
506 1382 685 1422 Descriptio
717 1383 873 1422 Scipionis

135 1434 266 1472 Siliana,
279 1434 361 1464 Pun.
377 1434 440 1464 viii.
451 1436 523 1466 562.
539 1434 693 1465 curiosius
704 1434 873 1473 elaborata,

133 1485 238 1516 lucem
253 1491 359 1515 nostro
373 1485 475 1516 dabit:

166 1558 262 1584 Martia
277 1558 367 1589 frons3
385 1557 532 1589 facilesque
548 1565 652 1589 comae,
672 1565 723 1584 nec
743 1565 814 1591 pone
831 1566 872 1584 re-

263 1602 362 1629 troque

170 1638 300 1664 Caesaries
310 1638 431 1664 breviorz
449 1639 600 1670 flagrabant
611 1639 714 1663 lumina
724 1638 786 1663 miti

169 1678 318 1710 Adspectu,
328 1682 476 1710 gratusque
485 1679 572 1703 inerat
584 1679 730 1704 visentibus
741 1679 845 1704 horror.

182 1751 258 1782 Ver.
281 1754 354 1782 610.
377 1753 505 1792 antiquo
521 1763 620 1782 more:
646 1762 773 1792 nempe,
800 1752 874 1793 quia

140 1802 208 1844 ejus
223 1813 310 1834 sacra
323 1803 358 1833 in
373 1803 448 1841 Idci,
464 1810 573 1834 monte
589 1805 740 1845 Phrygio,
762 1805 872 1844 primi-

141 1863 191 1886 tus
206 1857 390 1896 agebantur,
406 1858 494 1886 Idaea
510 1862 610 1886 mater
625 1856 722 1887 audit.

183 1907 259 1937 Ver.
276 1910 351 1937 611.
377 1913 529 1938 catervas:
558 1914 598 1938 Π.
614 1909 774 1944 catlzenas,-
798 1918 873 1938 con-

143 1959 282 1990 fundens
296 1959 381 1989 hunc
396 1959 503 1989 locum
518 1969 593 1989 cum
608 1959 742 1990 lectione
757 1960 798 1991 ad
812 1970 873 1991 ver.

145 2015 217 2042 650.

185 2064 261 2094 Ver.
285 2066 356 2094 615.
379 2064 475 2094 orbeis
483 2077 493 2093 :
529 2070 569 2095 Π.
597 2065 684 2095 urbes
689 2080 701 2101 ‚·
725 2065 878 2095 editiones

143 2115 288 2156 vulgatae,
312 2125 471 2145 summam
486 2126 542 2154 per
557 2116 721 2147 audaciam
737 2123 768 2147 et
783 2118 876 2148 insci-

145 2167 234 2205 tia-m,
249 2172 356 2197 contra
372 2166 466 2197 libros
481 2177 600 2204 omnes¹
616 2174 799 2199 contextum
811 2179 878 2199 ma-

147 2218 254 2248 culant
268 2217 460 2249 intrudendo
475 2229 570 2248 suum
584 2221 694 2250 orbem.
740 2220 876 2259 Nempe,

146 2271 295 2310 primario
309 2283 402 2302 sensu
418 2272 485 2302 vult
502 2275 581 2304 orbis
596 2273 641 2303 rei
657 2273 792 2314 alicujus
814 2276 876 2304 cir—

147 2323 248 2352 cuitus
262 2325 412 2354 rotundus
418 2338 428 2358 ;
455 2329 486 2353 et
501 2324 696 2362 secundario,
720 2325 873 2366 generali-

150 2381 196 2404 ter
210 2375 370 2405 circuitus.
418 2375 596 2406 Multarum
612 2376 709 2417 igitur
724 2383 879 2409 terrarum

152 2427 239 2456 multi
253 2435 378 2457 necesse
393 2433 439 2456 est
453 2428 516 2457 sint
530 2429 630 2459 orbes:
656 2435 693 2458 ut
706 2439 767 2460 ver.
787 2433 877 2462 1074.

150 2478 254 2512 Mam,
272 2477 347 2507 AEn.
362 2477 413 2508 vii.
431 2481 502 2508 223.

531 2552 624 2583 quibus
635 2556 711 2577 actus
722 2556 825 2585 uterque

178 2590 294 2621 Europae
306 2594 390 2620 atque
401 2590 471 2615 Asiae
483 2590 544 2615 fatis
556 2593 721 2618 concurrerit
731 2593 806 2618 orbis.

151 2653 352 2690 Prudentius,
369 2653 532 2694 peristeph.
549 2655 588 2685 iv.
605 2659 654 2686 61.

274 2722 328 2746 Vix
339 2728 433 2753 parens
441 2721 505 2746 orbis
516 2723 644 2754 populosa
655 2723 737 2748 Paeni.

152 2779 195 2810 Et
209 2779 264 2810 alii
278 2779 421 2810 similiter
435 2780 604 2811 multoties.
628 2781 680 2811 De
695 2780 879 2821 antiquitate

152 2839 224 2862 vero
243 2832 407 2873 Phrygum
433 2832 637 2862 Herodotum
665 2831 822 2871 consulas,
845 2832 879 2863 in

152 2879 263 2913 limine
276 2883 349 2914 libri
363 2884 494 2915 secundi
509 2884 712 2915 fabulantem.

195 2933 270 2965 Ver.
285 2939 358 2968 615.
381 2938 513 2969 IvIatris:
542 2944 581 2968 Π.
600 2941 634 2971 Σ.
659 2938 768 2969 Matri.

956 1071 1032 1101 Ver.
1056 1073 1129 1100 618.
1152 1074 1278 1100 tonant:
1298 1072 1335 1100 Σ.
1352 1070 1643 1110 sonant.—pabnis:

915 1129 956 1153 Π.
967 1124 1099 1162 pharias.

957 1173 1038 1203 Ibid.
1061 1179 1211 1213 tympana
1235 1177 1352 1202 tonant.
1408 1172 1507 1213 Hinc,
1535 1173 1647 1204 audaci

913 1225 1025 1264 spiritu
1041 1225 1144 1264 poeta,
1164 1224 1281 1254 Statius
1296 1224 1427 1254 omnino
1443 1225 1648 1266 corrigendus

916 1283 973 1314 est,
997 1276 1037 1306 ad
1052 1276 1152 1306 Theb.
1168 1275 1231 1305 viii.
1249 1278 1320 1306 221.

1081 1349 1190 1381 gemina
1201 1355 1257 1373 aera
1267 1351 1367 1379 tonant,
1379 1349 1508 1381 ldaeaque
1518 1353 1606 1383 terga,

948 1391 981 1414 Et
992 1390 1133 1414 moderata
1143 1396 1235 1414 sonum
1246 1389 1320 1414 vario
1329 1390 1473 1421 spiramine
1484 1391 1584 1417 buxus.

919 1453 995 1483 Non
1022 1459 1110 1483 erant
1132 1453 1262 1483 ferenda
1287 1458 1352 1483 tam
1378 1453 1515 1485 finitima
1540 1465 1649 1490 sonant

920 1510 950 1534 et
965 1515 1070 1535 sonum
1088 1505 1121 1534 in
1137 1505 1276 1534 carmine
1290 1514 1481 1545 magnopere
1501 1509 1648 1546 expolito.

916 1556 1030 1594 Porro,
1053 1556 1169 1586 dixeris
1194 1556 1376 1585 Ausonium
1391 1557 1453 1586 huc
1468 1560 1647 1598 respexisse,

916 1608 1004 1648 epist.
1017 1618 1086 1639 xxv.
1104 1611 1153 1639 21.

1081 1675 1156 1700 tentis
1167 1675 1269 1700 reboant
1278 1682 1344 1700 cava
1354 1679 1474 1708 tympana
1486 1678 1577 1710 tergis.

917 1735 961 1765 Et
986 1734 1124 1765 fortassis
1148 1734 1235 1765 locus
1260 1735 1378 1765 Catulli
1393 1737 1648 1769 convenientissi-

918 1796 990 1816 mus
1004 1787 1045 1817 ad
1061 1787 1230 1817 lectionem
1242 1787 1466 1818 Lucretianam
1475 1789 1650 1830 exigendus

917 1845 975 1878 est,
990 1839 1066 1870 lxiii.
1082 1843 1133 1871 21.

950 1921 1004 1945 Ubi
1013 1921 1154 1953 cymbalum
1165 1924 1236 1945 tonat
1245 1928 1313 1952 vox,
1325 1922 1370 1946 ubi
1381 1925 1500 1955 tympana
1508 1924 1621 1951 reboant
1628 1935 1639 1957 ς

951 1960 1048 1985 Tibicen
1059 1961 1106 1985 ubi
1116 1961 1189 1985 canit
1200 1961 1287 1993 Phryx
1299 1968 1383 1986 curvo
1392 1969 1475 1994 grave
1484 1963 1589 1989 calamo
1594 1971 1640 1989 3—

952 2001 1025 2025 Leve
1035 2003 1184 2032 tympanum
1195 2001 1325 2032 remugit,
1343 2008 1416 2025 cava
1432 2002 1545 2034 cymbala
1562 2011 1648 2030 recre—

1044 2043 1119 2071 pant.

920 2103 1030 2143 Vulgo
1045 2103 1170 2143 legitur,
1186 2110 1290 2134 sonat:
1316 2103 1378 2144 qua
1399 2115 1493 2144 super
1507 2116 1652 2139 commu-

922 2155 1053 2193 tatione,
1078 2155 1186 2185 redeas
1208 2155 1248 2185 ad
1263 2155 1282 2185 i.
1300 2159 1372 2186 918.
1398 2156 1493 2186 Silius
1510 2158 1651 2198 Italicus,

921 2207 992 2237 xvii.
1011 2211 1059 2238 18.
1082 2208 1268 2237 commodus
1283 2207 1439 2238 adveniet:

948 2282 1069 2312 Circum,
1080 2286 1177 2314 arguta
1187 2283 1258 2307 cavis
1267 2282 1418 2313 tinnitibus,
1429 2289 1501 2314 aera;
1518 2284 1652 2317 simulque

952 2326 1100 2350 Certabant
1109 2333 1191 2350 rauco
1202 2326 1353 2351 resonantia
1362 2323 1495 2358 tympana
1507 2327 1594 2358 pulsu.

922 2395 1024 2425 Hunc
1039 2402 1158 2433 tamen,
1182 2401 1219 2425 ut
1240 2394 1294 2434 qui
1318 2394 1425 2424 omnia
1440 2395 1555 2434 potius,
1582 2406 1652 2436 quae

923 2454 1026 2477 sumat
1041 2447 1183 2486 aliunde,
1198 2447 1298 2477 verbis
1307 2447 1526 2487 grandioribus
1538 2447 1572 2478 in
1584 2458 1651 2479 ma-

917 2501 970 2541 jus
987 2503 1115 2532 evehere
1130 2501 1239 2540 soleat,
1254 2512 1351 2542 quam
1366 2501 1550 2541 deprimere,
1567 2503 1652 2534 haud

921 2554 1062 2584 dubitem
1074 2554 1117 2585 sic
1132 2555 1311 2585 rescribere:

1102 2621 1184 2639 rauco
1194 2614 1338 2638 retonaneia
1349 2617 1480 2645 tympana
1491 2613 1578 2645 pulsu.

922 2672 1012 2703 Hinc
1027 2679 1133 2703 autem
1147 2673 1257 2713 liquet,
1273 2678 1305 2702 et
1319 2682 1357 2702 ex
1375 2671 1469 2702 Ovid.
1485 2677 1543 2703 art.
1561 2683 1622 2704 am.
1633 2673 1652 2704 i.

922 2727 995 2754 538.
1018 2734 1114 2763 quam
1130 2723 1227 2753 falsus
1243 2723 1282 2753 sit
1299 2723 1412 2763 judicii
1435 2724 1652 2762 Burmannus,

922 2775 1002 2806 dum
1011 2776 1224 2815 Propertium,
1236 2775 1278 2805 iii.
1296 2778 1342 2806 15.
1355 2779 1405 2806 55.
1416 2775 1653 2807 immutandum

923 2833 1040 2865 censet,
1071 2841 1113 2868 τῳ
1142 2829 1281 2868 cymbala
1308 2828 1454 2868 reposito,
1484 2828 1550 2859 vice
1572 2836 1649 2870 tym=

919 2891 1022 2921 pana:

971 2939 1060 2964 Mollia
1072 2939 1186 2965 Dircaeae
1197 2939 1336 2971 pulsabunt
1346 2944 1465 2974 tympana
1477 2939 1592 2964 Thebae.
