<?xml version="1.0" encoding="UTF-8"?>
<!DOCTYPE html PUBLIC "-//W3C//DTD XHTML 1.0 Transitional//EN"
    "http://www.w3.org/TR/xhtml1/DTD/xhtml1-transitional.dtd">
<html xmlns="http://www.w3.org/1999/xhtml" xml:lang="en" lang="en">
 <head>
  <title>
</title>
<meta http-equiv="Content-Type" content="text/html;charset=utf-8" />
  <meta name='ocr-system' content='tesseract 3.04.00' />
  <meta name='ocr-capabilities' content='ocr_page ocr_carea ocr_par ocr_line ocrx_word'/>
</head>
<body>
  <div class='ocr_page' id='page_1' title='image "./tlucretiicarider01lucruoft_0090.png"; bbox 0 0 1894 3253; ppageno 0'>
   <div class='ocr_carea' id='block_1_1' title="bbox 178 252 242 291">
    <p class='ocr_par' dir='ltr' id='par_1_1' title="bbox 178 252 242 291">
     <span class='ocr_line' id='line_1_1' title="bbox 178 252 242 291; baseline -0.016 0"><span class='ocrx_word' id='word_1_1' title='bbox 178 252 242 291; x_wconf 81' lang='lat'>30</span> 
     </span>
    </p>
   </div>
   <div class='ocr_carea' id='block_1_2' title="bbox 686 245 1170 294">
    <p class='ocr_par' dir='ltr' id='par_1_2' title="bbox 686 245 1170 294">
     <span class='ocr_line' id='line_1_2' title="bbox 686 245 1170 294; baseline 0 -1"><span class='ocrx_word' id='word_1_2' title='bbox 686 245 746 293; x_wconf 92' lang='lat' dir='ltr'>T.</span> <span class='ocrx_word' id='word_1_3' title='bbox 789 245 1170 294; x_wconf 90' lang='lat' dir='ltr'>LUCRETII</span> 
     </span>
    </p>
   </div>
   <div class='ocr_carea' id='block_1_3' title="bbox 212 375 1369 434">
    <p class='ocr_par' dir='ltr' id='par_1_3' title="bbox 212 375 1369 434">
     <span class='ocr_line' id='line_1_3' title="bbox 212 375 1369 434; baseline 0.004 -19"><span class='ocrx_word' id='word_1_4' title='bbox 212 380 290 417; x_wconf 87' lang='lat'>115</span> <span class='ocrx_word' id='word_1_5' title='bbox 323 376 380 419; x_wconf 83' lang='lat' dir='ltr'>Et</span> <span class='ocrx_word' id='word_1_6' title='bbox 400 376 519 417; x_wconf 81' lang='lat' dir='ltr'>simul</span> <span class='ocrx_word' id='word_1_7' title='bbox 538 376 711 416; x_wconf 84' lang='lat' dir='ltr'>intereat</span> <span class='ocrx_word' id='word_1_8' title='bbox 730 375 849 416; x_wconf 87' lang='lat' dir='ltr'>nobis</span> <span class='ocrx_word' id='word_1_9' title='bbox 870 391 980 426; x_wconf 88' lang='lat' dir='ltr'>cum,</span> <span class='ocrx_word' id='word_1_10' title='bbox 1002 384 1136 418; x_wconf 89' lang='lat' dir='ltr'>morte</span> <span class='ocrx_word' id='word_1_11' title='bbox 1150 377 1369 434; x_wconf 86' lang='lat' dir='ltr'>dirempta,</span> 
     </span>
    </p>
   </div>
   <div class='ocr_carea' id='block_1_4' title="bbox 321 450 1307 508">
    <p class='ocr_par' dir='ltr' id='par_1_4' title="bbox 321 450 1307 508">
     <span class='ocr_line' id='line_1_4' title="bbox 321 450 1307 508; baseline 0.002 -16"><span class='ocrx_word' id='word_1_12' title='bbox 321 451 392 492; x_wconf 91' lang='lat' dir='ltr'>An</span> <span class='ocrx_word' id='word_1_13' title='bbox 413 451 599 492; x_wconf 82' lang='lat' dir='ltr'>tenebras</span> <span class='ocrx_word' id='word_1_14' title='bbox 623 450 724 491; x_wconf 88' lang='lat' dir='ltr'>Orci</span> <span class='ocrx_word' id='word_1_15' title='bbox 745 450 862 500; x_wconf 83' lang='lat' dir='ltr'>visat,</span> <span class='ocrx_word' id='word_1_16' title='bbox 884 458 1097 508; x_wconf 82' lang='lat' dir='ltr'>vastasque</span> <span class='ocrx_word' id='word_1_17' title='bbox 1117 452 1307 502; x_wconf 81' lang='lat' dir='ltr'>lacunas;</span> 
     </span>
    </p>
   </div>
   <div class='ocr_carea' id='block_1_5' title="bbox 320 524 1196 581">
    <p class='ocr_par' dir='ltr' id='par_1_5' title="bbox 320 524 1196 581">
     <span class='ocr_line' id='line_1_5' title="bbox 320 524 1196 581; baseline 0.003 -15"><span class='ocrx_word' id='word_1_18' title='bbox 320 526 390 566; x_wconf 91' lang='lat' dir='ltr'>An</span> <span class='ocrx_word' id='word_1_19' title='bbox 410 524 587 581; x_wconf 89' lang='lat' dir='ltr'>pecudes</span> <span class='ocrx_word' id='word_1_20' title='bbox 609 525 706 567; x_wconf 86' lang='lat' dir='ltr'>alias</span> <span class='ocrx_word' id='word_1_21' title='bbox 725 525 921 567; x_wconf 85' lang='lat' dir='ltr'>divinitus</span> <span class='ocrx_word' id='word_1_22' title='bbox 940 526 1120 568; x_wconf 84' lang='lat' dir='ltr'>insinuet</span> <span class='ocrx_word' id='word_1_23' title='bbox 1140 543 1196 579; x_wconf 89' lang='lat' dir='ltr'>se,</span> 
     </span>
    </p>
   </div>
   <div class='ocr_carea' id='block_1_6' title="bbox 160 666 906 1857">
    <p class='ocr_par' dir='ltr' id='par_1_6' title="bbox 160 666 904 915">
     <span class='ocr_line' id='line_1_6' title="bbox 178 666 904 706; baseline 0.003 -11"><span class='ocrx_word' id='word_1_24' title='bbox 178 670 199 684; x_wconf 74' lang='lat'>‘⁵</span> <span class='ocrx_word' id='word_1_25' title='bbox 213 666 271 696; x_wconf 85' lang='lat' dir='ltr'>Est</span> <span class='ocrx_word' id='word_1_26' title='bbox 293 666 377 695; x_wconf 89' lang='lat' dir='ltr'>enim</span> <span class='ocrx_word' id='word_1_27' title='bbox 402 667 544 697; x_wconf 77' lang='lat' dir='ltr'>interitus</span> <span class='ocrx_word' id='word_1_28' title='bbox 571 666 660 706; x_wconf 85' lang='lat' dir='ltr'>quasi</span> <span class='ocrx_word' id='word_1_29' title='bbox 685 666 849 705; x_wconf 83' lang='lat' dir='ltr'>discessus,</span> <span class='ocrx_word' id='word_1_30' title='bbox 873 672 904 697; x_wconf 88' lang='lat' dir='ltr'>et</span> 
     </span>
     <span class='ocr_line' id='line_1_7' title="bbox 176 718 900 759; baseline 0.001 -12"><span class='ocrx_word' id='word_1_31' title='bbox 176 722 198 737; x_wconf 89' lang='lat'><strong>“</strong></span> <span class='ocrx_word' id='word_1_32' title='bbox 215 718 353 756; x_wconf 89' lang='lat' dir='ltr'>secretio,</span> <span class='ocrx_word' id='word_1_33' title='bbox 381 728 415 748; x_wconf 86' lang='lat' dir='ltr'>ac</span> <span class='ocrx_word' id='word_1_34' title='bbox 437 720 606 759; x_wconf 79' lang='lat' dir='ltr'>diremptus</span> <span class='ocrx_word' id='word_1_35' title='bbox 628 729 738 749; x_wconf 87' lang='lat' dir='ltr'>earum</span> <span class='ocrx_word' id='word_1_36' title='bbox 752 719 900 758; x_wconf 86' lang='lat' dir='ltr'>partium,</span> 
     </span>
     <span class='ocr_line' id='line_1_8' title="bbox 160 767 902 812; baseline 0.004 -13"><span class='ocrx_word' id='word_1_37' title='bbox 160 767 161 770; x_wconf 38' lang='lat'>¹</span> <span class='ocrx_word' id='word_1_38' title='bbox 174 773 199 789; x_wconf 85' lang='lat'><strong>“</strong></span> <span class='ocrx_word' id='word_1_39' title='bbox 217 781 286 810; x_wconf 86' lang='lat' dir='ltr'>quae</span> <span class='ocrx_word' id='word_1_40' title='bbox 315 776 387 800; x_wconf 89' lang='lat' dir='ltr'>ante</span> <span class='ocrx_word' id='word_1_41' title='bbox 417 770 580 800; x_wconf 87' lang='lat' dir='ltr'>interitum</span> <span class='ocrx_word' id='word_1_42' title='bbox 607 771 772 811; x_wconf 88' lang='lat' dir='ltr'>junctione</span> <span class='ocrx_word' id='word_1_43' title='bbox 798 771 902 812; x_wconf 66' lang='lat' dir='ltr'>aliqua</span> 
     </span>
     <span class='ocr_line' id='line_1_9' title="bbox 175 823 901 865; baseline 0.004 -13"><span class='ocrx_word' id='word_1_44' title='bbox 175 826 198 842; x_wconf 74' lang='lat'>‘⁶</span> <span class='ocrx_word' id='word_1_45' title='bbox 215 823 533 853; x_wconf 83' lang='lat' dir='ltr'>tenebantur.”—Sic</span> <span class='ocrx_word' id='word_1_46' title='bbox 571 823 755 864; x_wconf 85' lang='lat' dir='ltr'>legendum:</span> <span class='ocrx_word' id='word_1_47' title='bbox 794 825 901 865; x_wconf 86' lang='lat' dir='ltr'>vulgo,</span> 
     </span>
     <span class='ocr_line' id='line_1_10' title="bbox 173 875 815 915; baseline 0.002 -9"><span class='ocrx_word' id='word_1_48' title='bbox 173 878 327 915; x_wconf 73' lang='lat' dir='ltr'>dc&#39;repczts;</span> <span class='ocrx_word' id='word_1_49' title='bbox 354 875 408 905; x_wconf 86' lang='lat' dir='ltr'>sed</span> <span class='ocrx_word' id='word_1_50' title='bbox 423 875 503 905; x_wconf 90' lang='lat' dir='ltr'>illud</span> <span class='ocrx_word' id='word_1_51' title='bbox 518 876 627 905; x_wconf 87' lang='lat' dir='ltr'>suadet</span> <span class='ocrx_word' id='word_1_52' title='bbox 642 876 815 907; x_wconf 90' lang='lat' dir='ltr'>Lucretius.</span> 
     </span>
    </p>

    <p class='ocr_par' dir='ltr' id='par_1_7' title="bbox 169 928 906 1381">
     <span class='ocr_line' id='line_1_11' title="bbox 218 928 901 967; baseline 0.003 -10"><span class='ocrx_word' id='word_1_53' title='bbox 218 928 293 957; x_wconf 84' lang='lat' dir='ltr'>Ver.</span> <span class='ocrx_word' id='word_1_54' title='bbox 311 931 379 958; x_wconf 89' lang='grc'><strong>116.</strong></span> <span class='ocrx_word' id='word_1_55' title='bbox 406 928 580 967; x_wconf 82' lang='lat' dir='ltr'>Ipsissimas</span> <span class='ocrx_word' id='word_1_56' title='bbox 596 938 685 958; x_wconf 84' lang='lat' dir='ltr'>voces</span> <span class='ocrx_word' id='word_1_57' title='bbox 708 929 808 958; x_wconf 89' lang='lat' dir='ltr'>Ennii</span> <span class='ocrx_word' id='word_1_58' title='bbox 830 939 901 967; x_wconf 87' lang='lat' dir='ltr'>pro-</span> 
     </span>
     <span class='ocr_line' id='line_1_12' title="bbox 173 979 903 1017; baseline 0.001 -8"><span class='ocrx_word' id='word_1_59' title='bbox 173 979 225 1010; x_wconf 93' lang='lat' dir='ltr'>cul</span> <span class='ocrx_word' id='word_1_60' title='bbox 252 979 348 1009; x_wconf 90' lang='lat' dir='ltr'>dubio</span> <span class='ocrx_word' id='word_1_61' title='bbox 373 979 463 1009; x_wconf 90' lang='lat' dir='ltr'>nobis</span> <span class='ocrx_word' id='word_1_62' title='bbox 489 979 614 1009; x_wconf 81' lang='lat' dir='ltr'>exhibet</span> <span class='ocrx_word' id='word_1_63' title='bbox 643 980 825 1017; x_wconf 80' lang='lat' dir='ltr'>Lucretius3</span> <span class='ocrx_word' id='word_1_64' title='bbox 849 980 903 1010; x_wconf 86' lang='lat' dir='ltr'>sed</span> 
     </span>
     <span class='ocr_line' id='line_1_13' title="bbox 172 1030 902 1072; baseline 0.003 -13"><span class='ocrx_word' id='word_1_65' title='bbox 172 1030 232 1059; x_wconf 81' lang='lat' dir='ltr'>viri</span> <span class='ocrx_word' id='word_1_66' title='bbox 248 1031 430 1060; x_wconf 77' lang='lat' dir='ltr'>venerabilis</span> <span class='ocrx_word' id='word_1_67' title='bbox 446 1037 664 1069; x_wconf 85' lang='lat' dir='ltr'>monumenta,</span> <span class='ocrx_word' id='word_1_68' title='bbox 680 1031 775 1072; x_wconf 85' lang='lat' dir='ltr'>longe</span> <span class='ocrx_word' id='word_1_69' title='bbox 786 1032 902 1071; x_wconf 89' lang='lat' dir='ltr'>pretio-</span> 
     </span>
     <span class='ocr_line' id='line_1_14' title="bbox 172 1081 904 1124; baseline 0.003 -13"><span class='ocrx_word' id='word_1_70' title='bbox 172 1081 303 1118; x_wconf 89' lang='lat' dir='ltr'>sissima,</span> <span class='ocrx_word' id='word_1_71' title='bbox 321 1089 351 1111; x_wconf 89' lang='lat' dir='ltr'>et</span> <span class='ocrx_word' id='word_1_72' title='bbox 367 1088 521 1112; x_wconf 79' lang='lat' dir='ltr'>aeternum</span> <span class='ocrx_word' id='word_1_73' title='bbox 537 1082 679 1113; x_wconf 85' lang='lat' dir='ltr'>deflenda</span> <span class='ocrx_word' id='word_1_74' title='bbox 695 1083 794 1114; x_wconf 88' lang='lat' dir='ltr'>doctis</span> <span class='ocrx_word' id='word_1_75' title='bbox 804 1094 904 1124; x_wconf 89' lang='lat' dir='ltr'>quum</span> 
     </span>
     <span class='ocr_line' id='line_1_15' title="bbox 169 1134 905 1175; baseline 0 -11"><span class='ocrx_word' id='word_1_76' title='bbox 169 1134 293 1165; x_wconf 85' lang='lat' dir='ltr'>Latinae</span> <span class='ocrx_word' id='word_1_77' title='bbox 302 1134 420 1175; x_wconf 83' lang='lat' dir='ltr'>linguae</span> <span class='ocrx_word' id='word_1_78' title='bbox 431 1134 594 1173; x_wconf 83' lang='lat' dir='ltr'>principiis</span> <span class='ocrx_word' id='word_1_79' title='bbox 603 1134 795 1174; x_wconf 80' lang='lat' dir='ltr'>explicandis</span> <span class='ocrx_word' id='word_1_80' title='bbox 804 1135 905 1164; x_wconf 84' lang='lat' dir='ltr'>utilis-</span> 
     </span>
     <span class='ocr_line' id='line_1_16' title="bbox 171 1186 906 1225; baseline 0 -9"><span class='ocrx_word' id='word_1_81' title='bbox 171 1187 284 1216; x_wconf 84' lang='lat' dir='ltr'>simam</span> <span class='ocrx_word' id='word_1_82' title='bbox 315 1197 442 1225; x_wconf 82' lang='lat' dir='ltr'>operam</span> <span class='ocrx_word' id='word_1_83' title='bbox 472 1192 646 1223; x_wconf 81' lang='lat' dir='ltr'>navassent,</span> <span class='ocrx_word' id='word_1_84' title='bbox 678 1186 768 1216; x_wconf 90' lang='lat' dir='ltr'>nobis</span> <span class='ocrx_word' id='word_1_85' title='bbox 794 1187 906 1216; x_wconf 64' lang='lat' dir='ltr'>invidit</span> 
     </span>
     <span class='ocr_line' id='line_1_17' title="bbox 171 1237 905 1279; baseline 0.003 -12"><span class='ocrx_word' id='word_1_86' title='bbox 171 1243 246 1267; x_wconf 85' lang='lat' dir='ltr'>aetas</span> <span class='ocrx_word' id='word_1_87' title='bbox 263 1237 471 1279; x_wconf 63' lang='grc' dir='ltr'>πανδαματωξ.</span> <span class='ocrx_word' id='word_1_88' title='bbox 518 1237 693 1276; x_wconf 85' lang='lat' dir='ltr'>Supersunt</span> <span class='ocrx_word' id='word_1_89' title='bbox 707 1244 814 1268; x_wconf 90' lang='lat' dir='ltr'>tamen</span> <span class='ocrx_word' id='word_1_90' title='bbox 826 1249 905 1269; x_wconf 85' lang='lat' dir='ltr'>nau-</span> 
     </span>
     <span class='ocr_line' id='line_1_18' title="bbox 171 1287 904 1328; baseline 0.001 -9"><span class='ocrx_word' id='word_1_91' title='bbox 171 1287 266 1328; x_wconf 86' lang='lat' dir='ltr'>fragii</span> <span class='ocrx_word' id='word_1_92' title='bbox 276 1288 415 1328; x_wconf 85' lang='lat' dir='ltr'>reliquiae</span> <span class='ocrx_word' id='word_1_93' title='bbox 424 1289 486 1318; x_wconf 89' lang='lat' dir='ltr'>huc</span> <span class='ocrx_word' id='word_1_94' title='bbox 497 1289 696 1327; x_wconf 85' lang='lat' dir='ltr'>probabiliter</span> <span class='ocrx_word' id='word_1_95' title='bbox 707 1290 904 1328; x_wconf 80' lang='lat' dir='ltr'>pertinentes.</span> 
     </span>
     <span class='ocr_line' id='line_1_19' title="bbox 171 1341 826 1381; baseline -0.002 -8"><span class='ocrx_word' id='word_1_96' title='bbox 171 1341 272 1381; x_wconf 83' lang='lat' dir='ltr'>Apud</span> <span class='ocrx_word' id='word_1_97' title='bbox 289 1341 435 1370; x_wconf 89' lang='lat' dir='ltr'>Nonium</span> <span class='ocrx_word' id='word_1_98' title='bbox 450 1342 603 1370; x_wconf 90' lang='lat' dir='ltr'>habemus</span> <span class='ocrx_word' id='word_1_99' title='bbox 617 1351 691 1371; x_wconf 78' lang='lat' dir='ltr'>voce</span> <span class='ocrx_word' id='word_1_100' title='bbox 707 1343 826 1381; x_wconf 64' lang='lat' dir='ltr'>Sloecus.</span> 
     </span>
    </p>

    <p class='ocr_par' dir='ltr' id='par_1_8' title="bbox 171 1400 709 1489">
     <span class='ocr_line' id='line_1_20' title="bbox 299 1400 635 1432; baseline 0 -8"><span class='ocrx_word' id='word_1_101' title='bbox 299 1400 422 1426; x_wconf 71' lang='lat' dir='ltr'>Inferum</span> <span class='ocrx_word' id='word_1_102' title='bbox 434 1404 524 1424; x_wconf 75' lang='lat' dir='ltr'>vastos</span> <span class='ocrx_word' id='word_1_103' title='bbox 533 1404 618 1432; x_wconf 73' lang='lat' dir='ltr'>sperus</span> <span class='ocrx_word' id='word_1_104' title='bbox 627 1409 635 1425; x_wconf 92' lang='grc'>.·</span> 
     </span>
     <span class='ocr_line' id='line_1_21' title="bbox 171 1449 709 1489; baseline -0.002 -8"><span class='ocrx_word' id='word_1_105' title='bbox 171 1455 204 1481; x_wconf 88' lang='lat' dir='ltr'>et</span> <span class='ocrx_word' id='word_1_106' title='bbox 218 1449 303 1489; x_wconf 90' lang='lat' dir='ltr'>apud</span> <span class='ocrx_word' id='word_1_107' title='bbox 318 1450 496 1480; x_wconf 88' lang='lat' dir='ltr'>Varronem</span> <span class='ocrx_word' id='word_1_108' title='bbox 511 1450 551 1480; x_wconf 86' lang='lat' dir='ltr'>de</span> <span class='ocrx_word' id='word_1_109' title='bbox 565 1450 602 1480; x_wconf 93' lang='lat' dir='ltr'>L.</span> <span class='ocrx_word' id='word_1_110' title='bbox 618 1450 655 1480; x_wconf 95' lang='lat' dir='ltr'>L.</span> <span class='ocrx_word' id='word_1_111' title='bbox 671 1450 709 1480; x_wconf 70' lang='lat' dir='ltr'>vi.</span> 
     </span>
    </p>

    <p class='ocr_par' dir='ltr' id='par_1_9' title="bbox 172 1508 905 1857">
     <span class='ocr_line' id='line_1_22' title="bbox 234 1508 852 1541; baseline 0 -8"><span class='ocrx_word' id='word_1_112' title='bbox 234 1509 372 1534; x_wconf 70' lang='lat' dir='ltr'>Acherusia</span> <span class='ocrx_word' id='word_1_113' title='bbox 383 1509 474 1541; x_wconf 78' lang='lat' dir='ltr'>templa</span> <span class='ocrx_word' id='word_1_114' title='bbox 486 1509 539 1534; x_wconf 81' lang='lat' dir='ltr'>alta</span> <span class='ocrx_word' id='word_1_115' title='bbox 551 1509 618 1539; x_wconf 69' lang='lat' dir='ltr'>Orci,</span> <span class='ocrx_word' id='word_1_116' title='bbox 629 1508 740 1538; x_wconf 78' lang='lat' dir='ltr'>salvete,</span> <span class='ocrx_word' id='word_1_117' title='bbox 751 1509 852 1534; x_wconf 80' lang='lat' dir='ltr'>infera:</span> 
     </span>
     <span class='ocr_line' id='line_1_23' title="bbox 172 1558 905 1600; baseline -0.001 -12"><span class='ocrx_word' id='word_1_118' title='bbox 172 1569 243 1600; x_wconf 83' lang='lat' dir='ltr'>quae</span> <span class='ocrx_word' id='word_1_119' title='bbox 258 1559 366 1588; x_wconf 87' lang='lat' dir='ltr'>luxata</span> <span class='ocrx_word' id='word_1_120' title='bbox 380 1559 527 1589; x_wconf 90' lang='lat' dir='ltr'>videntur</span> <span class='ocrx_word' id='word_1_121' title='bbox 539 1564 569 1588; x_wconf 89' lang='lat' dir='ltr'>et</span> <span class='ocrx_word' id='word_1_122' title='bbox 582 1558 786 1595; x_wconf 88' lang='lat' dir='ltr'>inconcinna;</span> <span class='ocrx_word' id='word_1_123' title='bbox 804 1568 905 1597; x_wconf 88' lang='lat' dir='ltr'>neque</span> 
     </span>
     <span class='ocr_line' id='line_1_24' title="bbox 172 1610 905 1651; baseline -0.005 -8"><span class='ocrx_word' id='word_1_124' title='bbox 172 1612 312 1642; x_wconf 87' lang='lat' dir='ltr'>laborem</span> <span class='ocrx_word' id='word_1_125' title='bbox 324 1621 398 1640; x_wconf 86' lang='lat' dir='ltr'>sane</span> <span class='ocrx_word' id='word_1_126' title='bbox 410 1611 539 1641; x_wconf 87' lang='lat' dir='ltr'>luserim</span> <span class='ocrx_word' id='word_1_127' title='bbox 551 1611 583 1640; x_wconf 93' lang='lat' dir='ltr'>in</span> <span class='ocrx_word' id='word_1_128' title='bbox 597 1610 635 1639; x_wconf 84' lang='lat' dir='ltr'>iis</span> <span class='ocrx_word' id='word_1_129' title='bbox 647 1610 905 1651; x_wconf 87' lang='lat' dir='ltr'>coagmentandis</span> 
     </span>
     <span class='ocr_line' id='line_1_25' title="bbox 172 1663 904 1703; baseline -0.003 -9"><span class='ocrx_word' id='word_1_130' title='bbox 172 1675 248 1695; x_wconf 88' lang='lat' dir='ltr'>cum</span> <span class='ocrx_word' id='word_1_131' title='bbox 263 1665 450 1703; x_wconf 81' lang='lat' dir='ltr'>fragmento,</span> <span class='ocrx_word' id='word_1_132' title='bbox 479 1674 543 1693; x_wconf 89' lang='lat' dir='ltr'>non</span> <span class='ocrx_word' id='word_1_133' title='bbox 569 1663 709 1701; x_wconf 85' lang='lat' dir='ltr'>aliunde,</span> <span class='ocrx_word' id='word_1_134' title='bbox 734 1669 770 1693; x_wconf 91' lang='lat' dir='ltr'>ut</span> <span class='ocrx_word' id='word_1_135' title='bbox 785 1669 904 1703; x_wconf 82' lang='lat' dir='ltr'>putem,</span> 
     </span>
     <span class='ocr_line' id='line_1_26' title="bbox 172 1715 905 1754; baseline 0 -9"><span class='ocrx_word' id='word_1_136' title='bbox 172 1716 332 1751; x_wconf 83' lang='lat' dir='ltr'>distracto,</span> <span class='ocrx_word' id='word_1_137' title='bbox 347 1715 432 1754; x_wconf 88' lang='lat' dir='ltr'>quod</span> <span class='ocrx_word' id='word_1_138' title='bbox 444 1715 534 1744; x_wconf 89' lang='lat' dir='ltr'>nobis</span> <span class='ocrx_word' id='word_1_139' title='bbox 545 1715 737 1744; x_wconf 75' lang='lat' dir='ltr'>conservavit</span> <span class='ocrx_word' id='word_1_140' title='bbox 750 1715 905 1745; x_wconf 81' lang='lat' dir='ltr'>Romanae</span> 
     </span>
     <span class='ocr_line' id='line_1_27' title="bbox 176 1765 905 1807; baseline 0 -10"><span class='ocrx_word' id='word_1_141' title='bbox 176 1773 264 1807; x_wconf 88' lang='lat' dir='ltr'>pater</span> <span class='ocrx_word' id='word_1_142' title='bbox 291 1765 486 1806; x_wconf 62' lang='lat' dir='ltr'>eloquentiae,</span> <span class='ocrx_word' id='word_1_143' title='bbox 518 1766 551 1794; x_wconf 89' lang='lat' dir='ltr'>in</span> <span class='ocrx_word' id='word_1_144' title='bbox 576 1765 605 1795; x_wconf 95' lang='lat' dir='ltr'>T</span> <span class='ocrx_word' id='word_1_145' title='bbox 608 1775 670 1795; x_wconf 86' lang='lat' dir='ltr'>use.</span> <span class='ocrx_word' id='word_1_146' title='bbox 694 1765 793 1804; x_wconf 82' lang='lat' dir='ltr'>dispp.</span> <span class='ocrx_word' id='word_1_147' title='bbox 816 1766 837 1796; x_wconf 90' lang='lat' dir='ltr'>i.</span> <span class='ocrx_word' id='word_1_148' title='bbox 854 1770 905 1797; x_wconf 74' lang='lat'>21.</span> 
     </span>
     <span class='ocr_line' id='line_1_28' title="bbox 174 1816 801 1857; baseline -0.005 -9"><span class='ocrx_word' id='word_1_149' title='bbox 174 1818 218 1848; x_wconf 86' lang='lat' dir='ltr'>sic</span> <span class='ocrx_word' id='word_1_150' title='bbox 233 1817 507 1857; x_wconf 84' lang='lat' dir='ltr'>distinguendum,</span> <span class='ocrx_word' id='word_1_151' title='bbox 524 1816 801 1856; x_wconf 86' lang='lat' dir='ltr'>scribendumque:</span> 
     </span>
    </p>
   </div>
   <div class='ocr_carea' id='block_1_7' title="bbox 268 1875 816 1945">
    <p class='ocr_par' dir='ltr' id='par_1_10' title="bbox 268 1875 816 1945">
     <span class='ocr_line' id='line_1_29' title="bbox 268 1875 771 1906; baseline -0.002 -7"><span class='ocrx_word' id='word_1_152' title='bbox 268 1876 405 1900; x_wconf 62' lang='lat' dir='ltr'>Acherusia</span> <span class='ocrx_word' id='word_1_153' title='bbox 417 1876 507 1906; x_wconf 78' lang='lat' dir='ltr'>templa</span> <span class='ocrx_word' id='word_1_154' title='bbox 519 1875 583 1905; x_wconf 92' lang='lat' dir='ltr'>alta,</span> <span class='ocrx_word' id='word_1_155' title='bbox 594 1875 651 1899; x_wconf 76' lang='lat' dir='ltr'>Orci</span> <span class='ocrx_word' id='word_1_156' title='bbox 664 1875 771 1906; x_wconf 89' lang='lat' dir='ltr'>pallida,</span> 
     </span>
     <span class='ocr_line' id='line_1_30' title="bbox 268 1914 816 1945; baseline -0.004 -5"><span class='ocrx_word' id='word_1_157' title='bbox 268 1916 392 1945; x_wconf 66' lang='lat' dir='ltr'>Lethaea,</span> <span class='ocrx_word' id='word_1_158' title='bbox 402 1916 502 1945; x_wconf 87' lang='lat' dir='ltr'>nubila,</span> <span class='ocrx_word' id='word_1_159' title='bbox 514 1915 598 1939; x_wconf 89' lang='lat' dir='ltr'>obsita</span> <span class='ocrx_word' id='word_1_160' title='bbox 609 1914 737 1944; x_wconf 61' lang='lat' dir='ltr'>tenebren,</span> <span class='ocrx_word' id='word_1_161' title='bbox 748 1915 816 1939; x_wconf 88' lang='lat' dir='ltr'>loca.</span> 
     </span>
    </p>
   </div>
   <div class='ocr_carea' id='block_1_8' title="bbox 173 1964 905 2162">
    <p class='ocr_par' dir='ltr' id='par_1_11' title="bbox 173 1964 905 2162">
     <span class='ocr_line' id='line_1_31' title="bbox 220 1964 590 1995; baseline -0.005 -1"><span class='ocrx_word' id='word_1_162' title='bbox 220 1964 302 1994; x_wconf 89' lang='lat' dir='ltr'>Ibid.</span> <span class='ocrx_word' id='word_1_163' title='bbox 326 1970 426 1995; x_wconf 74' lang='lat' dir='ltr'>vastas</span> <span class='ocrx_word' id='word_1_164' title='bbox 450 1965 590 1993; x_wconf 78' lang='lat' dir='ltr'>lacunas.</span> 
     </span>
     <span class='ocr_line' id='line_1_32' title="bbox 173 2014 905 2048; baseline -0.008 0"><span class='ocrx_word' id='word_1_165' title='bbox 173 2027 248 2048; x_wconf 87' lang='lat' dir='ltr'>nem</span> <span class='ocrx_word' id='word_1_166' title='bbox 275 2016 318 2045; x_wconf 90' lang='lat' dir='ltr'>sic</span> <span class='ocrx_word' id='word_1_167' title='bbox 344 2015 447 2044; x_wconf 76' lang='lat' dir='ltr'>visum</span> <span class='ocrx_word' id='word_1_168' title='bbox 477 2021 522 2044; x_wconf 86' lang='lat' dir='ltr'>est</span> <span class='ocrx_word' id='word_1_169' title='bbox 550 2015 729 2043; x_wconf 83' lang='lat' dir='ltr'>Mantuano</span> <span class='ocrx_word' id='word_1_170' title='bbox 754 2014 905 2043; x_wconf 84' lang='lat' dir='ltr'>variatam</span> 
     </span>
     <span class='ocr_line' id='line_1_33' title="bbox 174 2066 904 2107; baseline -0.007 -6"><span class='ocrx_word' id='word_1_171' title='bbox 174 2071 261 2107; x_wconf 84' lang='lat' dir='ltr'>dare,</span> <span class='ocrx_word' id='word_1_172' title='bbox 272 2069 311 2099; x_wconf 89' lang='lat' dir='ltr'>ad</span> <span class='ocrx_word' id='word_1_173' title='bbox 328 2070 402 2098; x_wconf 68' lang='lat' dir='ltr'>AEn.</span> <span class='ocrx_word' id='word_1_174' title='bbox 418 2068 458 2098; x_wconf 80' lang='lat' dir='ltr'>vi.</span> <span class='ocrx_word' id='word_1_175' title='bbox 475 2072 547 2099; x_wconf 74' lang='lat'>296.</span> <span class='ocrx_word' id='word_1_176' title='bbox 564 2067 597 2096; x_wconf 92' lang='lat' dir='ltr'>in</span> <span class='ocrx_word' id='word_1_177' title='bbox 613 2066 904 2106; x_wconf 83' lang='lat' dir='ltr'>praecellentissimis</span> 
     </span>
     <span class='ocr_line' id='line_1_34' title="bbox 174 2120 502 2162; baseline -0.015 -9"><span class='ocrx_word' id='word_1_178' title='bbox 174 2122 336 2162; x_wconf 82' lang='lat' dir='ltr'>majestate</span> <span class='ocrx_word' id='word_1_179' title='bbox 352 2120 502 2149; x_wconf 82' lang='lat' dir='ltr'>versibus:</span> 
     </span>
    </p>
   </div>
   <div class='ocr_carea' id='block_1_9' title="bbox 640 1963 903 1998">
    <p class='ocr_par' dir='ltr' id='par_1_12' title="bbox 640 1963 903 1998">
     <span class='ocr_line' id='line_1_35' title="bbox 640 1963 903 1998; baseline 0 -6"><span class='ocrx_word' id='word_1_180' title='bbox 640 1964 746 1998; x_wconf 86' lang='lat' dir='ltr'>Quam</span> <span class='ocrx_word' id='word_1_181' title='bbox 772 1963 903 1992; x_wconf 88' lang='lat' dir='ltr'>locutio-</span> 
     </span>
    </p>
   </div>
   <div class='ocr_carea' id='block_1_10' title="bbox 172 2177 907 2959">
    <p class='ocr_par' dir='ltr' id='par_1_13' title="bbox 174 2177 907 2485">
     <span class='ocr_line' id='line_1_36' title="bbox 209 2177 907 2209; baseline -0.003 -5"><span class='ocrx_word' id='word_1_182' title='bbox 209 2181 277 2205; x_wconf 81' lang='lat' dir='ltr'>Hinc</span> <span class='ocrx_word' id='word_1_183' title='bbox 290 2180 343 2209; x_wconf 83' lang='lat' dir='ltr'>via,</span> <span class='ocrx_word' id='word_1_184' title='bbox 354 2178 478 2203; x_wconf 83' lang='lat' dir='ltr'>Tartarei</span> <span class='ocrx_word' id='word_1_185' title='bbox 490 2184 551 2209; x_wconf 84' lang='lat' dir='ltr'>quae</span> <span class='ocrx_word' id='word_1_186' title='bbox 564 2177 618 2203; x_wconf 83' lang='lat' dir='ltr'>fert</span> <span class='ocrx_word' id='word_1_187' title='bbox 630 2178 789 2203; x_wconf 83' lang='lat' dir='ltr'>Acherontis</span> <span class='ocrx_word' id='word_1_188' title='bbox 805 2179 839 2202; x_wconf 86' lang='lat' dir='ltr'>ad</span> <span class='ocrx_word' id='word_1_189' title='bbox 858 2185 907 2202; x_wconf 88' lang='lat' dir='ltr'>un-</span> 
     </span>
     <span class='ocr_line' id='line_1_37' title="bbox 299 2221 357 2244; baseline -0.034 0"><span class='ocrx_word' id='word_1_190' title='bbox 299 2221 357 2244; x_wconf 81' lang='lat' dir='ltr'>das:</span> 
     </span>
     <span class='ocr_line' id='line_1_38' title="bbox 204 2257 897 2289; baseline -0.006 -5"><span class='ocrx_word' id='word_1_191' title='bbox 204 2260 342 2285; x_wconf 82' lang='lat' dir='ltr'>Turbidus</span> <span class='ocrx_word' id='word_1_192' title='bbox 353 2258 409 2283; x_wconf 73' lang='lat' dir='ltr'>huic</span> <span class='ocrx_word' id='word_1_193' title='bbox 421 2265 499 2282; x_wconf 82' lang='lat' dir='ltr'>caeno</span> <span class='ocrx_word' id='word_1_194' title='bbox 510 2258 647 2287; x_wconf 45' lang='lat' dir='ltr'>vastaque</span> <span class='ocrx_word' id='word_1_195' title='bbox 657 2257 792 2289; x_wconf 77' lang='lat' dir='ltr'>voragine,</span> <span class='ocrx_word' id='word_1_196' title='bbox 801 2264 897 2288; x_wconf 76' lang='lat' dir='ltr'>gurges</span> 
     </span>
     <span class='ocr_line' id='line_1_39' title="bbox 208 2298 904 2330; baseline -0.009 -5"><span class='ocrx_word' id='word_1_197' title='bbox 208 2303 326 2329; x_wconf 68' lang='lat' dir='ltr'>AEStUsst5</span> <span class='ocrx_word' id='word_1_198' title='bbox 337 2303 419 2330; x_wconf 64' lang='lat' dir='ltr'>{itque</span> <span class='ocrx_word' id='word_1_199' title='bbox 430 2304 541 2322; x_wconf 72' lang='grc' dir='ltr'>ΟΧἨΠΕΥΠ</span> <span class='ocrx_word' id='word_1_200' title='bbox 553 2298 657 2328; x_wconf 60' lang='grc' dir='ltr'>ΕΟΕΥἷΟ</span> <span class='ocrx_word' id='word_1_201' title='bbox 669 2300 774 2321; x_wconf 65' lang='grc' dir='ltr'>ΘΓΠΕἴΒῖ</span> <span class='ocrx_word' id='word_1_202' title='bbox 786 2303 904 2320; x_wconf 66' lang='grc' dir='ltr'>ΞΥΕΠΣΠΪῙ.</span> 
     </span>
     <span class='ocr_line' id='line_1_40' title="bbox 175 2347 906 2389; baseline -0.008 -8"><span class='ocrx_word' id='word_1_203' title='bbox 175 2351 229 2381; x_wconf 86' lang='lat' dir='ltr'>Ita</span> <span class='ocrx_word' id='word_1_204' title='bbox 252 2349 469 2389; x_wconf 86' lang='lat' dir='ltr'>reponendum</span> <span class='ocrx_word' id='word_1_205' title='bbox 491 2358 635 2378; x_wconf 80' lang='lat' dir='ltr'>censeam</span> <span class='ocrx_word' id='word_1_206' title='bbox 650 2358 706 2386; x_wconf 90' lang='lat' dir='ltr'>pro</span> <span class='ocrx_word' id='word_1_207' title='bbox 721 2349 788 2377; x_wconf 82' lang='lat' dir='ltr'>hic:</span> <span class='ocrx_word' id='word_1_208' title='bbox 815 2352 845 2376; x_wconf 86' lang='lat' dir='ltr'>et</span> <span class='ocrx_word' id='word_1_209' title='bbox 860 2347 906 2376; x_wconf 83' lang='lat' dir='ltr'>fa-</span> 
     </span>
     <span class='ocr_line' id='line_1_41' title="bbox 174 2398 906 2439; baseline -0.004 -7"><span class='ocrx_word' id='word_1_210' title='bbox 174 2402 312 2432; x_wconf 90' lang='lat' dir='ltr'>cillimus</span> <span class='ocrx_word' id='word_1_211' title='bbox 328 2406 394 2431; x_wconf 88' lang='lat' dir='ltr'>erat</span> <span class='ocrx_word' id='word_1_212' title='bbox 403 2400 507 2439; x_wconf 88' lang='lat' dir='ltr'>lapsus</span> <span class='ocrx_word' id='word_1_213' title='bbox 520 2401 558 2430; x_wconf 83' lang='lat' dir='ltr'>ab</span> <span class='ocrx_word' id='word_1_214' title='bbox 569 2399 744 2439; x_wconf 81' lang='lat' dir='ltr'>antiquiore</span> <span class='ocrx_word' id='word_1_215' title='bbox 754 2398 906 2437; x_wconf 65' lang='lat' dir='ltr'>scriptura</span> 
     </span>
     <span class='ocr_line' id='line_1_42' title="bbox 177 2451 730 2485; baseline -0.005 0"><span class='ocrx_word' id='word_1_216' title='bbox 177 2457 243 2485; x_wconf 78' lang='lat' dir='ltr'>lzet&#39;c</span> <span class='ocrx_word' id='word_1_217' title='bbox 259 2455 298 2484; x_wconf 90' lang='lat' dir='ltr'>ad</span> <span class='ocrx_word' id='word_1_218' title='bbox 313 2459 453 2484; x_wconf 89' lang='lat' dir='ltr'>nostram</span> <span class='ocrx_word' id='word_1_219' title='bbox 469 2451 730 2482; x_wconf 84' lang='lat' dir='ltr'>emendationem.</span> 
     </span>
    </p>

    <p class='ocr_par' dir='ltr' id='par_1_14' title="bbox 172 2503 906 2639">
     <span class='ocr_line' id='line_1_43' title="bbox 222 2503 906 2544; baseline -0.007 -8"><span class='ocrx_word' id='word_1_220' title='bbox 222 2507 295 2536; x_wconf 83' lang='lat' dir='ltr'>Ver.</span> <span class='ocrx_word' id='word_1_221' title='bbox 316 2509 385 2536; x_wconf 84' lang='lat'>117.</span> <span class='ocrx_word' id='word_1_222' title='bbox 397 2506 529 2544; x_wconf 78' lang='lat' dir='ltr'>pecudes</span> <span class='ocrx_word' id='word_1_223' title='bbox 544 2505 641 2533; x_wconf 75' lang='lat' dir='ltr'>alias.-</span> <span class='ocrx_word' id='word_1_224' title='bbox 668 2513 743 2532; x_wconf 86' lang='lat' dir='ltr'>nam</span> <span class='ocrx_word' id='word_1_225' title='bbox 766 2508 797 2532; x_wconf 88' lang='lat' dir='ltr'>et</span> <span class='ocrx_word' id='word_1_226' title='bbox 811 2503 906 2532; x_wconf 88' lang='lat' dir='ltr'>homo</span> 
     </span>
     <span class='ocr_line' id='line_1_44' title="bbox 172 2553 905 2596; baseline -0.005 -9"><span class='ocrx_word' id='word_1_227' title='bbox 172 2568 268 2596; x_wconf 80' lang='lat' dir='ltr'>pecus</span> <span class='ocrx_word' id='word_1_228' title='bbox 284 2563 338 2593; x_wconf 85' lang='lat' dir='ltr'>est,</span> <span class='ocrx_word' id='word_1_229' title='bbox 356 2556 492 2586; x_wconf 86' lang='lat' dir='ltr'>Horatio</span> <span class='ocrx_word' id='word_1_230' title='bbox 515 2554 625 2584; x_wconf 83' lang='lat' dir='ltr'>saltem</span> <span class='ocrx_word' id='word_1_231' title='bbox 648 2559 736 2589; x_wconf 87' lang='lat' dir='ltr'>teste,</span> <span class='ocrx_word' id='word_1_232' title='bbox 764 2559 821 2584; x_wconf 90' lang='lat' dir='ltr'>sat.</span> <span class='ocrx_word' id='word_1_233' title='bbox 837 2553 858 2584; x_wconf 91' lang='lat' dir='ltr'>i.</span> <span class='ocrx_word' id='word_1_234' title='bbox 876 2557 905 2583; x_wconf 76' lang='lat'>5.</span> 
     </span>
     <span class='ocr_line' id='line_1_45' title="bbox 180 2611 251 2639; baseline 0 -1"><span class='ocrx_word' id='word_1_235' title='bbox 180 2611 251 2639; x_wconf 83' lang='lat'>100.</span> 
     </span>
    </p>

    <p class='ocr_par' dir='ltr' id='par_1_15' title="bbox 179 2664 906 2959">
     <span class='ocr_line' id='line_1_46' title="bbox 242 2664 842 2699; baseline -0.005 -8"><span class='ocrx_word' id='word_1_236' title='bbox 242 2668 311 2691; x_wconf 86' lang='lat' dir='ltr'>Cum</span> <span class='ocrx_word' id='word_1_237' title='bbox 323 2671 510 2698; x_wconf 81' lang='lat' dir='ltr'>prorepserunt</span> <span class='ocrx_word' id='word_1_238' title='bbox 522 2666 612 2699; x_wconf 83' lang='lat' dir='ltr'>primis</span> <span class='ocrx_word' id='word_1_239' title='bbox 623 2665 747 2690; x_wconf 85' lang='lat' dir='ltr'>animalia</span> <span class='ocrx_word' id='word_1_240' title='bbox 757 2664 842 2694; x_wconf 84' lang='lat' dir='ltr'>terris,</span> 
     </span>
     <span class='ocr_line' id='line_1_47' title="bbox 240 2716 607 2746; baseline 0.005 -9"><span class='ocrx_word' id='word_1_241' title='bbox 240 2716 347 2738; x_wconf 86' lang='lat' dir='ltr'>Mutum</span> <span class='ocrx_word' id='word_1_242' title='bbox 361 2718 387 2738; x_wconf 86' lang='lat' dir='ltr'>et</span> <span class='ocrx_word' id='word_1_243' title='bbox 399 2718 477 2745; x_wconf 83' lang='lat' dir='ltr'>turpe</span> <span class='ocrx_word' id='word_1_244' title='bbox 486 2718 607 2746; x_wconf 57' lang='grc' dir='ltr'>μετα-ι</span> 
     </span>
     <span class='ocr_line' id='line_1_48' title="bbox 179 2764 903 2803; baseline -0.003 -8"><span class='ocrx_word' id='word_1_245' title='bbox 179 2775 221 2795; x_wconf 89' lang='lat' dir='ltr'>ne</span> <span class='ocrx_word' id='word_1_246' title='bbox 243 2764 346 2803; x_wconf 83' lang='lat' dir='ltr'>plures</span> <span class='ocrx_word' id='word_1_247' title='bbox 368 2770 459 2794; x_wconf 85' lang='lat' dir='ltr'>testes</span> <span class='ocrx_word' id='word_1_248' title='bbox 483 2766 591 2802; x_wconf 80' lang='lat' dir='ltr'>citem3</span> <span class='ocrx_word' id='word_1_249' title='bbox 615 2775 690 2795; x_wconf 87' lang='lat' dir='ltr'>nam</span> <span class='ocrx_word' id='word_1_250' title='bbox 715 2764 795 2794; x_wconf 87' lang='lat' dir='ltr'>forte</span> <span class='ocrx_word' id='word_1_251' title='bbox 819 2773 903 2793; x_wconf 91' lang='lat' dir='ltr'>com-</span> 
     </span>
     <span class='ocr_line' id='line_1_49' title="bbox 181 2815 906 2855; baseline -0.003 -9"><span class='ocrx_word' id='word_1_252' title='bbox 181 2815 306 2846; x_wconf 87' lang='lat' dir='ltr'>modius</span> <span class='ocrx_word' id='word_1_253' title='bbox 329 2816 431 2854; x_wconf 82' lang='lat' dir='ltr'>capias</span> <span class='ocrx_word' id='word_1_254' title='bbox 455 2830 487 2846; x_wconf 65' lang='grc' dir='ltr'>το</span> <span class='ocrx_word' id='word_1_255' title='bbox 512 2818 590 2846; x_wconf 77' lang='lat' dir='ltr'>alius</span> <span class='ocrx_word' id='word_1_256' title='bbox 608 2819 749 2855; x_wconf 74' lang='lat' dir='ltr'>pecudes,</span> <span class='ocrx_word' id='word_1_257' title='bbox 778 2821 813 2845; x_wconf 93' lang='lat' dir='ltr'>ut</span> <span class='ocrx_word' id='word_1_258' title='bbox 836 2815 906 2845; x_wconf 83' lang='lat' dir='ltr'>laxe</span> 
     </span>
     <span class='ocr_line' id='line_1_50' title="bbox 181 2866 905 2906; baseline -0.004 -8"><span class='ocrx_word' id='word_1_259' title='bbox 181 2868 299 2898; x_wconf 86' lang='lat' dir='ltr'>elatum</span> <span class='ocrx_word' id='word_1_260' title='bbox 315 2878 370 2906; x_wconf 86' lang='lat' dir='ltr'>pro</span> <span class='ocrx_word' id='word_1_261' title='bbox 395 2866 536 2905; x_wconf 85' lang='lat' dir='ltr'>simplice</span> <span class='ocrx_word' id='word_1_262' title='bbox 553 2870 694 2906; x_wconf 72' lang='lat' dir='ltr'>pecudes,</span> <span class='ocrx_word' id='word_1_263' title='bbox 719 2866 759 2896; x_wconf 86' lang='lat' dir='ltr'>ad</span> <span class='ocrx_word' id='word_1_264' title='bbox 784 2877 905 2896; x_wconf 89' lang='lat' dir='ltr'>morem</span> 
     </span>
     <span class='ocr_line' id='line_1_51' title="bbox 181 2917 904 2959; baseline -0.004 -10"><span class='ocrx_word' id='word_1_265' title='bbox 181 2919 323 2959; x_wconf 78' lang='lat' dir='ltr'>gemellae</span> <span class='ocrx_word' id='word_1_266' title='bbox 347 2920 491 2958; x_wconf 84' lang='lat' dir='ltr'>phraseos</span> <span class='ocrx_word' id='word_1_267' title='bbox 514 2918 546 2946; x_wconf 92' lang='lat' dir='ltr'>in</span> <span class='ocrx_word' id='word_1_268' title='bbox 573 2918 602 2947; x_wconf 88' lang='lat' dir='ltr'>S.</span> <span class='ocrx_word' id='word_1_269' title='bbox 621 2918 716 2947; x_wconf 85' lang='lat' dir='ltr'>Lucae</span> <span class='ocrx_word' id='word_1_270' title='bbox 731 2917 904 2958; x_wconf 85' lang='lat' dir='ltr'>evangelio,</span> 
     </span>
    </p>
   </div>
   <div class='ocr_carea' id='block_1_11' title="bbox 180 2969 906 3012">
    <p class='ocr_par' dir='ltr' id='par_1_16' title="bbox 180 2969 906 3012">
     <span class='ocr_line' id='line_1_52' title="bbox 180 2969 906 3012; baseline 0 -11"><span class='ocrx_word' id='word_1_271' title='bbox 180 2972 265 3003; x_wconf 77' lang='lat' dir='ltr'>xxiii.</span> <span class='ocrx_word' id='word_1_272' title='bbox 277 2977 329 3004; x_wconf 77' lang='lat'>52.</span> <span class='ocrx_word' id='word_1_273' title='bbox 346 2985 395 3003; x_wconf 77' lang='grc' dir='ltr'>και</span> <span class='ocrx_word' id='word_1_274' title='bbox 409 2973 554 3002; x_wconf 68' lang='grc' dir='ltr'>ἘΤΕΡΟΙ</span> <span class='ocrx_word' id='word_1_275' title='bbox 570 2969 615 3002; x_wconf 65' lang='lat' dir='ltr'>Boo</span> <span class='ocrx_word' id='word_1_276' title='bbox 631 2982 791 3012; x_wconf 63' lang='lat' dir='ltr'>naxssgyot:</span> <span class='ocrx_word' id='word_1_277' title='bbox 812 2979 906 3012; x_wconf 81' lang='lat' dir='ltr'>quem</span> 
     </span>
    </p>
   </div>
   <div class='ocr_carea' id='block_1_12' title="bbox 945 665 1683 1476">
    <p class='ocr_par' dir='ltr' id='par_1_17' title="bbox 945 665 1680 1016">
     <span class='ocr_line' id='line_1_53' title="bbox 947 665 1680 708; baseline 0.004 -13"><span class='ocrx_word' id='word_1_278' title='bbox 947 665 1062 702; x_wconf 89' lang='lat' dir='ltr'>locum,</span> <span class='ocrx_word' id='word_1_279' title='bbox 1079 666 1139 696; x_wconf 86' lang='lat' dir='ltr'>nisi</span> <span class='ocrx_word' id='word_1_280' title='bbox 1155 666 1255 698; x_wconf 86' lang='lat' dir='ltr'>nostri</span> <span class='ocrx_word' id='word_1_281' title='bbox 1266 666 1336 706; x_wconf 88' lang='lat' dir='ltr'>plus</span> <span class='ocrx_word' id='word_1_282' title='bbox 1347 677 1437 708; x_wconf 85' lang='lat' dir='ltr'>aequo</span> <span class='ocrx_word' id='word_1_283' title='bbox 1449 666 1680 707; x_wconf 82' lang='lat' dir='ltr'>nobismetipsis</span> 
     </span>
     <span class='ocr_line' id='line_1_54' title="bbox 947 718 1680 756; baseline 0.004 -9"><span class='ocrx_word' id='word_1_284' title='bbox 947 718 1150 749; x_wconf 81' lang='lat' dir='ltr'>blandiantur</span> <span class='ocrx_word' id='word_1_285' title='bbox 1172 720 1264 756; x_wconf 87' lang='lat' dir='ltr'>fetus,</span> <span class='ocrx_word' id='word_1_286' title='bbox 1280 719 1365 750; x_wconf 88' lang='lat' dir='ltr'>haud</span> <span class='ocrx_word' id='word_1_287' title='bbox 1381 720 1493 751; x_wconf 90' lang='lat' dir='ltr'>inscite</span> <span class='ocrx_word' id='word_1_288' title='bbox 1509 726 1540 751; x_wconf 91' lang='lat' dir='ltr'>et</span> <span class='ocrx_word' id='word_1_289' title='bbox 1553 720 1680 750; x_wconf 80' lang='lat' dir='ltr'>indocte</span> 
     </span>
     <span class='ocr_line' id='line_1_55' title="bbox 946 769 1680 811; baseline 0.003 -11"><span class='ocrx_word' id='word_1_290' title='bbox 946 769 1172 801; x_wconf 86' lang='lat' dir='ltr'>illustravimus</span> <span class='ocrx_word' id='word_1_291' title='bbox 1185 772 1218 801; x_wconf 91' lang='lat' dir='ltr'>in</span> <span class='ocrx_word' id='word_1_292' title='bbox 1233 771 1306 801; x_wconf 83' lang='lat' dir='ltr'>Silv.</span> <span class='ocrx_word' id='word_1_293' title='bbox 1325 772 1400 802; x_wconf 85' lang='lat' dir='ltr'>Crit.</span> <span class='ocrx_word' id='word_1_294' title='bbox 1417 783 1444 802; x_wconf 76' lang='grc' dir='ltr'>ν.</span> <span class='ocrx_word' id='word_1_295' title='bbox 1460 783 1488 811; x_wconf 92' lang='lat' dir='ltr'>p.</span> <span class='ocrx_word' id='word_1_296' title='bbox 1507 776 1556 804; x_wconf 85' lang='lat'>74.</span> <span class='ocrx_word' id='word_1_297' title='bbox 1573 771 1626 802; x_wconf 87' lang='lat' dir='ltr'>sed</span> <span class='ocrx_word' id='word_1_298' title='bbox 1639 771 1680 802; x_wconf 90' lang='lat' dir='ltr'>de</span> 
     </span>
     <span class='ocr_line' id='line_1_56' title="bbox 945 822 1679 862; baseline 0.001 -10"><span class='ocrx_word' id='word_1_299' title='bbox 945 823 1005 853; x_wconf 92' lang='lat' dir='ltr'>hoc</span> <span class='ocrx_word' id='word_1_300' title='bbox 1020 823 1230 861; x_wconf 87' lang='lat' dir='ltr'>incorruptius</span> <span class='ocrx_word' id='word_1_301' title='bbox 1250 823 1352 853; x_wconf 85' lang='lat' dir='ltr'>ferent</span> <span class='ocrx_word' id='word_1_302' title='bbox 1370 823 1530 862; x_wconf 86' lang='lat' dir='ltr'>judicium</span> <span class='ocrx_word' id='word_1_303' title='bbox 1556 822 1679 853; x_wconf 81' lang='lat' dir='ltr'>eruditi.</span> 
     </span>
     <span class='ocr_line' id='line_1_57' title="bbox 948 874 1677 911; baseline 0.003 -7"><span class='ocrx_word' id='word_1_304' title='bbox 948 874 1097 904; x_wconf 84' lang='lat' dir='ltr'>Similiter</span> <span class='ocrx_word' id='word_1_305' title='bbox 1113 875 1271 905; x_wconf 91' lang='lat' dir='ltr'>Miltonus</span> <span class='ocrx_word' id='word_1_306' title='bbox 1286 880 1401 911; x_wconf 88' lang='lat' dir='ltr'>noster,</span> <span class='ocrx_word' id='word_1_307' title='bbox 1425 875 1499 906; x_wconf 89' lang='lat' dir='ltr'>Par.</span> <span class='ocrx_word' id='word_1_308' title='bbox 1524 875 1628 906; x_wconf 84' lang='lat' dir='ltr'>amiss.</span> <span class='ocrx_word' id='word_1_309' title='bbox 1644 874 1677 906; x_wconf 87' lang='lat' dir='ltr'>ii.</span> 
     </span>
     <span class='ocr_line' id='line_1_58' title="bbox 947 929 1019 957; baseline 0 -1"><span class='ocrx_word' id='word_1_310' title='bbox 947 929 1019 957; x_wconf 84' lang='lat'>678.</span> 
     </span>
     <span class='ocr_line' id='line_1_59' title="bbox 1267 985 1628 1016; baseline -0.003 -6"><span class='ocrx_word' id='word_1_311' title='bbox 1267 986 1329 1010; x_wconf 90' lang='lat' dir='ltr'>God</span> <span class='ocrx_word' id='word_1_312' title='bbox 1340 986 1393 1010; x_wconf 87' lang='lat' dir='ltr'>and</span> <span class='ocrx_word' id='word_1_313' title='bbox 1405 985 1445 1009; x_wconf 84' lang='lat' dir='ltr'>his</span> <span class='ocrx_word' id='word_1_314' title='bbox 1456 992 1503 1009; x_wconf 89' lang='lat' dir='ltr'>son</span> <span class='ocrx_word' id='word_1_315' title='bbox 1515 989 1628 1016; x_wconf 84' lang='lat' dir='ltr'>except,</span> 
     </span>
    </p>

    <p class='ocr_par' dir='ltr' id='par_1_18' title="bbox 948 1024 1682 1174">
     <span class='ocr_line' id='line_1_60' title="bbox 978 1024 1617 1056; baseline -0.002 -8"><span class='ocrx_word' id='word_1_316' title='bbox 978 1024 1079 1048; x_wconf 79' lang='lat' dir='ltr'>created</span> <span class='ocrx_word' id='word_1_317' title='bbox 1089 1024 1158 1056; x_wconf 74' lang='lat' dir='ltr'>thing</span> <span class='ocrx_word' id='word_1_318' title='bbox 1169 1024 1274 1056; x_wconf 85' lang='lat' dir='ltr'>nought</span> <span class='ocrx_word' id='word_1_319' title='bbox 1286 1025 1376 1049; x_wconf 83' lang='lat' dir='ltr'>valu’d</span> <span class='ocrx_word' id='word_1_320' title='bbox 1387 1025 1433 1054; x_wconf 87' lang='lat' dir='ltr'>he,</span> <span class='ocrx_word' id='word_1_321' title='bbox 1444 1031 1494 1048; x_wconf 87' lang='lat' dir='ltr'>nor</span> <span class='ocrx_word' id='word_1_322' title='bbox 1503 1024 1601 1048; x_wconf 84' lang='lat' dir='ltr'>shun’d</span> <span class='ocrx_word' id='word_1_323' title='bbox 1609 1031 1617 1047; x_wconf 86' lang='lat'>:</span> 
     </span>
     <span class='ocr_line' id='line_1_61' title="bbox 948 1080 1682 1113; baseline 0 -1"><span class='ocrx_word' id='word_1_324' title='bbox 948 1083 1003 1113; x_wconf 90' lang='lat' dir='ltr'>ubi</span> <span class='ocrx_word' id='word_1_325' title='bbox 1027 1083 1062 1112; x_wconf 88' lang='lat' dir='ltr'>in</span> <span class='ocrx_word' id='word_1_326' title='bbox 1089 1082 1227 1113; x_wconf 75' lang='lat' dir='ltr'>Bentleii</span> <span class='ocrx_word' id='word_1_327' title='bbox 1256 1082 1332 1113; x_wconf 67' lang='lat' dir='ltr'>nota</span> <span class='ocrx_word' id='word_1_328' title='bbox 1353 1083 1469 1113; x_wconf 85' lang='lat' dir='ltr'>frustra</span> <span class='ocrx_word' id='word_1_329' title='bbox 1498 1080 1682 1113; x_wconf 86' lang='lat' dir='ltr'>Bentleium</span> 
     </span>
     <span class='ocr_line' id='line_1_62' title="bbox 948 1145 1078 1174; baseline 0.015 -11"><span class='ocrx_word' id='word_1_330' title='bbox 948 1145 1078 1174; x_wconf 86' lang='lat' dir='ltr'>quaeras.</span> 
     </span>
    </p>

    <p class='ocr_par' dir='ltr' id='par_1_19' title="bbox 949 1185 1683 1476">
     <span class='ocr_line' id='line_1_63' title="bbox 993 1185 1682 1226; baseline 0 -11"><span class='ocrx_word' id='word_1_331' title='bbox 993 1186 1076 1216; x_wconf 92' lang='lat' dir='ltr'>Ibid.</span> <span class='ocrx_word' id='word_1_332' title='bbox 1100 1188 1249 1217; x_wconf 75' lang='lat' dir='ltr'>divinitus</span> <span class='ocrx_word' id='word_1_333' title='bbox 1257 1199 1267 1216; x_wconf 89' lang='lat'>.-</span> <span class='ocrx_word' id='word_1_334' title='bbox 1292 1186 1312 1216; x_wconf 92' lang='lat' dir='ltr'>i.</span> <span class='ocrx_word' id='word_1_335' title='bbox 1325 1196 1351 1216; x_wconf 90' lang='lat' dir='ltr'>e.</span> <span class='ocrx_word' id='word_1_336' title='bbox 1376 1188 1398 1204; x_wconf 89' lang='lat'><strong><em>“</em></strong></span> <span class='ocrx_word' id='word_1_337' title='bbox 1410 1196 1448 1216; x_wconf 82' lang='lat' dir='ltr'>ex</span> <span class='ocrx_word' id='word_1_338' title='bbox 1459 1185 1582 1226; x_wconf 79' lang='lat' dir='ltr'>legibus</span> <span class='ocrx_word' id='word_1_339' title='bbox 1592 1189 1682 1215; x_wconf 89' lang='lat' dir='ltr'>aeter-</span> 
     </span>
     <span class='ocr_line' id='line_1_64' title="bbox 952 1237 1682 1276; baseline 0.001 -10"><span class='ocrx_word' id='word_1_340' title='bbox 952 1241 973 1256; x_wconf 83' lang='lat'><strong>“</strong></span> <span class='ocrx_word' id='word_1_341' title='bbox 988 1248 1038 1267; x_wconf 89' lang='lat' dir='ltr'>nae</span> <span class='ocrx_word' id='word_1_342' title='bbox 1054 1237 1342 1276; x_wconf 88' lang='lat' dir='ltr'>circumductionis,</span> <span class='ocrx_word' id='word_1_343' title='bbox 1355 1237 1463 1267; x_wconf 69' lang='lat' dir='ltr'>divina</span> <span class='ocrx_word' id='word_1_344' title='bbox 1473 1238 1595 1268; x_wconf 86' lang='lat' dir='ltr'>ratione</span> <span class='ocrx_word' id='word_1_345' title='bbox 1606 1247 1682 1268; x_wconf 89' lang='lat' dir='ltr'>con-</span> 
     </span>
     <span class='ocr_line' id='line_1_65' title="bbox 952 1289 1683 1328; baseline 0 -10"><span class='ocrx_word' id='word_1_346' title='bbox 952 1292 972 1307; x_wconf 87' lang='lat'><strong>“</strong></span> <span class='ocrx_word' id='word_1_347' title='bbox 989 1289 1144 1319; x_wconf 86' lang='lat' dir='ltr'>stitutae:&#39;&#39;</span> <span class='ocrx_word' id='word_1_348' title='bbox 1169 1289 1255 1319; x_wconf 89' lang='lat' dir='ltr'>unde</span> <span class='ocrx_word' id='word_1_349' title='bbox 1271 1289 1477 1328; x_wconf 81' lang='lat' dir='ltr'>Pythagoras,</span> <span class='ocrx_word' id='word_1_350' title='bbox 1493 1295 1683 1328; x_wconf 88' lang='lat' dir='ltr'>metempsy-</span> 
     </span>
     <span class='ocr_line' id='line_1_66' title="bbox 951 1339 1680 1380; baseline -0.001 -9"><span class='ocrx_word' id='word_1_351' title='bbox 951 1342 1079 1372; x_wconf 90' lang='lat' dir='ltr'>choseos</span> <span class='ocrx_word' id='word_1_352' title='bbox 1093 1341 1268 1371; x_wconf 87' lang='lat' dir='ltr'>doctrinam</span> <span class='ocrx_word' id='word_1_353' title='bbox 1289 1341 1451 1380; x_wconf 88' lang='lat' dir='ltr'>proferens</span> <span class='ocrx_word' id='word_1_354' title='bbox 1475 1340 1560 1379; x_wconf 89' lang='lat' dir='ltr'>apud</span> <span class='ocrx_word' id='word_1_355' title='bbox 1584 1339 1680 1371; x_wconf 86' lang='lat' dir='ltr'>Ovid.</span> 
     </span>
     <span class='ocr_line' id='line_1_67' title="bbox 950 1392 1681 1431; baseline -0.003 -7"><span class='ocrx_word' id='word_1_356' title='bbox 950 1399 1024 1424; x_wconf 89' lang='lat' dir='ltr'>met.</span> <span class='ocrx_word' id='word_1_357' title='bbox 1041 1403 1090 1423; x_wconf 80' lang='lat' dir='ltr'>xv,</span> <span class='ocrx_word' id='word_1_358' title='bbox 1111 1397 1180 1423; x_wconf 75' lang='lat'>145.</span> <span class='ocrx_word' id='word_1_359' title='bbox 1204 1393 1243 1422; x_wconf 87' lang='lat' dir='ltr'>de</span> <span class='ocrx_word' id='word_1_360' title='bbox 1259 1403 1291 1422; x_wconf 90' lang='lat' dir='ltr'>se</span> <span class='ocrx_word' id='word_1_361' title='bbox 1302 1393 1443 1431; x_wconf 89' lang='lat' dir='ltr'>profatur</span> <span class='ocrx_word' id='word_1_362' title='bbox 1460 1392 1501 1423; x_wconf 84' lang='lat' dir='ltr'>ad</span> <span class='ocrx_word' id='word_1_363' title='bbox 1515 1393 1601 1422; x_wconf 89' lang='lat' dir='ltr'>hunc</span> <span class='ocrx_word' id='word_1_364' title='bbox 1612 1401 1681 1422; x_wconf 90' lang='lat' dir='ltr'>mo-</span> 
     </span>
     <span class='ocr_line' id='line_1_68' title="bbox 949 1445 1040 1476; baseline -0.011 0"><span class='ocrx_word' id='word_1_365' title='bbox 949 1445 1040 1476; x_wconf 81' lang='lat' dir='ltr'>dum:</span> 
     </span>
    </p>
   </div>
   <div class='ocr_carea' id='block_1_13' title="bbox 949 1513 1683 1939">
    <p class='ocr_par' dir='ltr' id='par_1_20' title="bbox 980 1513 1683 1544">
     <span class='ocr_line' id='line_1_69' title="bbox 980 1513 1683 1544; baseline -0.004 -5"><span class='ocrx_word' id='word_1_366' title='bbox 980 1516 1023 1544; x_wconf 85' lang='lat' dir='ltr'>Et,</span> <span class='ocrx_word' id='word_1_367' title='bbox 1036 1513 1163 1544; x_wconf 77' lang='lat' dir='ltr'>quoniam</span> <span class='ocrx_word' id='word_1_368' title='bbox 1176 1515 1246 1537; x_wconf 83' lang='lat' dir='ltr'>Deus</span> <span class='ocrx_word' id='word_1_369' title='bbox 1262 1519 1309 1538; x_wconf 84' lang='lat' dir='ltr'>ora</span> <span class='ocrx_word' id='word_1_370' title='bbox 1328 1515 1433 1543; x_wconf 87' lang='lat' dir='ltr'>movet,</span> <span class='ocrx_word' id='word_1_371' title='bbox 1450 1518 1545 1544; x_wconf 85' lang='lat' dir='ltr'>sequar</span> <span class='ocrx_word' id='word_1_372' title='bbox 1563 1518 1609 1536; x_wconf 88' lang='lat' dir='ltr'>ora</span> <span class='ocrx_word' id='word_1_373' title='bbox 1624 1518 1683 1537; x_wconf 86' lang='lat' dir='ltr'>mo-</span> 
     </span>
    </p>

    <p class='ocr_par' dir='ltr' id='par_1_21' title="bbox 1072 1556 1183 1577">
     <span class='ocr_line' id='line_1_70' title="bbox 1072 1556 1183 1577; baseline 0.009 -1"><span class='ocrx_word' id='word_1_374' title='bbox 1072 1556 1183 1577; x_wconf 76' lang='lat' dir='ltr'>ventem</span> 
     </span>
    </p>

    <p class='ocr_par' dir='ltr' id='par_1_22' title="bbox 981 1592 1177 1617">
     <span class='ocr_line' id='line_1_71' title="bbox 981 1592 1177 1617; baseline 0 -1"><span class='ocrx_word' id='word_1_375' title='bbox 981 1592 1041 1617; x_wconf 86' lang='lat' dir='ltr'>Rite</span> <span class='ocrx_word' id='word_1_376' title='bbox 1053 1594 1177 1616; x_wconf 82' lang='lat' dir='ltr'>Deum—.</span> 
     </span>
    </p>

    <p class='ocr_par' dir='ltr' id='par_1_23' title="bbox 949 1649 1683 1939">
     <span class='ocr_line' id='line_1_72' title="bbox 993 1649 1682 1680; baseline 0 -1"><span class='ocrx_word' id='word_1_377' title='bbox 993 1650 1065 1680; x_wconf 81' lang='lat' dir='ltr'>Ver.</span> <span class='ocrx_word' id='word_1_378' title='bbox 1099 1653 1167 1679; x_wconf 84' lang='lat'>118.</span> <span class='ocrx_word' id='word_1_379' title='bbox 1222 1650 1343 1679; x_wconf 82' lang='lat' dir='ltr'>Ennius</span> <span class='ocrx_word' id='word_1_380' title='bbox 1372 1654 1407 1678; x_wconf 80' lang='lat' dir='ltr'>ut</span> <span class='ocrx_word' id='word_1_381' title='bbox 1433 1654 1534 1678; x_wconf 75' lang='lat' dir='ltr'>noster</span> <span class='ocrx_word' id='word_1_382' title='bbox 1559 1649 1682 1679; x_wconf 79' lang='lat' dir='ltr'>cecinit.</span> 
     </span>
     <span class='ocr_line' id='line_1_73' title="bbox 950 1697 1683 1741; baseline -0.003 -10"><span class='ocrx_word' id='word_1_383' title='bbox 950 1702 1177 1741; x_wconf 82' lang='lat' dir='ltr'>Fragmentum</span> <span class='ocrx_word' id='word_1_384' title='bbox 1200 1699 1270 1734; x_wconf 92' lang='lat' dir='ltr'>loci,</span> <span class='ocrx_word' id='word_1_385' title='bbox 1297 1708 1390 1739; x_wconf 88' lang='lat' dir='ltr'>quem</span> <span class='ocrx_word' id='word_1_386' title='bbox 1406 1697 1498 1727; x_wconf 88' lang='lat' dir='ltr'>facile</span> <span class='ocrx_word' id='word_1_387' title='bbox 1513 1698 1683 1738; x_wconf 83' lang='lat' dir='ltr'>conjeceris</span> 
     </span>
     <span class='ocr_line' id='line_1_74' title="bbox 949 1749 1680 1798; baseline -0.005 -16"><span class='ocrx_word' id='word_1_388' title='bbox 949 1753 983 1782; x_wconf 92' lang='lat' dir='ltr'>in</span> <span class='ocrx_word' id='word_1_389' title='bbox 998 1753 1105 1798; x_wconf 75' lang='lat' dir='ltr'>animo</span> <span class='ocrx_word' id='word_1_390' title='bbox 1117 1752 1212 1782; x_wconf 86' lang='lat' dir='ltr'>fuisse</span> <span class='ocrx_word' id='word_1_391' title='bbox 1227 1750 1326 1789; x_wconf 82' lang='lat' dir='ltr'>po&#39;e&#39;tae</span> <span class='ocrx_word' id='word_1_392' title='bbox 1349 1749 1458 1787; x_wconf 83' lang='lat' dir='ltr'>nostri,</span> <span class='ocrx_word' id='word_1_393' title='bbox 1482 1760 1538 1787; x_wconf 88' lang='lat' dir='ltr'>per</span> <span class='ocrx_word' id='word_1_394' title='bbox 1555 1749 1680 1779; x_wconf 87' lang='lat' dir='ltr'>Cicero-</span> 
     </span>
     <span class='ocr_line' id='line_1_75' title="bbox 951 1801 1682 1838; baseline -0.001 -4"><span class='ocrx_word' id='word_1_395' title='bbox 951 1806 1002 1835; x_wconf 93' lang='lat' dir='ltr'>nis</span> <span class='ocrx_word' id='word_1_396' title='bbox 1018 1814 1151 1834; x_wconf 86' lang='lat' dir='ltr'>manum</span> <span class='ocrx_word' id='word_1_397' title='bbox 1174 1802 1213 1832; x_wconf 86' lang='lat' dir='ltr'>ad</span> <span class='ocrx_word' id='word_1_398' title='bbox 1229 1812 1286 1831; x_wconf 84' lang='lat' dir='ltr'>nos</span> <span class='ocrx_word' id='word_1_399' title='bbox 1301 1801 1438 1838; x_wconf 86' lang='lat' dir='ltr'>devenit,</span> <span class='ocrx_word' id='word_1_400' title='bbox 1463 1801 1561 1831; x_wconf 87' lang='lat' dir='ltr'>Acad.</span> <span class='ocrx_word' id='word_1_401' title='bbox 1584 1801 1615 1831; x_wconf 90' lang='lat' dir='ltr'>ii.</span> <span class='ocrx_word' id='word_1_402' title='bbox 1634 1805 1682 1833; x_wconf 86' lang='lat'>16.</span> 
     </span>
     <span class='ocr_line' id='line_1_76' title="bbox 951 1853 1682 1895; baseline -0.004 -8"><span class='ocrx_word' id='word_1_403' title='bbox 951 1861 974 1877; x_wconf 73' lang='lat'>‘⁶</span> <span class='ocrx_word' id='word_1_404' title='bbox 994 1857 1050 1895; x_wconf 88' lang='lat' dir='ltr'>At,</span> <span class='ocrx_word' id='word_1_405' title='bbox 1077 1866 1151 1886; x_wconf 90' lang='lat' dir='ltr'>cum</span> <span class='ocrx_word' id='word_1_406' title='bbox 1167 1853 1334 1885; x_wconf 87' lang='lat' dir='ltr'>somniavit</span> <span class='ocrx_word' id='word_1_407' title='bbox 1358 1853 1527 1894; x_wconf 86' lang='lat' dir='ltr'>(Ennius),</span> <span class='ocrx_word' id='word_1_408' title='bbox 1550 1853 1595 1883; x_wconf 87' lang='lat' dir='ltr'>ita</span> <span class='ocrx_word' id='word_1_409' title='bbox 1609 1863 1682 1884; x_wconf 90' lang='lat' dir='ltr'>nar-</span> 
     </span>
     <span class='ocr_line' id='line_1_77' title="bbox 951 1909 1086 1939; baseline -0.007 0"><span class='ocrx_word' id='word_1_410' title='bbox 951 1913 974 1929; x_wconf 85' lang='lat'><strong>“</strong></span> <span class='ocrx_word' id='word_1_411' title='bbox 992 1909 1086 1939; x_wconf 74' lang='lat' dir='ltr'>ravit:</span> 
     </span>
    </p>
   </div>
   <div class='ocr_carea' id='block_1_14' title="bbox 980 1963 1611 1994">
    <p class='ocr_par' dir='ltr' id='par_1_24' title="bbox 980 1963 1611 1994">
     <span class='ocr_line' id='line_1_78' title="bbox 980 1963 1611 1994; baseline -0.005 -4"><span class='ocrx_word' id='word_1_412' title='bbox 980 1970 999 1982; x_wconf 72' lang='lat'>‘⁶</span> <span class='ocrx_word' id='word_1_413' title='bbox 1177 1966 1247 1989; x_wconf 84' lang='lat' dir='ltr'>visus</span> <span class='ocrx_word' id='word_1_414' title='bbox 1259 1966 1390 1988; x_wconf 82' lang='lat' dir='ltr'>Homerus</span> <span class='ocrx_word' id='word_1_415' title='bbox 1400 1963 1490 1988; x_wconf 85' lang='lat' dir='ltr'>adesse</span> <span class='ocrx_word' id='word_1_416' title='bbox 1500 1963 1611 1994; x_wconf 75' lang='lat' dir='ltr'>po‘eta.”</span> 
     </span>
    </p>
   </div>
   <div class='ocr_carea' id='block_1_15' title="bbox 1011 1980 1167 1987">
    <p class='ocr_par' dir='ltr' id='par_1_25' title="bbox 1011 1980 1167 1987">
     <span class='ocr_line' id='line_1_79' title="bbox 1011 1980 1167 1987; baseline 0 0"><span class='ocrx_word' id='word_1_417' title='bbox 1011 1980 1167 1987; x_wconf 95' lang='lat' dir='ltr'> </span> 
     </span>
    </p>
   </div>
   <div class='ocr_carea' id='block_1_16' title="bbox 949 2013 1682 2206">
    <p class='ocr_par' dir='ltr' id='par_1_26' title="bbox 949 2013 1682 2206">
     <span class='ocr_line' id='line_1_80' title="bbox 949 2013 1682 2052; baseline -0.005 -4"><span class='ocrx_word' id='word_1_418' title='bbox 949 2020 994 2049; x_wconf 83' lang='lat' dir='ltr'>Et</span> <span class='ocrx_word' id='word_1_419' title='bbox 1011 2017 1199 2047; x_wconf 87' lang='lat' dir='ltr'>Ennianum</span> <span class='ocrx_word' id='word_1_420' title='bbox 1215 2014 1458 2044; x_wconf 88' lang='lat' dir='ltr'>deliramentum</span> <span class='ocrx_word' id='word_1_421' title='bbox 1473 2023 1539 2042; x_wconf 89' lang='lat' dir='ltr'>non</span> <span class='ocrx_word' id='word_1_422' title='bbox 1553 2013 1682 2052; x_wconf 89' lang='lat' dir='ltr'>illepide</span> 
     </span>
     <span class='ocr_line' id='line_1_81' title="bbox 949 2065 1362 2109; baseline -0.017 -9"><span class='ocrx_word' id='word_1_423' title='bbox 949 2068 1080 2109; x_wconf 83' lang='lat' dir='ltr'>sugillat</span> <span class='ocrx_word' id='word_1_424' title='bbox 1098 2067 1237 2103; x_wconf 73' lang='lat' dir='ltr'>Persius,</span> <span class='ocrx_word' id='word_1_425' title='bbox 1254 2065 1293 2094; x_wconf 84' lang='lat' dir='ltr'>vi.</span> <span class='ocrx_word' id='word_1_426' title='bbox 1313 2068 1362 2094; x_wconf 91' lang='lat' dir='ltr'>lo.</span> 
     </span>
     <span class='ocr_line' id='line_1_82' title="bbox 980 2130 1665 2166; baseline -0.007 -5"><span class='ocrx_word' id='word_1_427' title='bbox 980 2138 1034 2161; x_wconf 86' lang='lat' dir='ltr'>Cor</span> <span class='ocrx_word' id='word_1_428' title='bbox 1042 2136 1118 2166; x_wconf 83' lang='lat' dir='ltr'>jubet</span> <span class='ocrx_word' id='word_1_429' title='bbox 1129 2135 1181 2158; x_wconf 86' lang='lat' dir='ltr'>hoc</span> <span class='ocrx_word' id='word_1_430' title='bbox 1194 2132 1281 2162; x_wconf 80' lang='lat' dir='ltr'>Ennii,</span> <span class='ocrx_word' id='word_1_431' title='bbox 1292 2134 1352 2163; x_wconf 84' lang='lat' dir='ltr'>post</span> <span class='ocrx_word' id='word_1_432' title='bbox 1363 2137 1444 2161; x_wconf 83' lang='lat' dir='ltr'>quarn</span> <span class='ocrx_word' id='word_1_433' title='bbox 1457 2130 1598 2155; x_wconf 82' lang='lat' dir='ltr'>destertuit</span> <span class='ocrx_word' id='word_1_434' title='bbox 1610 2137 1665 2156; x_wconf 85' lang='lat' dir='ltr'>esse</span> 
     </span>
     <span class='ocr_line' id='line_1_83' title="bbox 983 2172 1617 2206; baseline -0.011 -4"><span class='ocrx_word' id='word_1_435' title='bbox 983 2177 1141 2205; x_wconf 69' lang='lat' dir='ltr'>Maeonide5‚</span> <span class='ocrx_word' id='word_1_436' title='bbox 1151 2175 1260 2206; x_wconf 79' lang='lat' dir='ltr'>quintus</span> <span class='ocrx_word' id='word_1_437' title='bbox 1271 2179 1376 2205; x_wconf 84' lang='lat' dir='ltr'>pavone</span> <span class='ocrx_word' id='word_1_438' title='bbox 1388 2179 1424 2196; x_wconf 87' lang='lat' dir='ltr'>ex</span> <span class='ocrx_word' id='word_1_439' title='bbox 1435 2172 1617 2203; x_wconf 84' lang='lat' dir='ltr'>Pythagoreo:</span> 
     </span>
    </p>
   </div>
   <div class='ocr_carea' id='block_1_17' title="bbox 948 2228 1680 2941">
    <p class='ocr_par' dir='ltr' id='par_1_27' title="bbox 952 2228 1678 2319">
     <span class='ocr_line' id='line_1_84' title="bbox 952 2228 1678 2270; baseline -0.008 -4"><span class='ocrx_word' id='word_1_440' title='bbox 952 2234 1140 2270; x_wconf 85' lang='lat' dir='ltr'>Horatium,</span> <span class='ocrx_word' id='word_1_441' title='bbox 1156 2239 1192 2263; x_wconf 91' lang='lat' dir='ltr'>ut</span> <span class='ocrx_word' id='word_1_442' title='bbox 1207 2230 1334 2268; x_wconf 80' lang='lat' dir='ltr'>adsolet,</span> <span class='ocrx_word' id='word_1_443' title='bbox 1350 2235 1487 2267; x_wconf 87' lang='lat' dir='ltr'>secutus,</span> <span class='ocrx_word' id='word_1_444' title='bbox 1504 2229 1590 2269; x_wconf 87' lang='lat' dir='ltr'>epist.</span> <span class='ocrx_word' id='word_1_445' title='bbox 1606 2228 1638 2259; x_wconf 90' lang='lat' dir='ltr'>ii.</span> <span class='ocrx_word' id='word_1_446' title='bbox 1652 2232 1678 2260; x_wconf 93' lang='lat'>1.</span> 
     </span>
     <span class='ocr_line' id='line_1_85' title="bbox 952 2291 1003 2319; baseline -0.039 0"><span class='ocrx_word' id='word_1_447' title='bbox 952 2291 1003 2319; x_wconf 76' lang='lat'>52.</span> 
     </span>
    </p>

    <p class='ocr_par' dir='ltr' id='par_1_28' title="bbox 949 2331 1680 2635">
     <span class='ocr_line' id='line_1_86' title="bbox 996 2331 1679 2376; baseline -0.01 -9"><span class='ocrx_word' id='word_1_448' title='bbox 996 2337 1076 2368; x_wconf 90' lang='lat' dir='ltr'>Ibid.</span> <span class='ocrx_word' id='word_1_449' title='bbox 1088 2338 1227 2376; x_wconf 80' lang='lat' dir='ltr'>primus:</span> <span class='ocrx_word' id='word_1_450' title='bbox 1246 2334 1323 2365; x_wconf 85' lang='lat' dir='ltr'>adeo</span> <span class='ocrx_word' id='word_1_451' title='bbox 1338 2339 1375 2363; x_wconf 90' lang='lat' dir='ltr'>ut</span> <span class='ocrx_word' id='word_1_452' title='bbox 1390 2332 1540 2363; x_wconf 79' lang='lat' dir='ltr'>Naevium</span> <span class='ocrx_word' id='word_1_453' title='bbox 1555 2331 1679 2361; x_wconf 87' lang='lat' dir='ltr'>drama-</span> 
     </span>
     <span class='ocr_line' id='line_1_87' title="bbox 950 2384 1680 2424; baseline -0.01 -4"><span class='ocrx_word' id='word_1_454' title='bbox 950 2397 1020 2420; x_wconf 88' lang='lat' dir='ltr'>tum</span> <span class='ocrx_word' id='word_1_455' title='bbox 1050 2388 1256 2424; x_wconf 84' lang='lat' dir='ltr'>conditorem,</span> <span class='ocrx_word' id='word_1_456' title='bbox 1286 2384 1359 2415; x_wconf 88' lang='lat' dir='ltr'>rudi</span> <span class='ocrx_word' id='word_1_457' title='bbox 1383 2395 1502 2414; x_wconf 83' lang='lat' dir='ltr'>normae</span> <span class='ocrx_word' id='word_1_458' title='bbox 1527 2385 1680 2414; x_wconf 81' lang='lat' dir='ltr'>sermonis</span> 
     </span>
     <span class='ocr_line' id='line_1_88' title="bbox 949 2435 1678 2478; baseline -0.008 -6"><span class='ocrx_word' id='word_1_459' title='bbox 949 2442 1135 2473; x_wconf 88' lang='lat' dir='ltr'>scribentem</span> <span class='ocrx_word' id='word_1_460' title='bbox 1157 2438 1312 2478; x_wconf 87' lang='lat' dir='ltr'>propiora,</span> <span class='ocrx_word' id='word_1_461' title='bbox 1329 2447 1393 2466; x_wconf 87' lang='lat' dir='ltr'>non</span> <span class='ocrx_word' id='word_1_462' title='bbox 1416 2435 1558 2466; x_wconf 88' lang='lat' dir='ltr'>videatur</span> <span class='ocrx_word' id='word_1_463' title='bbox 1579 2435 1678 2474; x_wconf 77' lang='lat' dir='ltr'>po&#39;etis</span> 
     </span>
     <span class='ocr_line' id='line_1_89' title="bbox 949 2487 1676 2529; baseline -0.012 -5"><span class='ocrx_word' id='word_1_464' title='bbox 949 2501 1171 2525; x_wconf 81' lang='lat' dir='ltr'>annumerasse</span> <span class='ocrx_word' id='word_1_465' title='bbox 1181 2489 1344 2529; x_wconf 90' lang='lat' dir='ltr'>superbius</span> <span class='ocrx_word' id='word_1_466' title='bbox 1355 2488 1495 2517; x_wconf 79' lang='lat' dir='ltr'>Lucretii</span> <span class='ocrx_word' id='word_1_467' title='bbox 1506 2487 1676 2526; x_wconf 80' lang='lat' dir='ltr'>judicium,</span> 
     </span>
     <span class='ocr_line' id='line_1_90' title="bbox 951 2538 1678 2588; baseline -0.012 -12"><span class='ocrx_word' id='word_1_468' title='bbox 951 2545 1035 2588; x_wconf 87' lang='lat' dir='ltr'>quod</span> <span class='ocrx_word' id='word_1_469' title='bbox 1061 2554 1117 2574; x_wconf 90' lang='lat' dir='ltr'>suo</span> <span class='ocrx_word' id='word_1_470' title='bbox 1141 2542 1290 2582; x_wconf 82' lang='lat' dir='ltr'>suffragio</span> <span class='ocrx_word' id='word_1_471' title='bbox 1315 2539 1488 2571; x_wconf 87' lang='lat' dir='ltr'>cumulavit</span> <span class='ocrx_word' id='word_1_472' title='bbox 1510 2538 1678 2568; x_wconf 87' lang='lat' dir='ltr'>auctoritas</span> 
     </span>
     <span class='ocr_line' id='line_1_91' title="bbox 952 2595 1311 2635; baseline -0.019 -5"><span class='ocrx_word' id='word_1_473' title='bbox 952 2597 1091 2635; x_wconf 82' lang='lat' dir='ltr'>Horatii,</span> <span class='ocrx_word' id='word_1_474' title='bbox 1107 2602 1162 2626; x_wconf 87' lang='lat' dir='ltr'>sat.</span> <span class='ocrx_word' id='word_1_475' title='bbox 1177 2595 1196 2625; x_wconf 87' lang='lat' dir='ltr'>i.</span> <span class='ocrx_word' id='word_1_476' title='bbox 1213 2598 1243 2624; x_wconf 85' lang='lat'>4.</span> <span class='ocrx_word' id='word_1_477' title='bbox 1262 2597 1311 2623; x_wconf 76' lang='lat'>48.</span> 
     </span>
    </p>

    <p class='ocr_par' dir='ltr' id='par_1_29' title="bbox 948 2640 1677 2895">
     <span class='ocr_line' id='line_1_92' title="bbox 993 2640 1677 2680; baseline -0.018 0"><span class='ocrx_word' id='word_1_478' title='bbox 993 2649 1075 2680; x_wconf 84' lang='lat' dir='ltr'>Ibid.</span> <span class='ocrx_word' id='word_1_479' title='bbox 1090 2658 1206 2678; x_wconf 74' lang='lat' dir='ltr'>ama-no</span> <span class='ocrx_word' id='word_1_480' title='bbox 1235 2647 1400 2676; x_wconf 79' lang='lat' dir='ltr'>Helicone:</span> <span class='ocrx_word' id='word_1_481' title='bbox 1425 2643 1447 2672; x_wconf 92' lang='lat' dir='ltr'>i.</span> <span class='ocrx_word' id='word_1_482' title='bbox 1472 2652 1498 2671; x_wconf 90' lang='lat' dir='ltr'>e.</span> <span class='ocrx_word' id='word_1_483' title='bbox 1514 2640 1677 2671; x_wconf 89' lang='lat' dir='ltr'>arboribus</span> 
     </span>
     <span class='ocr_line' id='line_1_93' title="bbox 948 2691 1675 2735; baseline -0.019 -2"><span class='ocrx_word' id='word_1_484' title='bbox 948 2703 1042 2734; x_wconf 86' lang='lat' dir='ltr'>dense</span> <span class='ocrx_word' id='word_1_485' title='bbox 1054 2700 1182 2735; x_wconf 80' lang='lat' dir='ltr'>consito,</span> <span class='ocrx_word' id='word_1_486' title='bbox 1197 2699 1222 2728; x_wconf 88' lang='lat' dir='ltr'>si</span> <span class='ocrx_word' id='word_1_487' title='bbox 1232 2695 1426 2728; x_wconf 82' lang='lat' dir='ltr'>audiendum</span> <span class='ocrx_word' id='word_1_488' title='bbox 1435 2692 1529 2722; x_wconf 88' lang='lat' dir='ltr'>modo</span> <span class='ocrx_word' id='word_1_489' title='bbox 1541 2692 1580 2721; x_wconf 88' lang='lat' dir='ltr'>sit</span> <span class='ocrx_word' id='word_1_490' title='bbox 1591 2691 1675 2731; x_wconf 87' lang='lat' dir='ltr'>glos-</span> 
     </span>
     <span class='ocr_line' id='line_1_94' title="bbox 949 2752 1675 2785; baseline -0.018 0"><span class='ocrx_word' id='word_1_491' title='bbox 949 2755 1066 2785; x_wconf 81' lang='lat' dir='ltr'>sarium</span> <span class='ocrx_word' id='word_1_492' title='bbox 1081 2759 1180 2782; x_wconf 86' lang='lat' dir='ltr'>vetus:</span> <span class='ocrx_word' id='word_1_493' title='bbox 1213 2755 1233 2769; x_wconf 68' lang='lat'>‘⁴</span> <span class='ocrx_word' id='word_1_494' title='bbox 1251 2752 1413 2781; x_wconf 70' lang='lat' dir='ltr'>Amoenus,</span> <span class='ocrx_word' id='word_1_495' title='bbox 1431 2758 1542 2778; x_wconf 69' lang='grc' dir='ltr'>σου-κως</span> <span class='ocrx_word' id='word_1_496' title='bbox 1570 2757 1675 2779; x_wconf 65' lang='lat' dir='ltr'>eron-05,</span> 
     </span>
     <span class='ocr_line' id='line_1_95' title="bbox 950 2795 1673 2848; baseline -0.019 -10"><span class='ocrx_word' id='word_1_497' title='bbox 950 2813 1096 2848; x_wconf 66' lang='grc' dir='ltr'>συνηρεφκς</span> <span class='ocrx_word' id='word_1_498' title='bbox 1107 2804 1141 2835; x_wconf 88' lang='grc'>.·”</span> <span class='ocrx_word' id='word_1_499' title='bbox 1164 2803 1277 2843; x_wconf 87' lang='lat' dir='ltr'>quibus</span> <span class='ocrx_word' id='word_1_500' title='bbox 1293 2809 1357 2829; x_wconf 91' lang='lat' dir='ltr'>non</span> <span class='ocrx_word' id='word_1_501' title='bbox 1374 2797 1525 2827; x_wconf 90' lang='lat' dir='ltr'>dissident</span> <span class='ocrx_word' id='word_1_502' title='bbox 1540 2795 1673 2826; x_wconf 87' lang='lat' dir='ltr'>Horati-</span> 
     </span>
     <span class='ocr_line' id='line_1_96' title="bbox 950 2855 1316 2895; baseline -0.019 -6"><span class='ocrx_word' id='word_1_503' title='bbox 950 2869 1010 2889; x_wconf 86' lang='lat' dir='ltr'>ana</span> <span class='ocrx_word' id='word_1_504' title='bbox 1025 2857 1090 2895; x_wconf 88' lang='lat' dir='ltr'>illa,</span> <span class='ocrx_word' id='word_1_505' title='bbox 1107 2856 1157 2886; x_wconf 93' lang='lat' dir='ltr'>od.</span> <span class='ocrx_word' id='word_1_506' title='bbox 1174 2855 1195 2884; x_wconf 90' lang='lat' dir='ltr'>i.</span> <span class='ocrx_word' id='word_1_507' title='bbox 1218 2857 1267 2884; x_wconf 77' lang='lat'>12.</span> <span class='ocrx_word' id='word_1_508' title='bbox 1285 2856 1316 2884; x_wconf 88' lang='lat'>5.</span> 
     </span>
    </p>

    <p class='ocr_par' dir='ltr' id='par_1_30' title="bbox 1103 2908 1532 2941">
     <span class='ocr_line' id='line_1_97' title="bbox 1103 2908 1532 2941; baseline -0.021 0"><span class='ocrx_word' id='word_1_509' title='bbox 1103 2918 1156 2941; x_wconf 89' lang='lat' dir='ltr'>Aut</span> <span class='ocrx_word' id='word_1_510' title='bbox 1167 2915 1194 2939; x_wconf 87' lang='lat' dir='ltr'>in</span> <span class='ocrx_word' id='word_1_511' title='bbox 1205 2912 1323 2937; x_wconf 71' lang='lat' dir='ltr'>umbrosis</span> <span class='ocrx_word' id='word_1_512' title='bbox 1334 2909 1454 2935; x_wconf 73' lang='lat' dir='ltr'>Heliconis</span> <span class='ocrx_word' id='word_1_513' title='bbox 1465 2908 1513 2933; x_wconf 84' lang='lat' dir='ltr'>oris</span> <span class='ocrx_word' id='word_1_514' title='bbox 1522 2916 1532 2933; x_wconf 91' lang='grc'>.·</span> 
     </span>
    </p>
   </div>
   <div class='ocr_carea' id='block_1_18' title="bbox 950 2959 1584 3004">
    <p class='ocr_par' dir='ltr' id='par_1_31' title="bbox 950 2959 1584 3004">
     <span class='ocr_line' id='line_1_98' title="bbox 950 2959 1584 3004; baseline -0.021 -3"><span class='ocrx_word' id='word_1_515' title='bbox 950 2978 1008 3002; x_wconf 85' lang='lat' dir='ltr'>nec</span> <span class='ocrx_word' id='word_1_516' title='bbox 1025 2965 1192 3004; x_wconf 85' lang='lat' dir='ltr'>Manilius,</span> <span class='ocrx_word' id='word_1_517' title='bbox 1208 2963 1228 2996; x_wconf 89' lang='lat' dir='ltr'>i.</span> <span class='ocrx_word' id='word_1_518' title='bbox 1244 2966 1273 2994; x_wconf 83' lang='lat'>4.</span> <span class='ocrx_word' id='word_1_519' title='bbox 1299 2961 1416 2993; x_wconf 85' lang='lat' dir='ltr'>Carum</span> <span class='ocrx_word' id='word_1_520' title='bbox 1431 2959 1584 2991; x_wconf 84' lang='lat' dir='ltr'>imitatus:</span> 
     </span>
    </p>
   </div>
  </div>
 </body>
</html>
