1894 3253
216 254 310 295 334·
709 246 768 293 T.
818 245 1197 294 LUCRETII

364 378 425 421 Ut
443 377 505 426 fit,
537 376 605 418 ubi
627 376 671 416 in
690 391 836 432 parvas
854 377 1005 432 parteis
1024 377 1267 432 discerpitur
1287 393 1449 430 aurum,

363 453 568 506 Purpura,
599 451 890 507 poeniceusque
909 451 1022 492 color
1042 451 1284 493 clarissimus
1303 452 1448 503 multo,

250 532 330 567 830
362 526 397 567 F
398 525 526 567 ilatim
546 540 673 581 quom
693 525 912 567 distractus
932 534 1006 575 est,
1038 525 1287 580 disperditur
1307 527 1455 567 omnis:

360 600 542 642 Noscere
561 608 607 641 ut
626 600 724 641 hinc
743 600 887 655 possis,
918 600 1032 655 prius
1052 614 1219 640 omnem
1239 600 1385 641 ecfiare
1405 600 1582 644 colorem

362 674 603 725 Particulas,
636 689 759 731 quam
779 673 991 716 discedant
1011 674 1065 715 ad
1085 674 1240 716 semina
1259 689 1410 716 rerum.

419 748 648 799 Postremo,
681 750 877 805 quoniam
897 764 983 790 non
1004 749 1144 790 omnia
1164 764 1339 804 corpora
1357 764 1500 791 vocem

360 822 532 865 Mittere
552 824 757 874 concedis,
789 839 924 880 neque
943 824 1115 865 odorem
1122 842 1135 874 3
1167 832 1385 879 propterea
1405 823 1468 874 fit,

247 902 326 938 835
362 897 421 939 Ut
441 911 527 938 non
548 897 739 939 omnibus
760 897 970 938 adtribuas
992 898 1165 947 sonitus,
1197 905 1238 938 et
1257 897 1421 938 odores:

362 972 445 1022 Sic,
477 971 603 1012 oculis
624 971 819 1027 quoniam
839 986 924 1012 non
946 971 1086 1012 omnia
1105 985 1272 1012 cernere
1292 971 1470 1026 quimus,

215 1130 249 1160 in
264 1129 462 1159 tenuissimas
483 1128 522 1158 ad
540 1128 666 1158 libitum
690 1134 782 1158 tuum
805 1128 939 1167 particu-

213 1182 273 1218 las;
295 1181 380 1212 itane
395 1180 531 1211 frontem
554 1180 754 1220 perfricuisti,
777 1186 813 1210 ut
827 1180 942 1210 audeas

213 1233 377 1269 affirmare,
404 1233 529 1262 filorum
552 1232 730 1272 splendores
746 1242 938 1269 evanescere,

212 1291 244 1315 et
258 1284 436 1325 exstingui?
462 1283 579 1314 Nullus
598 1283 700 1313 hercle
715 1289 748 1312 tu
765 1283 936 1313 affirmave-

210 1335 264 1366 ris:
284 1335 385 1365 audax
397 1341 443 1365 est
455 1334 655 1364 librariorum
665 1333 865 1364 oscitantium
879 1333 937 1374 fig-

213 1378 369 1424 mentum,
400 1392 431 1416 et
460 1385 558 1425 po‘e'tae
579 1385 781 1425 integerrimo
810 1384 942 1415 minime

212 1437 442 1477 imputandum.
489 1437 561 1475 Ipse
575 1435 695 1466 diluam
710 1437 765 1466 has
780 1436 895 1478 sordes,
912 1442 943 1466 et

211 1492 318 1522 locum
348 1489 518 1520 certissima
544 1489 762 1519 emendatione
786 1490 940 1526 mactabo,

211 1554 283 1584 quae
299 1543 332 1572 in
347 1546 530 1572 contextum
544 1541 639 1580 recipi
656 1540 820 1572 debuerat:

229 1605 268 1628 Ut
279 1603 321 1633 fit,
338 1603 384 1627 ubi
394 1603 421 1627 in
436 1609 530 1635 parvas
541 1602 639 1634 parteis
649 1602 808 1634 discerpitur
818 1605 922 1626 vitrum.

213 1655 389 1693 Nimirum,
419 1656 574 1694 poenz‘ceus
603 1656 692 1690 color,
724 1665 879 1693 purpura,
911 1659 942 1684 et

211 1714 337 1744 ostrum,
361 1705 441 1736 nihil
465 1712 550 1743 sunt,
573 1716 629 1745 pro
651 1705 848 1745 simplicitate
873 1705 939 1735 Lu-

213 1757 342 1789 cretiani
372 1757 525 1787 sermonis
551 1762 642 1796 atque
667 1758 817 1793 ubertate,
844 1767 940 1798 quam

212 1810 308 1840 unius
332 1808 454 1846 coloris,
481 1809 624 1839 tincturis
649 1809 750 1849 magis
773 1809 940 1850 minusque

211 1860 323 1890 vividis
334 1860 451 1895 variati,
468 1860 640 1899 descriptio.
686 1861 774 1890 Hinc
784 1867 838 1896 est,
856 1861 940 1901 quod

212 1913 246 1942 in
262 1912 408 1942 omnibus
431 1912 631 1951 scriptoribus
646 1913 711 1942 haec
734 1913 939 1944 diversimode

213 1972 305 2005 atque
316 1965 529 1995 indifferenter
537 1964 712 1994 consociata
720 1965 862 2004 reperias.
889 1964 939 1994 Ita

210 2015 377 2056 Virgilius,
401 2017 475 2046 AEn.
493 2026 521 2046 X.
538 2019 609 2046 722.
630 2017 764 2056 exempli
778 2016 891 2057 gratiaz

243 2078 405 2107 Purpureum
416 2074 519 2106 penniS‚
535 2078 563 2099 et
574 2078 663 2106 pactae
676 2076 796 2108 conjugis
807 2080 871 2100 ostro
880 2085 889 2102 .-

216 2124 264 2154 Ac
281 2123 471 2162 Propertius,
487 2123 526 2153 iv.
544 2127 572 2153 8.
589 2127 638 2154 51.

228 2186 297 2209 Nam
309 2184 376 2208 mihi
386 2190 451 2214 quo,
468 2183 552 2208 Poenis
561 2184 582 2208 si
592 2188 707 2216 purpura
718 2184 821 2216 fulgeat
832 2184 903 2208 ostris
911 2185 923 2208 ?

214 2234 258 2264 Et
272 2244 289 2264 e
304 2233 413 2264 multis
427 2233 542 2264 addam
560 2234 722 2271 Senecam,
740 2233 826 2264 Med.
845 2238 894 2266 99.

334 2293 407 2317 Ostro
416 2292 453 2317 sic
465 2292 558 2317 niveus
565 2292 670 2324 puniceo
681 2292 755 2317 color

335 2332 456 2357 Perfusus
467 2333 567 2357 rubuit.

214 2380 385 2417 Isidorum,
409 2381 507 2422 origg.
523 2381 586 2412 xix.
611 2386 660 2412 28.
683 2382 759 2412 libet
772 2381 934 2423 castigare:

213 2435 237 2450 “
255 2432 428 2472 Conchylia
441 2438 548 2462 autem
563 2439 637 2462 sunt
650 2433 759 2470 maris;
783 2444 865 2474 quae,
880 2433 938 2464 cir-

213 2487 236 2502 “
253 2484 391 2514 cumcisa
405 2483 498 2521 ferro,
524 2483 674 2524 lacrymas
688 2485 837 2523 purpurei
850 2487 938 2515 emit-

213 2538 321 2565 “tunt
336 2534 460 2565 coloris:
487 2534 536 2565 his
561 2535 698 2565 collectis
722 2535 807 2565 color
821 2546 937 2575 purpu-

215 2590 237 2604 “
253 2597 324 2617 reus
339 2592 543 2626 temperatur.-
570 2593 601 2617 et
622 2594 735 2618 ostrum
758 2587 869 2618 exinde
883 2598 937 2627 ap-

215 2641 237 2656 “
254 2639 404 2677 pellatum
426 2639 546 2677 dicunt,
569 2639 652 2680 quod
673 2650 712 2669 ex
734 2639 808 2670 testei
831 2642 938 2671 humor

215 2692 238 2706 “
255 2689 405 2721 elicitur.’'
451 2690 495 2720 Et
522 2701 607 2721 error
635 2691 696 2727 hic,
731 2702 842 2722 aurum
873 2692 939 2722 vice

215 2746 337 2777 ostrum,
361 2749 448 2772 ortus
463 2743 592 2773 fortasse
616 2743 655 2773 sit
669 2753 707 2773 ex
722 2743 876 2773 consimili
888 2754 936 2774 so-

215 2801 258 2821 no
272 2791 460 2831 syllabarum
475 2806 516 2824 au
533 2800 564 2824 et
578 2806 606 2832 o,
629 2805 729 2835 quum
742 2794 885 2825 librarius
899 2796 938 2825 ab

212 2842 317 2883 aliquo
333 2843 468 2874 dictante
481 2856 587 2876 versus
609 2846 769 2885 exciperet.
816 2846 938 2877 Utcun-

216 2904 277 2934 que
291 2893 420 2924 demum
444 2896 502 2926 hoc
517 2898 568 2935 sit,
591 2897 751 2929 verissima
768 2903 814 2929 est
836 2904 939 2930 nostra

215 2946 400 2978 emendatio.

1027 1127 1103 1157 Ver.
1121 1131 1193 1158 829.
1211 1128 1385 1166 poeniceus:
1421 1127 1462 1156 V.
1480 1125 1526 1157 ed.
1544 1129 1712 1166 penitens,-

985 1179 1022 1210 P.
1038 1180 1134 1210 Vind.
1153 1182 1349 1215 Plzaeniceus;
1378 1184 1413 1210 Δ.
1425 1180 1713 1220 faenzgeus.-—mul-

984 1236 1029 1260 to:
1056 1231 1093 1261 P.
1109 1234 1206 1266 omni;
1235 1232 1282 1262 M.
1302 1231 1336 1261 in
1351 1230 1505 1271 margine,
1528 1233 1628 1268 ultro;
1654 1242 1713 1272 pro

982 1281 1056 1310 vera
1071 1281 1207 1311 fortassis
1223 1281 1369 1320 lectione,
1394 1284 1464 1313 ullo.

1025 1331 1097 1362 Ver.
1113 1336 1188 1363 850.
1210 1335 1374 1364 distractus
1384 1341 1438 1372 est,
1457 1334 1506 1365 vel
1517 1337 1712 1366 distractast:

985 1385 1029 1415 sic
1048 1385 1127 1415 mihi
1142 1385 1303 1416 videbatur
1323 1386 1463 1416 Lucretii
1486 1387 1637 1426 scriptura
1659 1397 1714 1426 per

985 1437 1152 1467 minimam
1173 1437 1332 1468 codicibus
1347 1439 1411 1468 vim
1434 1438 1554 1470 illatam
1569 1439 1714 1478 probabi-

984 1490 1055 1520 liter
1076 1500 1167 1529 posse
1189 1491 1317 1521 restitui.
1362 1491 1451 1521 Dant
1466 1492 1509 1522 V.
1538 1491 1586 1522 ed.
1613 1493 1650 1522 B.
1677 1492 1716 1522 L.

985 1541 1033 1570 M.
1051 1540 1090 1571 Ο.
1107 1546 1142 1572 Δ.
1159 1546 1193 1572 Σ.
1208 1548 1252 1572 Ω.
1265 1544 1447 1573 distractum
1464 1549 1524 1578 est,·
1540 1542 1599 1578 vel,
1612 1542 1712 1572 brevi-

983 1599 1030 1622 ter
1057 1592 1218 1632 scriptum,
1245 1595 1440 1624 distractast:
1477 1593 1563 1634 quod
1587 1593 1716 1624 lectioni

984 1650 1097 1674 nostrae
1114 1645 1193 1674 nihil
1205 1644 1368 1684 discrepat:
1397 1645 1494 1675 Vind.
1519 1647 1714 1682 distractum,-

987 1702 1026 1725 Π.
1050 1698 1237 1732 dz'slractz'm;
1263 1696 1299 1726 P.
1322 1698 1714 1736 distrultitum—disperdi-

983 1754 1052 1778 tur:
1080 1747 1119 1777 V.
1140 1747 1187 1778 ed.
1210 1750 1421 1787 clispemlitur;
1449 1754 1490 1778 Π.
1506 1749 1709 1788 disperdam,-

983 1799 1035 1831 cui
1050 1799 1146 1829 etiam
1160 1801 1257 1830 omnis
1275 1799 1369 1830 deest.

1026 1851 1101 1880 Ver.
1117 1854 1190 1881 851.
1214 1852 1336 1892 ecflare.
1362 1850 1437 1881 Hoc
1460 1849 1609 1880 translato
1623 1852 1715 1880 voca'-

983 1901 1058 1932 bulo
1073 1907 1178 1932 noster
1192 1901 1263 1932 ideo
1278 1912 1353 1932 usus
1368 1907 1424 1939 est,
1448 1902 1522 1942 quia
1547 1901 1647 1942 fingat
1660 1910 1712 1932 co-

983 1955 1062 1985 lores
1073 1953 1153 1985 αιινᾶ
1166 1953 1305 1990 luminis,
1321 1954 1502 1994 corporibus
1515 1953 1643 1993 reflexa,
1657 1964 1713 1995 ge-

982 2007 1101 2037 nerari:
1127 2006 1198 2036 vide
1213 2016 1270 2036 nos
1285 2005 1325 2036 ad
1340 2016 1367 2036 v.
1388 2009 1458 2037 176.

1025 2058 1100 2088 Ver.
1117 2061 1188 2088 852.
1210 2059 1385 2089 discedant:
1413 2056 1456 2087 sic
1480 2062 1515 2087 Δ.
1539 2056 1593 2086 sed
1607 2056 1648 2086 V.
1663 2054 1711 2086 ed.

982 2111 1021 2140 B.
1039 2111 1239 2145 descendunt‚·
1269 2109 1305 2139 P.
1321 2110 1522 2144 descendant,·
1551 2106 1648 2137 Vind.
1669 2107 1712 2138 Ο.

983 2168 1024 2191 Π.
1046 2166 1081 2192 Σ.
1103 2163 1296 2196 ἀῐείετιάιιηΐς
1331 2160 1367 2190 L.
1388 2161 1566 2195 discedunt;
1595 2159 1643 2189 M.
1667 2159 1709 2195 Q.

982 2214 1179 2247 disceduant,·
1206 2217 1250 2241 Ω.
1265 2212 1458 2241 discendunt.
1481 2211 1605 2240 Verum
1620 2215 1710 2249 puto,

981 2265 1149 2294 discedunt.
1196 2262 1237 2292 In
1251 2272 1314 2292 ver.
1331 2265 1402 2292 854.
1416 2262 1457 2292 V.
1475 2261 1523 2292 ed.
1536 2263 1695 2292 concedas.

1024 2315 1100 2345 Ver.
1116 2317 1191 2346 859.
1215 2316 1353 2345 animum
1360 2330 1370 2350 ;
1397 2319 1432 2344 Δ.
1447 2315 1559 2350 anima}
1584 2313 1710 2354 elegan-

981 2373 1039 2397 ter:
1067 2367 1087 2397 i.
1103 2377 1130 2397 e.
1156 2376 1300 2407 sagacem
1315 2366 1426 2396 animi:
1455 2365 1509 2396 sed
1524 2365 1574 2394 w'x
1589 2365 1628 2395 ad
1644 2365 1711 2395 Lu-

982 2418 1069 2449 cretii
1084 2417 1352 2449 consuetudinem.
1400 2416 1494 2447 Silius
1510 2416 1654 2455 Italicus,
1676 2415 1710 2447 ii.

981 2473 1052 2500 344.

1012 2539 1154 2569 Fibrarum,
1171 2542 1198 2564 et
1209 2542 1311 2571 pennae,
1329 2538 1537 2568 divinarumque
1547 2543 1663 2568 sagacem

1011 2580 1192 2609 Flammarum,
1209 2580 1281 2604 misit
1292 2579 1365 2604 dives
1377 2577 1503 2603 Callaecia
1514 2577 1625 2609 pubem.

1025 2639 1100 2669 Ver.
1115 2643 1186 2670 840.
1210 2638 1299 2669 Nihil
1321 2638 1398 2668 mihi
1421 2636 1581 2678 antiquius
1599 2633 1706 2672 habui,

982 2700 1077 2730 quam
1092 2696 1127 2720 ut
1150 2690 1286 2720 Lucretii
1311 2694 1494 2720 contextum
1514 2684 1705 2718 emendatio-

982 2741 1074 2771 nibus
1093 2751 1131 2771 ex
1147 2740 1325 2781 conjectura
1339 2740 1421 2771 natis
1435 2739 1476 2770 ad
1490 2737 1616 2768 libitum
1630 2745 1705 2766 con-

981 2794 1134 2824 taminare
1150 2804 1322 2833 parcerem:
1349 2792 1403 2823 sed
1424 2789 1556 2821 subinde
1576 2787 1638 2818 loci
1653 2788 1708 2818 ob-

983 2853 1154 2884 versantur,
1178 2846 1218 2877 ad
1231 2857 1310 2888 quos
1330 2841 1560 2879 emacuIandos,
1584 2840 1632 2870 vel
1646 2839 1706 2870 sal·

981 2905 1044 2929 tem
1061 2897 1246 2938 turpissimis
1261 2896 1383 2928 mendis
1397 2893 1583 2931 liberandos,
1600 2894 1640 2923 ob
1654 2902 1707 2922 co-

981 2950 1087 2982 dicum
1112 2950 1187 2982 vitia
1212 2950 1260 2981 vel
1289 2947 1517 2988 discrepantiam,
1551 2944 1706 2977 acuminis
