1894 3253
635 253 870 303 LIBER
925 251 1236 304 PRIMUS.

1635 262 1696 308 79

214 391 297 429 340
330 387 587 444 Principium
608 387 806 444 quoniam
826 385 999 428 cedendi
1020 387 1131 429 nulla
1151 387 1268 430 daret
1288 403 1365 430 res.

331 462 390 504 At
411 478 522 504 nunc
542 478 617 518 per
637 462 782 513 maria,
804 476 852 502 ac
872 468 1016 510 terras,
1039 462 1294 519 sublimaque
1314 463 1421 515 coeli,

331 537 470 578 Multa
489 537 622 578 modis
642 536 780 577 multis
800 534 912 576 varia
935 535 1094 577 ratione
1114 539 1271 579 moveri

335 612 554 653 Cernimus
574 620 670 652 ante
690 610 845 652 oculos:
879 623 988 664 quae,
1012 610 1043 650 si
1064 625 1150 651 non
1172 621 1276 654 esset
1295 614 1434 664 inane,

329 686 428 728 Non
449 694 535 727 tam
555 686 714 727 solicito
734 692 852 726 motu
872 684 1035 739 privata
1055 695 1258 737 carerent,

180 844 204 862 “
220 851 296 881 pore
318 852 424 873 comes
457 843 640 874 individuus
672 843 808 882 adesset3
842 843 921 874 adeo

184 901 206 917 ‘⁴
223 903 261 928 ut
282 895 372 926 nulla
393 905 523 935 corpora
546 895 585 926 de
608 906 665 926 suo
691 901 773 926 statu
796 902 922 936 possent

182 953 205 969 “
221 948 325 980 hilum
351 948 504 985 amoveri;
535 958 593 978 nec
617 947 706 978 alteri
737 949 846 989 utique
870 959 920 979 ce-

185 1005 205 1020 “
222 999 341 1036 denda,
379 1009 438 1029 nec
467 999 660 1029 invenientia
688 999 823 1029 vicissim
853 1011 923 1041 quae

187 1054 208 1069 “
226 1051 288 1081 illis
303 1050 466 1081 cederent:
490 1061 590 1090 quum
611 1050 692 1081 nihil
708 1051 835 1091 cogitari
852 1062 922 1092 pos-

189 1106 212 1121 “
229 1103 280 1139 sit,
313 1102 399 1132 unde
422 1102 612 1142 principium
635 1103 780 1134 movendi
804 1104 851 1134 vel
874 1115 923 1135 ce-

189 1158 212 1174 “
230 1154 327 1185 dendi
350 1153 415 1184 ullo
444 1155 539 1184 modo
562 1156 796 1186 snbnascatur.’'
844 1157 926 1187 Haec

188 1207 300 1244 etiam,
319 1206 362 1236 sic
378 1207 576 1245 concinnata,
598 1206 742 1237 disertius
757 1218 926 1247 repraesen-

189 1265 258 1289 tant
274 1259 355 1298 ipsas
370 1258 501 1297 Epicuri
517 1259 680 1298 dictiones,
699 1266 791 1299 prout
807 1271 858 1290 eas
873 1271 927 1290 ex-

192 1310 332 1340 hibuerit
348 1309 509 1350 Diogenes
524 1310 679 1348 Laertius,
703 1321 731 1341 x,
749 1315 801 1342 40.
836 1317 869 1342 Ει
883 1327 926 1352 μη

189 1376 220 1395 ην
236 1362 248 1392 o‘
264 1375 351 1399 κενον,
368 1375 418 1391 και
429 1375 538 1403 χωραν,
556 1375 606 1392 και
618 1370 714 1402 αναφη
731 1370 810 1403 φασιν
826 1378 927 1403 ονομα-

189 1413 284 1451 ζομεν,
315 1409 351 1443 ἐκ
368 1426 402 1443 αν
430 1425 491 1453 ειχε
508 1426 548 1443 ‹roe
574 1418 750 1444 ΣΩΜΑΤΑ
776 1415 840 1445 (ἕπε
868 1421 927 1451 HN,

189 1462 233 1494 εδε
249 1462 276 1494 δι’
292 1464 322 1494 οὑ
339 1469 535 1500 EKINEITO,
564 1467 642 1495 καθα
669 1477 720 1507 περ
737 1473 866 1506 φαινεται
883 1481 927 1497 κι-

191 1528 302 1555 νεμενα.
348 1515 560 1546 Locutionem
575 1527 660 1555 vero,
673 1520 841 1558 quidquam
854 1530 928 1558 pro-

190 1570 308 1606 cedere,
334 1567 387 1597 vix
410 1578 489 1607 opus
511 1574 566 1606 est,
595 1575 631 1599 ut
652 1569 859 1601 illustremus:
887 1571 931 1602 sic

192 1625 302 1649 autem
317 1619 496 1656 Terentius,
513 1620 602 1651 And.
619 1621 658 1651 iv,
680 1625 705 1651 l.
722 1624 775 1653 48.

542 1689 631 1722 primo
639 1691 757 1722 processit
764 1694 858 1723 parum
868 1699 876 1716 .-

188 1751 219 1776 et
233 1746 401 1787 Virgilius,
418 1747 473 1778 ecl.
488 1748 530 1779 iii.
549 1753 602 1781 94.

282 1813 394 1843 Parcite,
406 1821 481 1844 oves,
495 1815 604 1840 nimium
613 1817 744 1848 procedere
757 1826 766 1842 .-

191 1876 285 1911 atque
302 1871 458 1902 Horatius
473 1873 621 1914 denique,
639 1881 693 1906 sat.
709 1875 729 1906 i.
746 1878 775 1907 5.
795 1880 845 1907 20.

485 1941 523 1965 nil
532 1948 596 1966 cum
604 1943 735 1974 procedere
746 1943 855 1970 lintrem

223 1977 368 2002 sentimus.

197 2034 318 2064 Caetera
328 2036 447 2075 omnia,
459 2043 490 2068 et
500 2039 613 2078 scripta
623 2050 734 2079 manu,
747 2047 779 2071 et
788 2041 869 2082 typis
878 2053 931 2073 ex-

193 2094 309 2123 pressa,
327 2087 520 2126 exemplaria
528 2089 606 2120 dant
618 2102 684 2121 uno
693 2102 847 2123 consensu
858 2105 933 2134 pos-

199 2142 250 2166 set.
297 2136 390 2167 Idem
408 2145 447 2170 Π.
464 2147 530 2179 aut,
547 2152 603 2180 pro
617 2144 713 2181 haud,
734 2145 868 2182 exhibet,
885 2157 934 2176 er-

198 2197 269 2218 rore
283 2188 317 2219 in
333 2189 418 2221 libris
434 2191 528 2234 longe
543 2195 760 2228 usitatissimo:
788 2204 818 2229 et
833 2201 934 2239 ducet,

197 2238 269 2269 loco
284 2242 384 2280 daret,
405 2243 438 2272 in
454 2252 603 2285 sequente
617 2258 718 2280 versu.

241 2291 317 2322 Ver.
333 2297 406 2325 541.
430 2298 559 2328 sublima
569 2313 579 2329 .·
606 2304 640 2331 Σ.
663 2303 816 2333 sublimia.

245 2341 327 2372 Ibid.
343 2346 485 2386 sublima,
502 2359 521 2378 a
532 2357 616 2381 recto
630 2353 786 2385 sublimus.
832 2355 935 2386 Noni-

200 2402 239 2422 us
269 2394 451 2428 Marcellus:
483 2403 505 2418 “
521 2402 674 2435 sublimus
697 2415 754 2444 pro
779 2407 933 2439 sublimis.

200 2447 222 2463 “
240 2446 359 2476 Accius
376 2448 561 2484 Phoenissis:

230 2512 250 2525 “
261 2512 317 2536 Aut
327 2519 401 2546 saepe
412 2522 450 2540 ex
461 2516 558 2543 humili
567 2521 630 2546 sede
639 2522 773 2548 Juhlimam
783 2526 905 2551 evolat?

201 2575 256 2607 Ita
270 2580 442 2612 certissime
456 2585 674 2625 castigandum
693 2589 726 2619 in
741 2596 874 2632 utroque
888 2593 934 2624 lo-

202 2638 252 2666 co,
275 2640 333 2669 pro
347 2634 486 2665 sublima.
532 2637 718 2677 Praepositio
739 2645 781 2673 ad
796 2649 865 2674 tuto
879 2656 935 2685 po-

202 2680 277 2711 terit
307 2683 411 2714 omitti
434 2692 504 2724 post
526 2688 635 2719 omnia
657 2693 759 2730 verba,
795 2704 835 2725 ne
869 2707 934 2727 uno

197 2731 336 2773 ‘quidem
358 2743 497 2776 excepto,
521 2750 592 2780 quae
614 2748 738 2773 motum
761 2746 882 2777 deloco
901 2750 936 2779 in

202 2782 311 2815 locum
333 2787 527 2828 significant:
564 2798 594 2822 et
617 2803 692 2823 sane
714 2795 934 2838 pereleganter.

206 2835 299 2867 Idem
309 2841 534 2878 grammaticus
544 2843 661 2874 ibidem
674 2847 802 2884 protulit
817 2849 851 2879 in
863 2861 935 2881 nos-

206 2892 285 2917 tram
308 2899 376 2920 rem
393 2892 532 2923 Sallustii
553 2895 783 2935 fragmentum:
812 2903 834 2918 “
852 2902 934 2933 Nam

206 2940 228 2955 ‘¹
245 2939 334 2971 tertia
348 2947 424 2974 tunc
439 2952 516 2984 erat,
543 2952 574 2977 et
592 2949 722 2980 sublima
747 2951 859 2982 nebula
876 2964 937 2985 coe-

967 847 989 862 “
1005 844 1074 875 lum
1091 847 1310 878 obscurabat.''

966 897 1085 937 penult.

1358 848 1488 888 Seneca,
1513 850 1600 882 Med.
1623 860 1700 882 vers,

1058 961 1106 984 Per
1116 959 1170 984 alta
1182 961 1251 985 vade
1260 961 1344 992 spatia
1354 961 1454 986 sublimi
1466 963 1585 988 aetheris.

969 1007 1059 1039 Hinc
1070 1010 1267 1046 concinnius,
1279 1010 1312 1040 ni
1325 1010 1427 1050 fallor,
1440 1012 1593 1053 Virgilius
1604 1014 1700 1054 scrip-

969 1062 1057 1092 sisset
1070 1062 1109 1092 ad
1124 1062 1179 1093 ecl.
1196 1063 1236 1093 ix.
1258 1067 1310 1094 29.

1032 1123 1178 1147 Cantantes
1189 1122 1296 1147 sublima
1307 1123 1395 1149 serent
1407 1126 1440 1149 ad
1451 1125 1536 1150 sidera
1547 1126 1637 1158 cycni.

971 1179 1057 1208 Nam
1072 1185 1103 1208 et
1117 1180 1265 1210 credibile
1280 1187 1326 1210 est
1341 1192 1414 1211 eum
1428 1183 1565 1213 Lucretii
1581 1195 1704 1215 memo-

970 1241 1037 1260 rem
1053 1230 1161 1268 fuisse,
1185 1237 1215 1260 et
1231 1231 1405 1262 invenustae
1420 1234 1586 1274 cujusdam
1600 1241 1704 1267 tauto-

970 1282 1063 1322 logiae
1085 1297 1118 1313 w
1131 1285 1258 1313 sublime
1273 1286 1314 1314 ad
1329 1286 1444 1323 sidera,
1467 1287 1632 1325 separatim
1648 1298 1704 1327 po-

971 1335 1079 1372 situm,
1096 1334 1190 1365 affine
1205 1335 1303 1365 videri
1320 1337 1427 1375 possit.
1474 1340 1581 1370 Altum
1598 1343 1706 1372 coelum

972 1392 1003 1416 et
1018 1389 1081 1417 alca
1097 1389 1213 1425 sidera,
1235 1387 1350 1426 passim
1365 1387 1615 1429 frequentantur.

1017 1438 1092 1468 Ver.
1108 1441 1180 1468 54⁶2.
1220 1440 1322 1470 Multa
1340 1443 1438 1472 modis
1451 1444 1566 1473 multis.
1612 1443 1710 1475 Hanc

973 1490 1115 1530 ejusdem
1130 1491 1273 1521 vocabuli
1288 1492 1544 1532 duplicationem,
1565 1495 1604 1526 ad
1619 1507 1710 1527 aures

974 1541 1077 1572 hercle
1090 1553 1186 1582 quam
1197 1542 1427 1582 jucundissime
1439 1546 1646 1586 accidentem,
1658 1558 1708 1578 ar-

975 1593 1072 1632 ripuit
1088 1594 1217 1633 Virgilii
1232 1594 1329 1633 lepos,
1351 1602 1381 1626 et
1397 1596 1612 1637 frequentavit.
1659 1599 1707 1630 U-

974 1655 1054 1675 num
1081 1651 1111 1675 et
1135 1646 1269 1676 alterum
1293 1648 1475 1687 exemplum
1502 1660 1567 1680 non
1589 1651 1709 1692 pigebit

974 1697 1130 1727 adtulisse.
1156 1698 1235 1727 Geo.
1253 1697 1284 1727 ii.
1301 1701 1374 1729 327.

993 1759 1106 1788 Magnus
1117 1757 1174 1786 alit,
1186 1764 1276 1788 magno
1287 1758 1446 1783 conmixtus
1456 1765 1578 1791 corpore,
1589 1760 1672 1786 fetus.

978 1814 1054 1843 AEn.
1070 1823 1101 1843 x.
1118 1817 1189 1843 842.

1096 1872 1228 1905 ingentem,
1240 1877 1323 1905 atque
1335 1874 1430 1907 ingenti
1440 1876 1550 1902 volnere
1560 1877 1676 1904 victum.

978 1931 1064 1962 Vide
1086 1942 1143 1961 nos
1165 1932 1205 1962 ad
1228 1943 1296 1973 geo.
1312 1933 1333 1964 i.
1356 1937 1423 1965 190.
1473 1935 1606 1967 Ovidius
1621 1937 1710 1969 deni-

978 1994 1050 2023 que,
1068 1994 1108 2013 ne
1122 1984 1240 2014 nimius
1255 1986 1315 2015 sim
1331 1986 1363 2016 in
1379 1997 1412 2017 re
1428 1987 1561 2019 minime
1577 1991 1712 2031 exquisi-

977 2036 1064 2066 tioris
1078 2036 1306 2077 intelligentiae,
1323 2044 1397 2069 met.
1413 2039 1457 2070 iii.
1471 2045 1521 2071 60.

1297 2097 1452 2130 dextrique
1462 2100 1594 2126 molarem

1009 2134 1129 2164 Sustulit,
1142 2138 1168 2159 et
1180 2143 1301 2167 magnum
1312 2144 1402 2169 magno
1413 2140 1557 2165 conamine
1567 2142 1658 2167 misit:

978 2183 1018 2214 ad
1033 2195 1128 2225 quem
1143 2184 1260 2222 locum,
1286 2187 1413 2217 Heinsii
1432 2194 1462 2218 et
1480 2189 1646 2229 Schepperi
1662 2202 1712 2222 ra-

978 2235 1117 2266 tionibus
1153 2247 1245 2267 aures
1276 2238 1358 2268 Icari
1391 2240 1525 2279 scopulis
1557 2241 1713 2274 surdiores

979 2294 1104 2329 egomet
1118 2290 1287 2319 obvertam.

1024 2341 1096 2372 Ver.
1120 2345 1193 2372 344.
1215 2345 1331 2373 solicito
1355 2350 1456 2374 motu:
1488 2345 1562 2385 agili
1585 2356 1710 2386 nempe,

980 2394 1161 2434 crebroque,
1186 2400 1221 2424 ut
1237 2404 1274 2425 ex
1290 2396 1392 2426 morbi
1409 2397 1628 2437 inquietudine
1643 2409 1711 2429 mo-

979 2451 1069 2475 vetur
1101 2444 1223 2485 aliquis,
1258 2447 1447 2478 cruciatibus
1480 2449 1626 2488 agitatuS,
1664 2451 1713 2481 vel

980 2497 1079 2527 animi
1106 2497 1264 2528 districtus
1287 2499 1487 2539 aegritudine:
1515 2501 1550 2530 in
1571 2512 1634 2542 quo
1655 2513 1710 2543 ge-

979 2559 1054 2579 nere
1075 2549 1167 2579 nobis
1188 2549 1359 2590 imaginem
1384 2551 1643 2590 perfectissimam
1657 2553 1711 2585 de-

979 2601 1081 2640 pinxit
1095 2601 1258 2639 po'e'tarum
1272 2608 1372 2641 pater,
1393 2602 1432 2633 Il.
1451 2610 1495 2634 Ω.
1515 2607 1544 2636 5.

1263 2672 1381 2707 εντρεφεέ
1394 2673 1448 2700 ενθαι
1460 2685 1507 2701 και
1519 2675 1623 2706 evoca,—

1019 2719 1115 2745 Amm’
1127 2730 1163 2746 ετι
1174 2724 1280 2755 ετλευρας
1291 2731 1484 2756 κατακειμενος,
1495 2727 1589 2750 azlor}
1598 2723 1620 2750 δ’
1630 2733 1692 2751 αντε

1016 2766 1128 2797 'Yon-103,
1140 2772 1234 2792 αλλοτε
1246 2768 1270 2793 δε
1280 2779 1374 2803 πρπνπς.

981 2832 1106 2870 Noster,
1122 2833 1160 2862 vi.
1181 2836 1270 2865 1036.

1072 2899 1170 2924 Soliciro
1180 2905 1248 2925 motu
1258 2909 1363 2934 semper
1370 2903 1497 2934 jactatur.

981 2958 1145 2998 Virgilius,
1164 2959 1239 2989 AEn.
1254 2959 1306 2990 xii.
1324 2964 1395 2992 404.
