1894 3253
628 237 865 287 LIBER
911 232 1222 284 PRIMUS.
1623 236 1683 280 35

328 371 455 415 Unde
475 371 614 412 anima
634 379 757 427 atque
778 369 904 412 animi
926 375 1084 411 constet
1105 374 1267 416 natura,
1290 363 1528 407 videndum:

329 446 387 488 Et
407 462 500 502 quae
521 462 599 497 res,
622 446 741 487 nobis
761 444 1023 502 vigilantibus
1044 443 1179 493 obvia,
1202 441 1374 482 menteis

330 521 564 571 Terrificet,
587 521 735 561 morbo
756 518 939 569 adfectis,
967 532 1193 572 somnoque
1213 515 1398 571 sepultis3

213 599 290 636 135
324 595 505 636 Cernere
524 596 584 636 uti
605 594 818 635 videamur
838 608 922 643 eos,
945 592 1170 646 audireque
1190 605 1349 640 coram,

327 669 470 710 Morte
490 668 601 710 obita
622 683 800 725 quorum
821 666 937 708 tellus
959 665 1218 721 amplectitur
1239 679 1341 705 ossa.

181 814 204 830 “
219 809 262 841 sic
278 815 308 840 et
324 809 492 850 Virgilius,
510 809 587 839 AEn.
605 809 638 839 ii.
659 812 728 841 189.

210 872 230 886 ‘⁴
243 871 377 895 Invadunt
388 870 495 900 urbem,
507 877 590 894 romno
603 870 720 901 vinoque
731 869 884 901 sepultam.”

182 921 353 958 Caeterum,
369 919 490 950 mavult
500 919 675 956 Bentleius‚
694 923 715 937 “
725 929 869 949 somnove
876 917 910 948 .·'’

180 971 214 1002 id
243 978 349 1002 tamen
372 971 424 1000 vix
449 976 627 1000 memoratu
655 970 789 1010 dignum
815 968 912 999 videri

181 1023 288 1062 possit,
305 1022 365 1052 nisi
380 1021 464 1063 quod
487 1021 586 1051 nolim
608 1020 843 1060 praetermittere
865 1019 913 1050 vel

181 1074 371 1105 levissimam
385 1074 464 1104 tanti
479 1073 537 1102 viri
554 1072 771 1112 suspicionem.

224 1127 301 1157 Ver.
321 1129 390 1157 155.
417 1128 561 1156 Cernere:
589 1126 626 1155 B.
648 1126 812 1155 cernimur.
850 1124 916 1154 Pro

181 1181 241 1216 uti,
260 1178 299 1209 V.
315 1177 363 1208 ed.
380 1184 422 1208 Π.
442 1184 487 1208 Ω.
503 1183 554 1208 ut:
580 1182 611 1206 et
622 1177 660 1207 B.
673 1179 782 1206 audire
795 1187 913 1206 coram-

182 1242 256 1271 que:
282 1229 419 1260 offensus
432 1229 543 1269 utique
557 1228 723 1267 positione,
741 1237 836 1267 quam
858 1227 910 1257 hic

181 1281 301 1312 obtinet
316 1294 350 1311 ero
365 1291 433 1320 que,
457 1289 523 1309 non
544 1278 667 1319 ingrata
692 1278 851 1316 Lucretio,
875 1284 912 1308 ut

181 1338 219 1367 ut
232 1332 360 1362 ausibus
374 1330 476 1371 magis
491 1330 658 1360 fastidiosis
678 1329 914 1370 insequentium

181 1383 345 1423 poetarum
359 1382 467 1412 minus
477 1381 630 1423 jucunda.
656 1381 736 1411 Vice
747 1393 861 1418 coram,
872 1381 914 1412 V.

182 1435 231 1466 ed.
247 1447 388 1467 coronam
406 1435 538 1465 exhibet.

226 1488 308 1519 Ibid.
328 1490 453 1519 Cernere
465 1499 576 1518 coram.
594 1487 697 1523 Maro,
711 1486 787 1516 AEn.
798 1485 830 1517 ii.
843 1489 914 1517 558.

350 1547 396 1578 qui
406 1546 463 1571 nati
471 1553 556 1571 coram
566 1552 612 1570 me
624 1553 722 1570 cernere
733 1545 820 1569 letum

244 1587 350 1612 Fecisti.

224 1635 301 1666 Ver.
325 1639 394 1667 156.
420 1636 521 1666 M'orte
543 1631 633 1665 obita.
674 1633 914 1674 Infrequentior

184 1687 250 1717 haec
266 1693 312 1717 est
326 1687 465 1717 nominis
479 1697 516 1716 ac
531 1686 615 1716 verbi
631 1681 827 1715 consociatio.
869 1685 916 1715 Si-

186 1738 303 1769 militer
318 1745 425 1769 autem
441 1738 621 1775 Terentius,
638 1737 722 1767 And.
738 1737 758 1767 i.
774 1740 804 1767 3.
821 1740 868 1766 18.

283 1799 306 1822 Is
316 1798 374 1823 obiit
385 1800 487 1821 mortem
496 1805 504 1821 .-

188 1848 244 1878 ubi
259 1847 302 1877 sic
319 1847 479 1876 Donatus:
508 1848 530 1863 “
547 1845 647 1875 Plene
662 1844 751 1882 dixit,
769 1845 854 1884 quod
865 1855 922 1874 nos

190 1902 212 1917 “
227 1900 301 1929 obiit
316 1903 451 1927 tantum.
485 1895 640 1936 Virgilius
657 1896 748 1936 (AEn.
765 1905 794 1925 x.
812 1896 915 1936 641.):

220 1957 240 1970 ‘⁶
252 1958 333 1980 Morte
343 1955 409 1980 obita}
422 1955 512 1986 quales
523 1953 596 1978 fama
607 1958 646 1978 est
660 1953 771 1978 volitare
783 1953 909 1985 figuras.’'

191 2004 357 2035 Nonnulla
373 2003 529 2044 congessit
551 2002 692 2041 exempla
716 2002 917 2032 Drakenbor-

189 2057 279 2086 chius
300 2056 339 2086 ad
365 2056 417 2086 Sil.
443 2055 515 2085 Ital.
539 2054 572 2084 ii.
592 2057 665 2084 574.
690 2054 920 2084 nobilissimum

189 2107 308 2146 locum,
330 2108 456 2138 Venere
474 2106 654 2146 Gratiisque
669 2105 873 2143 elaboratum,
890 2113 921 2136 et

189 2160 411 2201 dignissimum
426 2169 512 2196 sane,
534 2158 599 2198 qui,
615 2157 730 2196 politus
744 2157 815 2187 mea
829 2159 917 2188 casti-

190 2212 328 2254 gatione,
344 2211 456 2241 nativis
471 2210 641 2240 honoribus
655 2210 818 2250 effulgeat:

223 2279 310 2309 Felix,
321 2281 421 2308 Mune,
433 2278 515 2308 necis,
531 2277 672 2309 patriaque
682 2277 823 2309 superstite
833 2277 916 2302 felix!

222 2321 259 2345 At
271 2326 328 2349 nos,
340 2319 450 2343 Sidoniis
460 2318 624 2342 famulatum
636 2318 765 2341 matribus
775 2320 859 2347 actas,

223 2361 283 2383 Post
291 2359 353 2383 belli
363 2366 447 2388 casus,
458 2358 579 2389 vastique
590 2357 707 2389 pericula
718 2357 803 2389 ponti.

225 2398 359 2430 Karthago
370 2398 479 2429 aspiciet
488 2397 604 2421 victrix:
617 2396 792 2427 tandemque,
804 2396 921 2429 suprema

225 2441 300 2463 Nocte
310 2437 387 2467 obilli,
398 2437 492 2469 Libyae
505 2437 607 2469 gremio
618 2437 724 2468 captiva
732 2437 836 2468 jacebo.

196 2495 316 2536 Vulgo,
345 2506 527 2534 supremum.
577 2495 776 2525 {Mantuanus
804 2500 922 2532 autem,

195 2558 291 2589 quem
306 2547 339 2576 in
355 2547 404 2576 his
418 2546 555 2576 versibus
577 2551 623 2575 ter
649 2546 760 2576 saltem
782 2546 924 2576 imitatus

195 2605 242 2629 est
272 2598 469 2628 Punicorum
489 2596 630 2636 scriptor,
658 2597 744 2627 haud
766 2597 854 2627 aliter
882 2597 923 2628 ad

196 2650 272 2680 AEn.
289 2649 327 2679 vi.
340 2652 413 2680 515.

227 2720 291 2728 --
299 2710 331 2731 ut
342 2710 483 2738 supremam
495 2705 560 2730 falsa
571 2705 642 2730 inter
652 2705 748 2737 gaudia
758 2709 853 2731 noctem

227 2747 376 2779 Egerimus,
387 2747 466 2771 nosti.

202 2798 324 2827 Gremio
340 2803 447 2827 autem
462 2795 610 2833 Telluris,
635 2801 672 2825 ut
695 2805 764 2835 quae
778 2794 927 2825 maternis

199 2847 360 2878 affectibus
370 2849 404 2878 in
420 2849 491 2878 sinu
502 2847 616 2885 foveat,
632 2853 663 2877 et
677 2846 760 2877 ulnis
771 2846 924 2886 complec-

199 2903 297 2939 ἴαται-ς
320 2900 364 2932 sic
378 2906 415 2934 ut
428 2900 463 2932 in
486 2900 556 2932 loco
571 2910 676 2932 coram
691 2899 792 2940 posito
806 2899 924 2930 Lucre-

955 807 1025 838 tius.
1061 806 1154 837 Prior
1171 804 1259 843 Silio,
1275 809 1360 834 vates
1372 802 1456 833 idem
1471 802 1606 842 divinus,
1621 811 1688 834 non

955 860 1124 890 immemor
1138 857 1292 898 magistri,
1311 857 1385 887 AEn.
1405 866 1431 886 V.
1448 858 1499 885 51.

986 939 1018 945 —
1028 932 1090 957 quae
1102 924 1267 950 Dardanium
1279 923 1351 948 tellus
1362 922 1428 947 mihi
1438 926 1526 947 servat
1537 922 1662 951 Acesten,

988 966 1020 989 Et
1031 964 1113 996 patris
1123 963 1248 988 Anchisae
1257 962 1352 994 gremio
1364 961 1534 994 complectitur
1543 969 1608 986 msa.

960 1021 1021 1052 Sed
1036 1022 1068 1051 in
1086 1022 1144 1052 hac
1167 1018 1323 1061 elegantia
1345 1018 1596 1050 commendanda
1618 1019 1689 1060 quis

959 1073 1182 1103 mollissimum
1200 1072 1401 1111 Meleagrum
1411 1069 1630 1111 aequiparavit?
1655 1081 1688 1101 e-

959 1125 1022 1165 pig.
1037 1125 1095 1154 cix,
1112 1124 1251 1154 Brunck.
1268 1123 1399 1153 analect.

997 1189 1076 1213 Αλλα.
1087 1197 1114 1213 σε
1125 1198 1250 1220 ramum,
1262 1188 1308 1212 ΓΑ
1320 1193 1449 1221 erma-gaci,
1461 1197 1508 1212 ταν
1519 1186 1666 1221 πανοδυξτον

1036 1236 1129 1270 Ηςεμοι
1140 1245 1188 1262 σοις
1202 1234 1369 1264 ΚΟΛΠΟΙΣ,
1386 1234 1521 1264 MATEP,
1534 1233 1689 1260 ENArKA·

1151 1282 1260 1308 ΛΙΣΑῙ.

958 1334 1084 1365 Plinius
1099 1341 1218 1373 autem,
1239 1340 1302 1365 nat.
1318 1333 1391 1363 hist.
1415 1333 1448 1363 ii.
1463 1336 1513 1364 65.
1536 1338 1567 1363 et
1581 1333 1690 1364 locum

959 1397 1064 1417 coram
1080 1387 1182 1425 nobis,
1198 1392 1229 1417 et
1244 1397 1329 1422 eum,
1353 1385 1408 1426 qui
1423 1396 1498 1415 mox
1520 1386 1624 1416 veniet
1649 1386 1690 1417 ad

958 1449 1018 1469 ver.
1035 1442 1106 1470 252.
1129 1449 1203 1469 cum
1217 1438 1249 1468 ii.
1266 1442 1337 1469 997.
1360 1437 1495 1467 illustrat
1510 1436 1692 1468 felicissima

959 1491 1184 1522 convenientia.
1230 1494 1252 1510 “
1271 1490 1418 1531 Sequitur
1433 1490 1542 1527 Terra,
1558 1490 1609 1520 cui
1631 1490 1692 1520 uni

962 1547 984 1562 “
1001 1554 1108 1574 rerum
1130 1550 1250 1574 naturae
1272 1543 1421 1583 partium,
1437 1542 1553 1572 eximia
1566 1547 1692 1581 propter

961 1598 982 1613 “
998 1595 1118 1633 merita,
1142 1605 1320 1636 cognomen
1341 1594 1516 1624 indidimus
1538 1598 1690 1624 maternae

960 1649 981 1664 “
997 1646 1213 1677 venerationis.
1275 1646 1326 1676 Sic
1354 1645 1523 1675 hominum
1552 1643 1616 1681 illa,
1653 1648 1692 1675 ut

961 1701 982 1716 “
998 1698 1113 1728 coelum
1129 1698 1192 1728 dei:
1219 1707 1288 1737 quae
1312 1706 1369 1726 nos
1383 1701 1545 1726 nascentes
1561 1695 1686 1734 excipit,

962 1752 984 1767 “
1000 1755 1090 1778 natos
1105 1749 1172 1786 alit,
1188 1747 1346 1787 semelque
1359 1746 1457 1776 editos
1466 1746 1598 1775 sustinet
1608 1755 1691 1775 sem-

962 1802 983 1817 “
1001 1810 1067 1838 per:
1095 1800 1274 1837 novissime,
1291 1801 1441 1838 complexa
1456 1800 1585 1837 gremio,
1593 1798 1692 1838 jaina

968 1854 991 1868 “
1008 1851 1128 1891 reliqua
1146 1851 1258 1881 natura
1273 1851 1445 1887 abdicatos,
1465 1856 1534 1879 tum
1556 1850 1695 1880 maxime

967 1905 988 1920 ‘⁶
1004 1909 1040 1932 ut
1055 1909 1168 1939 mater,
1193 1901 1364 1941 operiens.”
1409 1902 1512 1931 Vetus
1534 1901 1695 1942 inscriptio

962 1954 995 1983 in
1015 1953 1144 1983 Anthol.
1160 1954 1229 1983 Lat.
1246 1954 1357 1983 Burm-
1374 1952 1426 1982 lib.
1442 1953 1481 1982 iv.
1501 1963 1548 1992 ep.
1563 1957 1637 1985 554.

994 2021 1072 2051 Diva,
1084 2028 1188 2053 precor,
1200 2021 1292 2051 Tellus,
1303 2021 1368 2046 alvo
1378 2021 1542 2053 complectere,
1552 2026 1656 2054 sancta,

1027 2062 1117 2091 Ossua,
1130 2068 1246 2092 quorum
1258 2061 1285 2084 in
1298 2061 1349 2085 hoc
1361 2061 1471 2086 nomina
1482 2064 1545 2085 sunt
1555 2060 1652 2093 lapide.

965 2110 1016 2140 Ita
1037 2111 1304 2151 interpungimus,
1330 2117 1367 2140 nt
1393 2110 1499 2141 redeat
1522 2116 1628 2141 sancta
1653 2110 1694 2142 ad

968 2163 999 2192 T
995 2164 1088 2198 ellus;
1107 2169 1137 2192 et
1152 2162 1265 2192 rectius
1276 2162 1418 2200 fortasse,
1435 2171 1531 2202 quam
1542 2161 1576 2190 in
1591 2161 1695 2193 editis.

1004 2215 1186 2244 Ausonium
1200 2214 1335 2254 denique
1348 2213 1382 2243 in
1393 2212 1527 2242 transitu
1536 2212 1695 2243 emacula-

963 2273 1033 2297 tum
1048 2267 1205 2305 dabimus,
1220 2266 1269 2296 Id.
1285 2266 1324 2296 vi.
1343 2269 1391 2295 14.
1407 2265 1469 2295 huc
1484 2263 1668 2294 facientem:

993 2335 1091 2359 Omnia
1102 2341 1175 2366 quae,
1187 2333 1301 2358 lacrimis
1309 2337 1337 2358 et
1346 2332 1480 2357 amoribus
1489 2331 1571 2356 anxia
1579 2331 1697 2362 maestis,

995 2375 1130 2398 Exercent
1140 2380 1284 2403 memores,
1295 2372 1362 2397 obita}
1371 2373 1427 2403 jam
1439 2374 1525 2401 morte,
1536 2370 1628 2394 dolores
1634 2378 1648 2399 ;

996 2416 1094 2438 Rursus
1102 2413 1129 2437 in
1137 2413 1264 2438 amissum
1275 2415 1451 2444 revocantque
1459 2410 1581 2435 heroidas
1589 2416 1694 2436 aevum.

969 2472 1010 2502 In
1025 2470 1160 2511 vulgatis
1181 2470 1298 2511 legitur
1319 2471 1444 2506 doloris,
1468 2474 1498 2498 et
1521 2468 1607 2497 abest
1629 2478 1696 2508 que,

967 2523 1094 2554 Multus
1109 2529 1155 2553 est
1169 2523 1203 2552 in
1226 2524 1284 2552 hac
1307 2520 1468 2551 locutione
1494 2518 1634 2555 Tacitus,
1657 2525 1695 2550 ut

966 2575 1020 2616 qui
1034 2575 1130 2605 fuerit
1144 2574 1247 2604 colore
1261 2572 1381 2612 po'eltico
1403 2568 1554 2600 sermonis
1576 2569 1696 2600 studio-

966 2627 1106 2657 sissimus
1121 2626 1289 2661 affectator,
1305 2629 1335 2654 et
1350 2623 1384 2653 in
1398 2621 1506 2662 primis
1517 2621 1695 2652 amantissi-

967 2689 1040 2708 mus
1055 2677 1190 2718 Virgilii.

1012 2729 1086 2760 Ver.
1106 2732 1174 2759 157.
1189 2729 1306 2758 animi:
1325 2726 1368 2757 V.
1381 2725 1430 2756 ed.
1442 2725 1480 2756 B.
1491 2731 1534 2756 Π.
1552 2725 1694 2755 animus.-

968 2781 1019 2811 cui
1034 2790 1098 2810 non
1114 2779 1197 2809 favet
1211 2777 1374 2808 variationi
1395 2777 1444 2807 vel
1464 2787 1492 2807 v.
1509 2780 1560 2808 98.
1582 2775 1631 2806 vel
1653 2775 1693 2805 si-

969 2832 1052 2862 milis
1069 2831 1196 2871 Virgilii
1206 2836 1370 2868 structura,
1385 2829 1426 2860 ad
1441 2830 1518 2860 AEn.
1534 2828 1574 2858 iv.
1594 2831 1644 2859 96.

985 2894 1034 2917 Nec
1046 2897 1084 2916 me
1095 2891 1162 2916 adeo
1163 2889 1250 2923 fallit,
1261 2889 1375 2916 veritam
1385 2893 1414 2915 te
1424 2888 1528 2914 moenia
1538 2889 1668 2912 nostra—.
