1894 3253
664 228 900 279 LIBER

949 227 1262 278 PRIMUS.
1584 235 1668 276 101

310 359 669 402 Conlabefactatus
689 362 804 418 rigor
824 361 914 402 auri
936 359 1105 401 solvitur
1126 367 1247 401 aestu:
1269 373 1272 376 ·

313 435 427 476 Turn
447 435 595 492 glacies
617 436 726 486 aeris,
747 434 914 475 flammai
935 434 1110 484 devicta,
1133 432 1335 490 liquescit:

196 513 277 550 495
312 509 536 551 Permanat
556 510 666 551 calor
686 517 924 566 argentum,
955 508 1246 564 penetraleque
1266 507 1413 565 frigus;

313 583 499 633 Quando
518 592 740 640 utrumque
761 597 905 632 manu,
926 583 1148 623 retinentes
1168 582 1317 637 pocula
1338 583 1431 633 rite,

209 738 284 768 Ver.
311 741 384 770 494.
413 739 511 768 Tum:
548 738 585 768 L.
613 743 648 769 Δ.
681 738 896 769 cum—ceris:

167 789 204 820 P.
221 789 261 820 Ο.
284 792 370 825 amri,-
397 789 497 820 Vind.
515 789 552 820 Β.
569 792 661 820 acris.

212 841 293 872 Ibid.
314 843 430 881 glacies
441 844 522 873 ceris.
556 842 680 880 Habes,
692 841 799 878 lector,
810 851 898 882 egre-

163 893 225 934 giae
247 893 419 923 venustatis
440 893 647 932 locutionem,
675 899 707 923 et
732 893 900 933 ingenium

162 944 341 975 felicissime
364 944 468 975 audax
490 944 723 983 praedjcantem.
777 946 899 975 Glacies

164 997 254 1026 ceris:
290 996 309 1026 i.
331 1006 357 1026 e.
392 999 415 1014 “
432 1006 485 1033 aes,
510 1002 673 1035 utcunque
699 995 739 1025 sit
761 997 896 1035 gelidum

165 1049 413 1087 “rigidumque,
442 1047 582 1077 flammae
614 1046 758 1085 potestati
783 1046 898 1077 ceditss’

168 1098 346 1135 Homerus,
366 1098 403 1128 Il.
422 1103 454 1128 E.
473 1101 522 1129 75.

333 1161 482 1185 *FYXPON
493 1160 514 1186 δ’
525 1160 563 1186 ἕλε
577 1161 725 1187 XAAKON
735 1160 826 1187 αδεσπ,

168 1213 298 1252 Statius,
315 1213 417 1244 Theb.
435 1213 477 1243 xi.
495 1216 568 1244 545.

196 1281 254 1311 Ille,
266 1281 358 1306 dolens
368 1281 502 1310 nondum,
512 1281 558 1306 sed
560 1281 631 1311 ferri
635 1280 736 1313 frigore
746 1281 835 1313 primo

199 1321 334 1350 Territus,
345 1321 372 1344 in
383 1321 510 1352 clypeum
523 1321 644 1345 turbatos
654 1320 756 1352 colligit
767 1325 850 1345 artus.

166 1381 210 1411 Et
238 1381 287 1410 his
316 1380 530 1411 lautissimum
558 1380 678 1410 Sidonii
705 1381 900 1420 Apollinaris

165 1433 322 1463 ferculum
339 1433 454 1472 apponi
470 1439 620 1471 meretur,
637 1434 719 1463 xxiv.
736 1437 788 1465 55.

291 1494 341 1517 Seu
353 1495 447 1516 contra
458 1492 543 1516 rabidi
551 1492 634 1517 leonis
646 1486 727 1517 aes'tus

291 1532 479 1564 Vestitfrigare
488 1540 643 1557 marmorum
655 1537 774 1564 penates.

212 1582 292 1613 Ibid.
305 1584 449 1623 flammis
464 1583 591 1613 devicta.

167 1634 209 1665 iii.
227 1639 299 1666 560.

636 1582 804 1623 Virgilius,
829 1593 898 1624 geo.

457 1700 508 1718 nec
520 1693 622 1719 viscera
633 1693 776 1725 quisquam

199 1735 255 1758 Aut
268 1734 345 1758 undis
356 1733 463 1759 abolere
473 1738 573 1766 potest,
584 1738 630 1758 aut
643 1734 873 1764 vincereflammci.

212 1783 287 1814 Ver.
314 1786 389 1814 495.
429 1786 598 1814 Permanat
628 1786 720 1814 calor.
766 1783 903 1823 Egregie

169 1845 254 1871 vero,
280 1842 373 1876 atque
390 1842 427 1866 ut
448 1837 607 1876 optimum
632 1837 758 1876 po‘e'tam
784 1837 902 1875 decuit,

170 1896 245 1915 cum
262 1889 389 1928 fluidus
413 1887 498 1917 calor
524 1887 576 1918 sit:
602 1888 709 1917 redeas
738 1898 798 1918 ver.
827 1891 901 1919 490.

171 1944 202 1967 et
217 1938 302 1968 locos
324 1938 367 1968 ibi
390 1938 542 1970 laudatos.
587 1939 759 1980 Eleganter
785 1939 818 1970 in
844 1941 902 1970 hac

171 1989 302 2020 materie
321 1990 480 2029 Catullus,
497 1990 529 2021 li.
547 1995 574 2022 9.

492 2049 578 2073 tenuis
589 2049 637 2072 sub
648 2051 722 2073 artus

264 2088 376 2112 Flamma
388 2087 515 2113 dimanat.

173 2138 248 2168 Non
274 2139 397 2169 minore
423 2150 498 2170 cum
520 2139 712 2169 sublimitate
736 2139 902 2180 Virgilius,

171 2201 269 2231 quam
284 2191 452 2232 elegantia,
468 2193 550 2222 hanc
567 2191 765 2221 tralationem
781 2191 903 2230 extulit,

174 2243 215 2272 ad
232 2244 306 2274 AEn.
324 2254 353 2274 x.
370 2246 444 2275 2270.

204 2309 288 2334 Ardet
298 2316 369 2341 apex
381 2309 472 2342 capiti,
484 2310 623 2341 cristisque
634 2317 649 2334 a
658 2310 760 2335 vertice
762 2309 871 2340 flamma

204 2347 339 2379 Funditur,
350 2353 377 2373 et
389 2353 477 2373 vastos
488 2350 573 2374 umbo
585 2349 670 2373 vomit
681 2356 776 2374 aureus
788 2349 852 2381 ignis
862 2358 870 2374 :

173 2411 211 2434 ut
243 2409 266 2424 “
281 2406 381 2436 vomit
405 2407 555 2444 undam,’'
581 2418 649 2447 gen.
674 2408 708 2438 ii.
731 2411 803 2439 462.
843 2407 905 2438 Sed

175 2455 250 2485 felix
278 2457 407 2486 audacia
436 2457 557 2487 Sidonii
575 2458 770 2497 Apollinaris
795 2469 905 2488 omnes

174 2506 284 2546 procul
299 2518 317 2537 a
333 2518 365 2537 se
381 2507 516 2547 reliquit,
534 2509 595 2538 xvi.
611 2512 661 2538 24.

208 2577 313 2608 Quique
324 2578 407 2601 trium
419 2577 556 2608 quondam
568 2585 714 2609 puerorum
726 2578 753 2602 in
770 2577 849 2604 fauce
864 2586 905 2603 so-

298 2617 377 2646 uasti,

206 2656 289 2687 Quos,
303 2656 330 2680 in
343 2656 466 2680 Chaldaei
477 2657 576 2688 positos
587 2656 697 2681 fornace
709 2658 827 2690 tyranni,

206 2697 310 2722 Roscida
323 2699 466 2723 combusto
476 2698 608 2730 madefecit
612 2699 721 2729 flamma
734 2701 855 2725 camino:

175 2756 264 2796 quasi
285 2757 481 2797 refrigeraret
506 2756 610 2795 potius
633 2757 787 2794 caminus,
809 2768 906 2798 quam

174 2805 308 2838 laederet.
340 2808 446 2844 Quem
457 2808 510 2844 sic,
522 2807 644 2847 optimo
659 2818 734 2838 cum
748 2818 903 2847 successu,

177 2867 270 2888 ausus
291 2865 337 2889 est
365 2860 513 2890 Sedulius
534 2860 664 2898 imitari,
694 2861 775 2891 hanc
804 2861 903 2900 ipsam

173 2907 337 2940 historiam
353 2911 522 2952 attingens,
538 2921 632 2942 carm.
650 2911 670 2942 i.
688 2915 758 2941 218.

1295 736 1426 768 flagrante
1436 736 1531 762 camini

1038 775 1161 801 servavit
1172 776 1220 799 sub
1232 781 1287 799 rore
1299 776 1365 807 pios.

946 825 997 855 Ita
1012 825 1213 866 castigandus
1228 831 1288 856 est:
1307 825 1415 866 vulgo,
1429 828 1558 857 camino.
1593 827 1682 858 Con-

945 878 992 907 fer
1007 878 1113 909 locum
1128 878 1293 917 Euripidis
1309 880 1366 908 sub
1382 889 1441 909 ver.
1459 883 1530 910 536.
1547 880 1678 920 hujusce

945 929 1027 960 libri.

992 981 1072 1016 Ibid‚
1105 984 1263 1022 penetrale
1286 982 1414 1022 frigus:
1451 983 1538 1024 quasi
1571 983 1680 1024 jacula

946 1035 1054 1065 tenuia
1068 1041 1161 1075 atque
1177 1034 1352 1074 cuspidatas
1367 1035 1535 1075 particulas
1560 1036 1680 1066 immit-

946 1092 1023 1116 tens.
1047 1086 1183 1116 Pulchre
1196 1086 1368 1124 Ausonius,
1381 1087 1436 1127 qui
1451 1087 1484 1117 in
1497 1093 1678 1118 transcursu

946 1138 1178 1175 emendabitur,
1194 1138 1279 1178 idyll.
1296 1139 1358 1169 viii.
1378 1142 1427 1169 10.

1005 1208 1128 1232 Mordeat
1139 1209 1292 1233 Autumnas
1299 1208 1390 1240 frigus
1400 1208 1488 1233 subtile
1498 1210 1616 1241 pruinas,

1007 1250 1039 1273 Et
1050 1253 1161 1273 tenuata
1171 1249 1246 1273 moris
1258 1253 1341 1274 cesset
1352 1249 1533 1274 mediocribus
1545 1253 1634 1275 aestas.

945 1307 1064 1348 Vulgo,
1076 1309 1174 1339 modis
1181 1323 1191 1343 ‚·
1211 1307 1414 1348 ineptissime.
1438 1308 1482 1338 Et
1493 1309 1536 1339 sic
1549 1310 1679 1341 fortasse

945 1360 1059 1391 rectius
1074 1360 1160 1399 prior
1173 1371 1279 1391 versus
1293 1362 1487 1400 procederet:

1007 1422 1129 1445 Mordeat
1142 1422 1284 1445 Autumnos
1294 1420 1378 1453 frigus
1388 1421 1485 1446 subtile
1493 1422 1595 1454 pruinis
1604 1432 1613 1448 .-

945 1469 1069 1508 respicit
1094 1475 1201 1499 autem
1228 1470 1320 1509 poeta
1336 1470 1427 1510 Virg.
1453 1481 1520 1511 geo.
1546 1471 1580 1502 ii.
1603 1475 1676 1503 521.

946 1522 989 1550 Et
1004 1521 1184 1551 suavissime
1200 1522 1284 1561 apud
1301 1522 1444 1562 ejusdem
1457 1524 1593 1554 Ausonii
1605 1525 1677 1555 edit.

947 1573 1061 1612 Deiph.
1078 1584 1106 1612 p.
1122 1577 1196 1605 425.
1224 1575 1263 1609 Q.
1282 1575 1406 1605 Cicero:

1005 1631 1080 1663 Pigra
1092 1631 1283 1663 sagittipotens
1287 1631 1423 1663 jaculatur
1424 1631 1528 1664 frigora
1539 1633 1630 1657 terris:

946 1680 1030 1711 unde
1053 1695 1086 1712 ero
1100 1687 1225 1712 aeneum
1238 1683 1309 1720 gelu
1326 1681 1466 1711 Horatii.
1515 1683 1672 1723 Denique,

945 1733 1130 1763 Lucretium
1146 1733 1188 1763 sic
1205 1733 1354 1772 expressit
1369 1734 1476 1771 Maro,
1501 1744 1570 1774 geo.
1585 1735 1605 1765 i.
1624 1739 1674 1767 95.

1111 1803 1158 1824 aut
1170 1800 1264 1824 Borea:
1273 1799 1425 1831 penetrabile
1427 1799 1518 1831 frigus
1528 1800 1634 1825 adurat.

990 1859 1066 1889 Ver.
1084 1863 1157 1891 496.
1180 1865 1361 1899 ult-umque:
1388 1859 1429 1889 V.
1445 1858 1492 1888 ed.
1509 1861 1676 1900 utrinque,-

948 1910 986 1940 B.
1016 1917 1198 1950 utramquffl
1236 1910 1274 1941 Ο.
1305 1913 1674 1950 utraque.—retinentes.·

949 1962 988 1992 G.
1007 1968 1049 1992 Π.
1073 1963 1244 1992 retinentis.

993 2013 1072 2043 Ibid.
1109 2015 1283 2044 retinentes.
1323 2012 1415 2042 Idem
1440 2012 1523 2043 valet
1544 2013 1679 2053 simplici

947 2071 1079 2095 tenentes
1097 2064 1129 2094 in
1144 2065 1204 2094 hoc
1221 2063 1299 2094 loco.
1346 2064 1398 2094 Ita
1415 2064 1525 2094 Cicero
1539 2064 1572 2094 in
1590 2065 1679 2097 verr.

947 2116 985 2146 iv.
1003 2120 1052 2146 84.
1099 2119 1119 2134 “
1139 2116 1269 2155 Sagittae
1283 2115 1463 2155 pendebant
1477 2117 1515 2145 ab
1527 2116 1681 2154 humer05

949 2174 971 2189 “
987 2169 1111 2200 sinistra
1130 2180 1230 2199 manu
1251 2171 1401 2200 retinebat
1422 2180 1545 2207 arcum3
1570 2170 1679 2202 dextra

949 2225 970 2240 “
987 2221 1149 2251 ardentem
1163 2221 1265 2251 facem
1275 2221 1496 2260 praeferebat:’‘
1512 2227 1549 2251 ut
1560 2229 1677 2260 noster,

947 2274 978 2304 ii.
996 2277 1048 2305 2⁷5.

979 2343 1128 2375 Lampadas
1140 2342 1264 2374 igniferas
1276 2342 1392 2367 manibus
1403 2341 1536 2366 mimalia
1548 2343 1662 2367 dextris·-

950 2393 1043 2423 Adde
1062 2393 1236 2431 Catullum,
1253 2393 1318 2423 lxii.
1334 2396 1384 2423 65.

981 2461 1040 2483 Non
1053 2459 1123 2483 flavo
1135 2458 1243 2483 retinens
1253 2458 1377 2483 subtilem
1390 2458 1491 2483 vertice
1499 2457 1600 2482 mitram
1609 2467 1618 2482 :

949 2528 1046 2558 quem
1073 2518 1214 2558 sequitur
1243 2521 1351 2547 auctor
1380 2516 1471 2551 Ciris,
1501 2525 1578 2546 verr.
1605 2519 1679 2548 170.

950 2572 1022 2600 511.
1046 2569 1131 2599 unde
1153 2569 1233 2598 nihil
1259 2574 1304 2598 est
1325 2568 1358 2596 in
1375 2567 1546 2597 Theocrito
1561 2577 1678 2597 novan-

949 2620 1036 2657 dum,
1052 2621 1105 2651 vii.
1123 2624 1173 2651 64.

1152 2699 1269 2724 ‹ra-seam
1283 2699 1333 2726 περι
1347 2700 1424 2725 κρατι
1439 2691 1648 2718 ΦΥΛΑΣΣΩΝ.

993 2754 1074 2785 Ibid.
1096 2755 1172 2784 rite:
1198 2753 1217 2783 i.
1241 2763 1266 2784 e.
1291 2752 1414 2783 solenni
1437 2763 1536 2791 more,
1566 2753 1614 2782 uti
1644 2752 1679 2782 fit

948 2808 982 2837 in
1008 2805 1158 2836 conviviis
1177 2810 1208 2834 et
1221 2804 1417 2842 libamentis3
1438 2805 1489 2835 cui
1504 2804 1577 2835 usui
1591 2805 1679 2845 quasi

947 2863 1146 2890 consecratur
1161 2857 1221 2887 hoc
1235 2856 1432 2893 vocabulum,
1449 2863 1480 2887 et
1494 2862 1679 2893 ornamento

947 2911 1067 2951 po'e'tico
1091 2915 1216 2940 tantum
1230 2909 1264 2939 in
1288 2909 1442 2945 hocloco,
1468 2908 1524 2939 sed
1537 2914 1678 2949 venuste.
