1894 3253
535 241 770 291 LIBER,

823 240 1242 292 SECUNDUS

1547 248 1638 290 319

290 375 541 425 Concursus,
563 384 718 426 motus;
751 390 845 431 quae
864 389 950 417 non
971 376 1162 418 animalia
1182 375 1312 417 solum

289 450 480 506 Corpora
500 451 734 508 sejtmgunt‚
757 450 828 491 sed
849 457 977 491 terras
997 465 1045 491 ac
1064 465 1178 491 mare
1197 459 1332 493 totum

289 526 532 575 Secernunt,
560 525 790 581 coelumque
808 540 832 566 a
853 525 972 565 terris
991 539 1115 565 omne
1136 533 1352 566 retentant.

343 600 468 641 Nunc
489 615 580 657 age,
603 600 729 650 dicta,
750 614 844 641 meo
864 599 973 640 dulci
994 600 1166 655 quaesita
1185 599 1338 650 labore,

175 677 256 715 730
289 675 475 729 Percipe:
508 689 561 715 ne
581 674 686 719 forte
706 675 795 715 haec
816 674 916 715 albis
937 689 991 715 ex
1012 674 1104 716 alba
1123 675 1249 716 rearis

286 748 506 804 Principiis
527 763 627 799 esse,
651 757 747 790 ante
767 748 908 790 oculos
928 763 1022 804 quae
1041 748 1219 790 candida
1238 749 1386 798 cernis3

283 823 372 864 Aut
392 837 454 873 ea,
477 837 571 878 quae
591 823 775 880 nigrant,
797 823 920 880 nigro
940 823 992 864 de
1013 823 1167 864 semine
1187 830 1299 864 nata:

285 897 400 939 Neve
421 897 546 940 alium
567 913 690 954 quem
711 899 770 939 vis
793 912 886 954 quae
907 906 1002 940 sunt
1022 897 1168 940 inbuta
1188 897 1381 949 colorem,

180 1063 258 1094 Ver.
282 1066 353 1093 726.
376 1069 472 1093 motas
498 1073 583 1102 quoe:
610 1062 650 1092 V.
677 1062 726 1092 ed.
755 1070 867 1095 motus-

138 1126 212 1155 quc;
239 1115 274 1145 P.
290 1120 444 1154 motusque
466 1119 617 1154 et.—quae
633 1113 719 1144 deest
738 1115 869 1145 omnino

141 1174 182 1198 Π.

182 1227 256 1258 Ver.
283 1230 354 1258 727.
388 1228 517 1267 Corpora
549 1227 733 1267 sejungunt:
761 1226 800 1256 V.
821 1227 867 1256 ed.

140 1281 267 1318 Corpore
280 1289 310 1309 se
323 1278 573 1318 jungune.-ac.·
603 1283 643 1307 Π.
658 1284 696 1308 et.
741 1277 782 1307 In
803 1287 865 1308 ver.

138 1332 209 1361 729.
227 1329 273 1359 M.
290 1330 386 1359 dulce.

179 1389 255 1418 Ver.
272 1391 342 1419 730.
354 1387 458 1429 force:
486 1394 526 1418 Π.
545 1389 645 1423 dicta,·
672 1387 705 1417 in
728 1387 866 1427 superio-

138 1451 206 1471 rem
232 1440 349 1470 lineam
380 1439 488 1470 oculos
517 1439 643 1470 librario
670 1440 868 1470 mittente.—

135 1495 212 1524 albis
227 1503 261 1523 ex
276 1493 363 1522 alba:
395 1492 436 1522 V.
453 1491 500 1522 ed.
518 1493 587 1522 alba
602 1503 637 1522 ez·
652 1493 743 1528 albz·s‚·
769 1492 804 1522 P.
823 1498 867 1522 Ω.

138 1555 174 1575 ex
188 1545 264 1574 albis
280 1544 359 1573 alba.

181 1602 254 1632 Ver.
282 1605 352 1633 752.
373 1603 520 1641 nigrant:
560 1601 580 1632 i.
607 1612 633 1632 e.
667 1601 758 1641 nigra
786 1607 867 1631 sunt.

139 1655 236 1685 Hanc
251 1653 387 1684 formam
402 1653 547 1684 dictionis
563 1652 716 1693 Virgilius
738 1663 866 1692 usurpa-

138 1706 190 1736 vit.
235 1704 392 1744 Exemplo
414 1704 453 1734 sit
470 1705 544 1735 AEn.
560 1714 587 1734 v.
604 1708 654 1736 97.

152 1790 264 1820 Totque
274 1795 343 1817 sues,
354 1788 482 1816 totidem,
496 1787 621 1819 nigrantis
633 1791 719 1818 terga,
728 1787 868 1817 juvenem.

139 1863 363 1899 Tertullianus,
394 1862 460 1892 adv.
490 1863 591 1892 Marc.
617 1862 656 1892 iv.
684 1866 778 1892 S.—“
793 1861 868 1892 luri-

141 1920 164 1935 “
181 1915 245 1945 dati
275 1914 496 1955 delinquentiae
525 1913 668 1951 maculis,
694 1920 726 1944 et
752 1916 872 1954 nigrati

143 1966 367 2007 “ignorantiae
391 1965 556 1995 tenebris.‘’
604 1965 782 1996 Restituam
800 1966 873 2006 jure

142 2019 261 2057 optimo
285 2017 456 2048 dictionem
480 2016 667 2054 Claudiano,
689 2023 767 2056 rapt.
785 2017 873 2048 Pros.

141 2070 184 2101 iii.
203 2074 273 2102 129.

176 2145 262 2176 Larga
275 2144 317 2168 vel
330 2144 415 2167 invito
427 2146 609 2175 prorumpunt
621 2143 732 2166 flumina
743 2143 833 2173 vultu,

173 2184 338 2214 anussaeque
348 2190 444 2207 manus
455 2182 584 2214 nigramia
595 2186 706 2214 pectora
717 2183 847 2207 tundunt.

147 2257 254 2298 Vulgo
280 2258 395 2298 legitur
419 2258 458 2288 ad
484 2257 615 2296 codices,
642 2260 804 2296 mirantia,
826 2259 874 2289 vel

146 2313 311 2340 moerentia.
344 2311 622 2346 Quemadmodum
640 2311 784 2349 Ovidius,
799 2317 873 2342 met.

145 2362 208 2392 viii.
225 2365 296 2393 555.

177 2437 354 2460 Immemores
363 2436 475 2467 decoris,
486 2436 598 2461 liventia
609 2441 719 2469 pectora
730 2439 860 2464 tundunt.

150 2511 200 2541 De
215 2510 312 2540 altera
332 2510 433 2541 forma
448 2514 564 2551 nigreo,
587 2512 630 2542 sic
647 2513 771 2543 Nonius
787 2515 875 2545 Mar-

147 2562 255 2600 cellus,
267 2563 298 2592 ii.
316 2566 386 2593 582.
433 2566 454 2581 “
472 2565 596 2603 IWgret,
620 2564 710 2604 nigra
724 2565 767 2596 fit.
814 2567 876 2597 Pa-

148 2617 170 2631 “
187 2614 296 2643 cuvius
328 2613 460 2653 Chryse:
503 2616 578 2645 Solis
607 2622 716 2646 exortu
747 2619 877 2656 capessit

148 2669 170 2684 “
187 2665 369 2703 candorem,
387 2667 503 2696 obcasu
517 2667 648 2705 m'gretss’
688 2668 738 2698 Ita
755 2671 874 2700 trocha-

145 2717 216 2748 ‘icus
231 2716 425 2747 exhibendus
440 2723 496 2747 est.
537 2717 655 2758 Vulgo,
672 2721 813 2760 Solisque.

190 2779 265 2810 Ver.
283 2783 353 2811 753.
382 2782 483 2811 Neve:
510 2781 547 2811 L.
574 2786 609 2811 Δ.
631 2786 666 2812 Σ.
693 2784 874 2814 Nive—in-

150 2831 239 2860 buta.-
267 2837 310 2861 Ω..
332 2832 465 2862 z'nbruta.
511 2832 686 2862 Lambinus
708 2834 875 2864 audacissi-

151 2891 212 2917 me,
239 2888 269 2912 et
293 2882 383 2913 illum
404 2883 501 2914 secuti
517 2884 700 2923 posteriores
716 2885 875 2915 inscitissi-

152 2941 211 2967 me,
228 2931 381 2964 dederunt
396 2937 518 2974 induta,
548 2942 655 2966 contra
670 2935 776 2967 libros:
803 2947 877 2967 nam

912 1069 1058 1104 quartum
1075 1073 1182 1093 casum
1197 1074 1269 1093 cum
1294 1063 1389 1093 simili
1405 1064 1641 1095 constructionis

913 1118 1020 1148 indole
1037 1123 1069 1147 et
1084 1116 1203 1157 passiva
1218 1127 1292 1147 voce
1308 1117 1447 1147 adhiberi
1463 1117 1641 1156 saepissime,

912 1169 980 1209 quis
1003 1169 1134 1206 dubitet,
1162 1169 1231 1209 quis
1249 1168 1390 1208 ignorat?
1414 1168 1555 1206 Tacitus,
1580 1168 1642 1198 for-

912 1220 1072 1250 mularum
1102 1220 1315 1260 antiquiorum
1345 1226 1377 1250 et
1405 1220 1643 1260 exquisitiorum

911 1277 1136 1300 structurarum
1152 1270 1271 1299 nimius
1285 1270 1454 1306 affectator,
1472 1271 1519 1301 vel
1534 1271 1568 1300 in
1582 1272 1641 1301 hoc

911 1322 1073 1360 vocabulo,
1105 1322 1144 1352 ad
1176 1321 1315 1352 Lucretii
1352 1332 1485 1358 morem,
1523 1322 1644 1353 omissae

911 1374 1140 1414 praepositionis
1149 1374 1330 1413 exemplum
1342 1374 1561 1414 suppeditavit,
1571 1375 1641 1404 hist.

911 1435 938 1456 v.
954 1428 1048 1457 5.-“
1064 1436 1121 1455 nec
1143 1428 1311 1466 quidquam
1342 1426 1430 1464 prius
1451 1427 1643 1464 imbuuntur,

912 1480 934 1495 “
951 1488 1046 1518 quam
1068 1483 1268 1508 contemnere
1291 1477 1376 1515 deos,
1407 1488 1521 1508 exuere
1547 1479 1642 1517 patri·

913 1532 935 1547 “
952 1529 1078 1560 am—:’'
1094 1529 1114 1560 i.
1126 1540 1151 1560 e.
1172 1529 1221 1559 vel
1237 1532 1282 1567 in,
1298 1529 1347 1559 vel
1361 1532 1537 1566 secundum,
1553 1530 1646 1570 quid-

912 1592 1016 1622 quam.
1062 1582 1136 1612 Hoc
1163 1582 1305 1622 regimen
1338 1581 1435 1612 Gellii
1461 1581 1548 1612 locus
1577 1592 1643 1612 non

912 1633 1076 1664 efficaciter
1098 1634 1222 1670 evincit,
1247 1640 1278 1664 et
1301 1634 1448 1664 incertior
1468 1639 1524 1670 est,
1547 1644 1644 1675 quam

912 1685 1036 1724 vellem,
1060 1692 1153 1717 noctt.
1171 1687 1239 1716 Att.
1255 1685 1314 1716 xvi.
1331 1689 1361 1716 8.
1380 1685 1448 1715 init.
1493 1689 1515 1703 “
1532 1686 1644 1721 Quum

914 1741 936 1756 ‘⁴
952 1740 986 1768 in
1009 1740 1191 1778 disciplinas
1214 1737 1390 1768 dialecticas
1417 1737 1525 1768 induci
1551 1744 1644 1779 atque

915 1796 936 1811 “
953 1795 1050 1824 imbui
1063 1793 1287 1823 vellemus—.''

958 1853 1038 1883 Ibid.
1061 1855 1166 1883 inbuta
1191 1855 1326 1883 colorem.
1374 1851 1519 1881 Valerius
1538 1851 1644 1881 Maxi-

914 1915 994 1940 mus,
1010 1904 1072 1937 viii.
1093 1908 1140 1934 11.
1158 1908 1184 1935 7.
1201 1907 1330 1934 ext—‘⁵
1347 1903 1524 1943 spongiam,
1544 1902 1646 1932 omni-

917 1960 939 1974 “
954 1957 1013 1985 bus
1041 1957 1188 1986 imbutam
1233 1956 1449 1986 coloribus—‚⁸²
1495 1953 1577 1984 Vide
1607 1954 1650 1983 sis

917 2018 1020 2047 supra,
1049 2018 1109 2038 ver.
1138 2011 1210 2038 501.
1255 2007 1410 2043 Avienus,
1434 2007 1522 2036 Arat.
1545 2007 1647 2045 phaen.

919 2062 992 2089 726.
1017 2058 1056 2088 de
1072 2060 1164 2094 Sirio,
1191 2058 1246 2098 qui
1269 2057 1464 2088 emendatior
1490 2057 1648 2087 exhibebi-

917 2116 978 2145 tur,
1002 2110 1144 2149 quamvis
1159 2110 1384 2139 correctionem
1399 2119 1497 2139 unam
1513 2114 1544 2139 et
1559 2108 1647 2138 meli-

917 2171 1004 2191 orem
1026 2161 1258 2191 distinctionem
1285 2160 1414 2191 Grotius
1429 2160 1513 2199 prior
1538 2160 1576 2189 sit
1602 2170 1648 2189 as-

918 2218 1056 2242 secutus:

948 2295 1078 2319 AEtheriae
1090 2295 1161 2319 canis
1173 2294 1216 2319 ille
1227 2294 1327 2326 plagae,
1343 2294 1387 2318 cui
1398 2293 1528 2326 plurimus
1539 2292 1617 2316 ardor

948 2346 1054 2368 AEstuat
1066 2344 1092 2367 in
1104 2347 1209 2373 mento,
1222 2343 1324 2367 multus
1336 2343 1412 2366 rubor
1422 2341 1511 2366 imbuit
1523 2348 1584 2366 ora:

948 2392 1040 2416 Stridit
1051 2392 1190 2417 anhelanti
1198 2392 1281 2423 fauce
1292 2391 1400 2422 aestrjfen
1419 2391 1480 2415 abra
1491 2393 1569 2414 motu

946 2442 1057 2471 Torret,
1068 2444 1095 2466 et
1105 2441 1246 2466 immodici
1256 2445 1339 2465 terras
1350 2440 1443 2471 coquit
1457 2439 1561 2471 ignibus
1574 2438 1646 2462 astri.

920 2525 1019 2563 Libri,
1033 2525 1109 2566 firce
1131 2525 1279 2565 pestzfer:
1319 2524 1373 2554 sed
1399 2524 1538 2554 maxima
1562 2521 1650 2552 stella

920 2583 966 2607 est
980 2577 1014 2607 in
1029 2587 1096 2614 ore;
1121 2583 1163 2614 et,
1185 2577 1210 2606 si
1226 2583 1256 2607 te
1272 2576 1311 2606 ad
1327 2582 1464 2605 nostram
1484 2574 1556 2603 Silv.
1574 2573 1650 2604 Cris.

920 2629 1060 2667 recipias,
1083 2636 1176 2669 atque
1190 2639 1241 2668 pp.
1258 2632 1308 2658 20.
1327 2631 1375 2657 21.
1397 2634 1473 2657 tom.
1489 2626 1533 2656 iii.
1550 2625 1649 2665 perle-

919 2690 984 2719 gaS‚
1010 2681 1062 2710 vix
1086 2680 1174 2710 litem
1188 2680 1267 2709 meis
1281 2678 1527 2709 divinationibus
1541 2679 1651 2708 obmo-

920 2732 1015 2762 vebis.
1064 2731 1214 2761 Conferas
1237 2730 1373 2760 eundem
1393 2730 1564 2767 Avienum‚
1587 2739 1648 2759 ver.

922 2787 1016 2814 1446.
1064 2784 1113 2814 Ita
1136 2794 1352 2823 perspexeram
1374 2784 1502 2824 ingenio
1520 2783 1648 2814 Claudi-

920 2846 1018 2865 anum
1033 2846 1099 2865 esse
1121 2836 1365 2873 rescribendum,
1389 2842 1420 2867 et
1434 2836 1505 2866 libri
1521 2835 1649 2876 quidam

920 2887 1087 2917 lectionem
1099 2889 1180 2918 hanc
1191 2889 1399 2919 venustiorem
1411 2889 1560 2928 praebent,
1572 2894 1647 2924 rapt.

922 2939 1009 2970 Pros.
1024 2939 1057 2970 ii.
1074 2943 1123 2972 93.
