1894 3253
649 273 884 322 LIBER
939 271 1246 321 PRIMUS.

1610 279 1699 321 163

344 407 533 461 Corpora
553 414 754 462 perpetuo
777 405 958 455 volitare,
982 405 1134 447 invicta
1153 419 1228 460 per
1247 418 1400 454 aevom3

345 481 485 531 Nunc,
508 497 599 538 age,
623 483 801 522 summai
820 479 1011 535 quaedam
1033 480 1084 520 sit
1104 479 1198 520 finis
1218 493 1378 528 eorum,

343 555 487 596 Necne
508 557 573 604 sit,
597 555 853 596 evolvamus:
885 555 1000 603 item,
1024 554 1136 609 quod
1157 554 1280 595 inane
1300 559 1509 608 repertum
1530 560 1603 603 est,

347 630 428 671 Seu
449 629 576 678 locus,
599 643 648 669 ac
668 629 859 683 spatium,
882 642 946 668 res
967 628 1009 667 in
1034 642 1117 682 quo
1138 642 1311 682 quaeque
1330 635 1544 683 gerantur,

225 707 306 745 955
339 702 649 752 Pervideamus,
680 710 820 743 utrum
841 701 1006 742 finitum
1027 701 1212 742 funditus
1234 716 1357 742 omne

342 776 529 826 Constet,
553 791 606 818 an
627 776 861 817 inmensum
882 784 1035 831 pateat,
1059 784 1250 831 vasteque
1270 775 1536 831 profundum.

395 849 534 891 Omne
555 850 668 906 quod
689 859 764 901 est,
792 851 933 907 igitur,
956 850 1066 892 nulla
1087 851 1258 907 regione
1278 850 1438 891 viarum

189 1028 220 1053 et
234 1023 336 1064 magis
350 1022 471 1062 po’e'tico
488 1022 600 1052 colore.
647 1022 818 1063 Virgilius,
847 1023 925 1054 [En.

189 1075 239 1105 vii.
258 1078 328 1106 751.

219 1159 290 1190 Quin
302 1162 329 1184 et
341 1158 474 1183 Marrubii
487 1159 561 1183 venit
575 1160 608 1184 de
619 1163 702 1191 gente
712 1161 844 1189 sacerdos,

220 1199 326 1223 Fronde
336 1205 414 1230 super
426 1198 530 1230 galeam
542 1202 569 1223 et
580 1198 653 1223 felici
663 1203 773 1231 comptus
785 1198 872 1224 oliva:

188 1265 207 1295 i.
220 1276 245 1295 e.
258 1266 439 1301 instructus,
450 1271 625 1294 exornatus.
644 1266 765 1295 Festus:
785 1268 920 1306 “Comp-

190 1320 212 1335 “
229 1323 290 1354 tus,
306 1317 324 1347 i.
342 1327 367 1347 e.
391 1322 532 1346 ornatus:
563 1327 582 1346 a
607 1317 720 1347 Graeco
746 1317 919 1357 descendit,

187 1372 208 1387 “
225 1368 308 1407 apud
325 1379 403 1408 quos
419 1381 532 1408 κασμειν
552 1368 666 1398 dicitur
681 1370 826 1401 comere.”
859 1371 915 1401 Et:

188 1423 209 1438 ‘⁴
228 1422 384 1459 Comptum
404 1419 558 1449 Afranius
581 1430 637 1459 pro
652 1426 765 1451 ornatu
782 1428 813 1452 et
829 1422 917 1453 cultu

184 1474 206 1489 ‘⁸
221 1470 354 1510 posuit.”
401 1470 453 1500 De
468 1473 581 1501 mundo
598 1477 718 1510 autem,
735 1473 783 1502 vel
806 1487 916 1514 xaopaeqa,

180 1521 321 1563 loquitur
347 1522 521 1552 Lucretius,
567 1522 632 1552 Adi
657 1523 699 1552 sis
722 1523 918 1554 animadver-

185 1583 268 1602 sores
283 1573 422 1603 eruditos
436 1573 471 1603 in
494 1574 603 1603 Pacati
627 1584 738 1615 paneg.
764 1575 919 1607 Theodos.

186 1625 322 1665 August.
340 1630 411 1655 sect.
428 1625 468 1656 ix.
484 1629 511 1656 2.

225 1676 301 1707 Ver.
330 1680 400 1708 950.
427 1680 632 1709 solidissima:
661 1685 701 1709 Π.
728 1681 916 1711 solidissime.

184 1729 272 1759 —Et
285 1727 407 1766 titulus,
421 1728 475 1769 qui
491 1730 642 1770 sequitur,
658 1730 691 1760 in
712 1730 817 1761 codice
834 1731 915 1761 Vin-

184 1780 356 1812 dobonensi
371 1779 500 1820 legitur:

222 1859 506 1888 ToPANAPYRoNTo
541 1869 737 1889 GARGEPIRAS
771 1869 917 1888 MENONA-

339 1917 434 1937 cnon:

185 1987 279 2018 quem
295 1978 339 2008 sic
363 1978 563 2009 scribendum
586 1985 680 2018 atque
703 1978 915 2018 supplendum

184 2039 251 2060 esse
267 2030 410 2060 arbitror:
439 2036 475 2061 To
492 2043 551 2061 ταν
565 2043 685 2072 ατειρου·
704 2044 737 2061 το
751 2044 809 2072 γαρ
825 2043 915 2062 πεπε-

181 2095 314 2123 pasmum
326 2095 408 2124 oexpov
419 2083 523 2124 (εχει)
538 2093 608 2123 quae
618 2083 757 2113 venturis
770 2093 914 2113 examus-

183 2134 244 2164 sim
258 2135 458 2174 respondent.

204 2195 207 2197 ⁷
225 2186 301 2216 Ver.
319 2190 390 2217 952.
413 2189 566 2217 snmma‘z‘:
593 2188 652 2217 hoc
667 2187 788 2226 optime
804 2186 914 2216 effece-

184 2243 259 2266 runt
280 2237 414 2268 editores
437 2248 475 2268 ex
497 2249 614 2269 samma
637 2238 780 2268 codicum
804 2238 840 2268 L.
866 2238 915 2268 M.

185 2287 236 2317 hic
248 2289 338 2318 enim
352 2299 437 2318 error
452 2290 559 2319 scribis
575 2289 712 2319 maxime
724 2290 756 2319 in
769 2295 917 2328 promptu

183 2337 316 2378 jacebat,
340 2345 372 2368 et
393 2340 561 2378 saepissime
581 2351 636 2379 per
651 2351 780 2371 omnem
795 2342 912 2371 Lucre-

187 2389 269 2419 tium
285 2390 375 2420 nobis
389 2392 580 2422 obversatur:
606 2393 676 2423 vide
692 2404 783 2432 supra
798 2393 837 2423 ad
849 2403 912 2423 ver.

187 2444 258 2471 555.
304 2441 413 2471 Aliam
442 2442 613 2472 dictionem
643 2444 847 2483 interponunt
875 2445 916 2474 ad

188 2492 273 2521 hunc
295 2492 439 2529 modum,
462 2504 579 2523 summa
597 2497 685 2532 audi,
709 2496 743 2525 P.
761 2495 857 2525 Vind.
875 2495 914 2525 V.

187 2543 234 2573 ed.
260 2543 300 2573 O.
318 2549 351 2573 Δ.
371 2549 410 2573 Π.
429 2549 462 2574 Σ.
482 2551 526 2574 Ω.
549 2556 698 2575 summam
720 2547 810 2582 audi,
835 2546 917 2575 B.—

185 2597 344 2635 quaeslam:
370 2595 414 2625 sic
437 2596 476 2626 L.
499 2597 548 2626 M.
572 2597 685 2637 reliqui
709 2603 816 2627 autem
841 2598 913 2627 uni-

187 2647 278 2684 versi,
294 2658 446 2687 quaenam.

833 2701 915 2732 Haec

187 2755 233 2779 est
247 2750 418 2787 verissima,
435 2756 470 2780 ut
485 2751 606 2789 opinor,
623 2751 771 2782 Lambini
791 2752 915 2782 restitu-

187 2801 231 2832 tio
258 2812 295 2832 ex
317 2802 506 2842 conjectura,
537 2813 636 2842 quum
662 2803 731 2833 libri
756 2803 851 2833 MSS.
875 2804 915 2834 ad

187 2862 289 2883 unum
304 2854 520 2893 depraventur.
564 2856 601 2885 L.
620 2855 667 2885 M.
692 2856 760 2886 ,Nec
783 2858 821 2886 sit
837 2858 913 2887 evol-

188 2915 308 2941 vamus;
334 2909 370 2938 P.
387 2909 427 2938 V.
449 2909 498 2938 ed.
525 2910 594 2939 .Nec
608 2910 652 2938 sic
667 2910 834 2939 evolvamus
842 2923 853 2943 ;
879 2914 912 2939 Δ.

189 2961 232 2987 11.
244 2960 284 2988 -Σ,
303 2965 348 2989 Ω.
375 2961 443 2991 ,Νεε
457 2962 526 2991 site
542 2962 710 2996 volvamzcs;
737 2960 776 2990 B.
805 2961 873 2991 Nec
887 2961 915 2990 si

230 2699 303 2728 Ver.
322 2702 392 2730 955.
418 2701 527 2730 IVecne
541 2702 593 2737 sit,
609 2702 786 2731 evolvamus.

967 1030 996 1054 te
1009 1025 1125 1059 volvas;
1144 1023 1199 1053 sed
1214 1022 1357 1063 hujusce,
1374 1028 1404 1052 et
1420 1022 1514 1052 etiam
1530 1022 1627 1054 Vind.
1643 1025 1698 1064 qui

968 1075 1070 1114 plane,
1094 1081 1187 1114 prout
1209 1075 1377 1112 edidimus,
1404 1075 1537 1111 exhibet,
1561 1082 1596 1106 ut
1619 1086 1699 1115 pene

968 1128 1129 1157 collatores
1146 1127 1222 1157 fides
1236 1128 1286 1165 sit,
1303 1127 1434 1157 omnino
1451 1127 1554 1158 velim.

1012 1179 1097 1210 Ibid.
1121 1182 1307 1210 evolvamus:
1333 1185 1369 1209 ut
1384 1190 1418 1209 os
1434 1180 1698 1211 facundissimum

969 1230 1214 1260 Romulidarum
1230 1230 1265 1259 in
1290 1230 1425 1267 Arateis,
1438 1230 1632 1269 juvenilibus
1647 1233 1695 1262 in-

964 1282 1050 1323 genii
1066 1292 1135 1312 vere
1150 1282 1263 1321 po'e‘tici
1278 1281 1523 1320 prolusionibus:

981 1351 1104 1381 Quorum
1116 1357 1167 1382 ego
1178 1356 1251 1374 nunc
1263 1356 1369 1381 nequeo
1381 1352 1453 1374 totos
1465 1349 1593 1374 evolvere
1605 1356 1694 1375 casus:

964 1413 1000 1438 ut
1014 1408 1098 1447 prior
1114 1408 1253 1438 Ennius:

1025 1477 1089 1508 Quis
1098 1477 1168 1509 potis
1178 1477 1309 1510 ingenteis
1321 1484 1378 1502 oras
1390 1477 1517 1502 evolvere
1529 1477 1606 1504 belli?

965 1545 1035 1575 quae
1044 1535 1092 1565 vel
1101 1535 1191 1574 pueri
1201 1542 1318 1566 norunt
1328 1535 1502 1576 Virgilium
1514 1536 1695 1576 sublegisse;

965 1587 1018 1624 qui
1044 1586 1084 1616 ad
1111 1597 1178 1627 geo.
1201 1587 1240 1617 iv.
1255 1589 1326 1618 509.
1350 1587 1447 1627 hujus
1471 1587 1616 1617 dictionis
1641 1598 1694 1618 ex-

965 1637 1107 1677 emplum
1137 1637 1231 1678 longe
1252 1638 1408 1678 longeque
1438 1639 1694 1669 venustissimum

961 1689 1111 1720 exhibuit.

1157 1764 1185 1786 et
1196 1761 1288 1793 gelidis
1296 1761 1357 1785 haec
1365 1760 1501 1785 evolvisse
1511 1762 1559 1785 sub
1569 1761 1658 1786 astris.-

962 1819 1008 1849 uti
1024 1830 1081 1849 nos
1095 1819 1128 1848 in
1144 1818 1282 1849 editione
1297 1819 1402 1849 nostra
1423 1820 1593 1850 certissime
1619 1821 1692 1851 scri.

962 1873 1104 1903 bendum
1121 1883 1198 1908 esse,
1216 1871 1250 1902 ni
1265 1872 1417 1910 fallimur,
1432 1873 1592 1904 evicimus.

1003 1925 1078 1954 Ver.
1103 1927 1173 1955 954.
1204 1935 1346 1963 quaeque:
1385 1924 1425 1954 V.
1456 1924 1502 1954 ed.
1533 1927 1690 1965 quicquid.

959 1982 1167 2015 —gerantum
1194 1975 1231 2005 P.
1249 1976 1288 2005 V.
1312 1975 1359 2005 ed.
1383 1982 1528 2014 geratur:
1555 1986 1630 2006 nam
1659 1991 1691 2008 τι

957 2033 1114 2065 genantur
1130 2037 1257 2065 nempe,
1273 2026 1356 2066 quod
1371 2026 1404 2055 in
1421 2027 1480 2056 hoc
1496 2026 1564 2057 loco
1576 2034 1605 2057 et
1618 2027 1691 2058 alibi

961 2079 1043 2107 inter
1058 2078 1222 2107 varietates
1236 2077 1408 2108 lectionum
1424 2086 1630 2118 memoratur,
1654 2090 1693 2111 ex

959 2129 1088 2169 ingenio
1104 2135 1150 2159 est
1166 2129 1417 2167 emendatorum,
1433 2130 1486 2170 qui
1501 2130 1558 2160 sibi
1574 2131 1609 2160 in
1624 2131 1691 2161 Lu·

959 2181 1047 2210 cretii
1061 2180 1203 2211 carmina
1218 2180 1299 2210 nihil
1321 2191 1385 2211 non
1408 2181 1537 2211 concedi
1560 2181 1690 2222 iniquis-

962 2233 1041 2262 sime
1056 2233 1194 2263 arbitrati
1209 2238 1291 2262 sunt.

1006 2285 1078 2315 Ver.
1097 2288 1167 2316 955.
1192 2286 1427 2315 Pervideamus:
1447 2284 1484 2313 B.
1501 2285 1676 2315 Pervz'deas.

1004 2337 1080 2366 Ver.
1099 2340 1173 2368 956.
1197 2347 1257 2366 an:
1271 2336 1324 2368 .V.
1349 2334 1397 2364 ed.
1422 2341 1449 2364 et
1466 2341 1685 2374 [tm—pateat.-

959 2388 999 2417 V.
1030 2387 1076 2418 ed.
1106 2393 1234 2427 paceat;
1274 2386 1313 2416 P.
1349 2387 1686 2428 patefiat.-vasteque:

958 2441 1002 2470 ita
1027 2441 1069 2475 L.⁴
1083 2441 1130 2470 M.
1155 2438 1209 2469 sed
1234 2439 1271 2469 P.
1287 2439 1328 2468 V.
1345 2438 1392 2468 ed.
1418 2439 1455 2468 B.
1481 2444 1515 2468 Δ.
1533 2444 1573 2468 Π.
1591 2443 1624 2470 Σ.
1643 2445 1689 2471 n.

958 2494 999 2522 ad
1016 2503 1120 2532 usque,
1137 2491 1205 2531 lege
1220 2490 1367 2521 carminis
1381 2495 1588 2529 repugnante,
1604 2490 1689 2520 ideo-

960 2555 1021 2584 que
1037 2544 1077 2573 de
1092 2554 1150 2573 suo
1171 2545 1216 2574 vel
1241 2542 1375 2572 editores
1400 2541 1540 2580 plerique
1564 2541 1688 2581 supple-

960 2605 1039 2625 vere.

1002 2645 1084 2676 Ibid.
1109 2648 1278 2676 inmensum
1288 2650 1404 2684 pateat,
1417 2650 1553 2683 vasteque
1556 2645 1689 2685 profun-

958 2699 1040 2727 dum.
1079 2697 1202 2726 Festus:
1223 2701 1242 2714 “
1258 2696 1362 2725 Chaos
1377 2694 1512 2733 appellat
1529 2695 1688 2727 Hesiodus

960 2752 980 2766 “
997 2747 1162 2777 confusam
1178 2746 1335 2787 quandam
1354 2747 1392 2776 ab
1407 2746 1497 2776 initio
1518 2748 1686 2788 unitatem,

961 2804 980 2818 “
997 2800 1139 2829 hiantem
1151 2806 1363 2840 patentemque
1379 2801 1412 2830 in
1423 2799 1632 2840 profundum:
1651 2811 1689 2830 ex

960 2855 982 2870 ‘⁶
999 2863 1036 2882 eo
1059 2859 1090 2883 et
1112 2866 1220 2893 χαινειν
1239 2853 1340 2883 Graeci
1366 2859 1397 2883 et
1421 2864 1480 2883 nos
1500 2856 1588 2884 hiare
1610 2854 1687 2884 dici-

959 2906 981 2921 “
998 2904 1234 2944 muS.’'—Lego
1251 2907 1321 2946 (pro
1336 2907 1483 2936 unitatem
1494 2905 1624 2945 nempe)
1637 2907 1686 2934 in-

957 2961 1124 2994 anitatem;
1164 2964 1201 2989 ut
1227 2958 1316 2990 alibi:
1352 2962 1372 2978 ‘⁶
1397 2960 1521 2990 Cavum
1549 2969 1568 2988 a
1598 2958 1690 2989 Chao
