1894 3253
541 243 778 291 LIBER
826 242 1238 293 SECUNDUS.

1545 252 1638 293 255

287 374 387 416 Ictei
409 375 603 430 rejectant
624 390 742 416 voces
763 373 816 416 ad
837 373 970 416 sidera
990 373 1155 424 mundi3

286 449 341 490 Et
362 450 516 491 circum
538 450 708 492 volitant
727 449 897 505 equites,
922 448 1160 504 mediosque
1180 455 1348 504 repente

168 526 249 562 330
281 522 322 564 T
323 525 605 575 ransmittunt,
630 524 766 566 valido
786 523 1015 579 quatientes
1035 524 1188 579 inpete,
1210 538 1392 580 campos:

133 678 250 717 sonius,
266 679 351 719 epist.
368 689 415 709 xv.
432 682 484 710 27.
507 679 628 710 erudite
643 685 675 710 et
691 679 814 720 po'etice
830 678 863 708 in

134 730 257 769 primis:

199 799 316 830 Tibique
328 802 429 824 nostras
441 803 538 825 ventus
548 807 627 824 auras
638 799 756 830 deferat,

246 840 380 870 Aure-sque
389 846 467 864 sermo
479 839 607 864 verberet.

131 897 200 930 Nec
215 902 338 932 cesserit
352 902 374 933 J
377 912 524 939 uvencus,
540 912 650 943 evang.
665 901 735 932 hist.
755 901 776 932 i.
790 903 864 932 267·

296 976 404 1007 miserae,
415 977 511 1002 sobolis
521 984 569 1009 pro
581 977 685 1007 funere,
697 980 796 1001 matres

161 1016 304 1042 non-endis
312 1017 430 1049 graviter
440 1018 528 1042 coelum
537 1018 640 1050 pulsare
651 1016 767 1049 querelis.

130 1091 182 1122 Sic
197 1091 380 1133 legendum:
406 1093 489 1131 libri,
512 1095 631 1125 misero.
676 1093 721 1123 Et
735 1091 858 1122 similli-

127 1154 219 1174 mum
235 1154 300 1175 esse
321 1144 384 1174 veri
403 1144 522 1184 judico,
549 1146 589 1174 ob
615 1150 785 1174 venustum
810 1143 858 1172 lo-

129 1195 245 1236 quendi
260 1206 381 1226 rnorem
396 1196 429 1226 in
445 1197 503 1226 hac
518 1206 551 1226 re
566 1195 664 1235 po'e'tis
676 1194 861 1225 constantis-

129 1247 208 1278 sime
236 1253 404 1285 servatum,
439 1246 637 1286 Sophoclem,
679 1246 720 1276 ad
749 1245 860 1285 Antig.

130 1302 221 1331 1209.
244 1299 287 1330 sic
302 1299 411 1329 leviter
425 1308 490 1328 esse
505 1297 745 1339 corrigendum:

182 1390 230 1422 Τῳ
241 1387 264 1414 δ’
274 1388 378 1416 cosmae
389 1397 486 1421 οισῆμα
497 1387 709 1413 ΠΕΡῙΒΑΛΛΕῙ
721 1387 780 1418 βοῆς

181 1435 294 1471 'Epa-ont
307 1440 409 1471 μαλλον
421 1444 506 1462 αισα-ον.

126 1514 248 1556 Vulgo,
284 1516 439 1558 περιξαινει-
478 1514 569 1552 lapsu
598 1513 689 1544 valde
717 1512 857 1552 proclivi.

129 1565 281 1596 Conferas
297 1576 356 1596 ver.
377 1569 468 1596 1188.
501 1565 569 1594 Nos
581 1565 655 1595 alibi
668 1564 701 1594 in
712 1565 762 1594 his
773 1574 858 1595 com-

129 1618 290 1648 mentariis
305 1619 364 1648 hoc
374 1617 498 1648 dicendi
508 1627 609 1658 genus
624 1616 860 1655 illustravimus,

128 1675 161 1700 et
183 1669 256 1708 plus
277 1668 384 1699 semel.
430 1669 481 1699 Ex
503 1670 562 1698 hoc
585 1674 692 1699 autem
720 1668 860 1698 Lucretii

127 1720 197 1752 loco
212 1721 298 1760 prius
321 1730 515 1751 correxeram
544 1721 726 1758 Lucanum,
750 1720 858 1755 nostri,

127 1779 164 1804 ut
178 1773 311 1811 videtur,
338 1773 424 1803 haud
438 1774 669 1811 immemorem,
694 1782 789 1814 quam
807 1782 860 1802 me

126 1826 305 1856 Burmanni
329 1825 427 1855 editio
454 1826 619 1855 certiorem
634 1825 742 1855 fecerit
758 1835 861 1855 unum

128 1877 269 1908 codicem
283 1876 398 1915 favere,
415 1883 446 1907 et
461 1877 634 1908 Heinsium
650 1887 725 1907 cum
743 1877 860 1907 Guieto

127 1939 191 1959 non
207 1928 296 1958 aliter
310 1928 456 1966 sensisse,
477 1929 537 1958 hoc
565 1935 667 1968 pacto,
692 1929 732 1960 ad
748 1929 858 1960 Phars.

129 1980 178 2011 vii.
195 1984 267 2011 477.

481 2053 547 2074 tunc
559 2050 651 2074 aethera
662 2051 759 2082 tundit,

159 2089 338 2119 Extremique
340 2089 436 2121 fragor
447 2097 569 2114 convexa
580 2090 706 2124 irrumpit
719 2091 839 2125 Olympi.

131 2163 248 2204 Vulgo,
264 2166 361 2196 tendit
365 2181 377 2201 ‚·
401 2165 495 2195 nimis
509 2165 631 2206 frigide.
679 2167 779 2198 Carus
792 2179 859 2199 me-

128 2227 177 2254 us,
202 2217 240 2246 iv.
259 2220 328 2248 952.
351 2217 406 2247 tibi
423 2218 592 2249 stabilitam
608 2219 694 2250 dabit
711 2221 859 2252 emenda-

130 2267 258 2298 tionem.
317 2268 472 2308 Ejusdem
500 2270 600 2309 po‘etae
634 2277 784 2308 mentem,
819 2271 860 2302 ad

136 2317 242 2348 Phars.
264 2318 304 2349 ix.
322 2322 391 2350 168.
413 2321 595 2358 pravissima
617 2322 862 2365 interpungendi

131 2368 210 2399 ratio
224 2369 372 2408 corrupit,
388 2369 644 2413 disperdiditque:

162 2454 277 2483 Interea,
287 2454 351 2478 totis
361 2454 452 2479 audito
464 2455 558 2481 funere
568 2458 659 2489 Magni

158 2494 302 2523 Litoribus,
315 2494 407 2524 sonuit,
420 2499 552 2526 percussus
562 2497 712 2528 planctibus,
723 2499 821 2524 aether.

132 2560 253 2600 Vulgo,
267 2560 390 2599 punctis
402 2568 470 2600 post
484 2565 552 2593 totis
569 2570 599 2593 et
614 2565 729 2604 ,llagni
742 2565 860 2605 positis,

132 2622 221 2643 voces
247 2615 316 2643 totis
341 2614 498 2644 Litoribus
524 2625 597 2644 cum
619 2620 721 2648 sonzu't
743 2617 861 2648 insulse

133 2665 378 2705 conjunguntur.
423 2665 487 2695 Pro
511 2676 543 2695 se
567 2677 615 2696 res
635 2667 702 2706 ipsa
717 2668 861 2709 loquitur.

136 2715 253 2746 Statius
268 2716 402 2757 denique
418 2717 451 2746 in
466 2717 524 2746 hac
540 2727 572 2746 re
583 2717 705 2748 videtur
717 2720 861 2750 omnium

138 2767 372 2805 audacissimus,
391 2767 430 2797 ad
447 2768 544 2798 Theb.
561 2769 599 2798 vi.
616 2772 686 2800 448.

258 2835 328 2859 subit
338 2839 408 2859 astra
419 2835 518 2868 fragor,
532 2836 689 2868 coelumque
700 2838 840 2864 tremiscit.

180 2884 260 2922 Ibid.
297 2889 338 2918 ad
370 2890 469 2919 sidera
504 2891 619 2920 numdi.

139 2935 314 2976 aemulatus,
330 2938 449 2979 Theog.
466 2943 536 2971 685,

679 2890 859 2921 Hesiodum

947 683 1018 711 Φωνη
1032 682 1054 709 δ’
1064 690 1205 719 αμφοτερωι
1213 683 1274 710 ἵκετ’
1289 694 1374 720 ερανον
1387 693 1545 722 οιστεροεντω.

909 734 978 765 Nec
994 735 1150 777 Virgilius
1165 737 1372 779 negligendus
1388 745 1444 779 est,
1457 740 1496 772 ad
1511 751 1578 782 geo.
1590 742 1633 773 iii.

908 788 979 816 253.

1071 847 1173 872 reboant
1184 847 1333 880 sylvaeque,
1344 852 1371 874 et
1383 849 1477 882 longus
1489 851 1617 885 Olympus.

909 895 1076 926 Sallustius
1090 897 1184 927 etiam
1194 898 1274 929 hanc
1286 899 1399 930 furoris
1410 902 1521 940 po'e'tici
1537 903 1633 933 auda-

908 946 1023 977 ciorem
1039 948 1207 979 formulam
1235 961 1299 981 non
1325 953 1485 992 expalluit,
1512 954 1551 985 ad
1573 956 1595 986 J
1598 966 1634 985 u-

908 1000 1011 1038 gurth.
1028 1003 1078 1030 60.
1094 1004 1122 1030 2.
1147 1004 1168 1019 “
1184 1004 1333 1043 Strepitus
1348 1015 1508 1036 armorum
1524 1009 1565 1037 ad
1575 1018 1632 1038 ειε-

907 1053 929 1067 “
945 1052 1008 1080 lum
1039 1051 1144 1082 ferri.”
1191 1054 1252 1084 Sed
1267 1070 1270 1071 ⁷
1283 1054 1322 1085 de
1350 1066 1383 1086 re
1413 1057 1530 1089 tritiore
1561 1060 1636 1090 satis

906 1101 1056 1133 diximus.

948 1153 1022 1184 Ver.
1038 1157 1110 1186 329.
1133 1157 1260 1187 volitant
1285 1161 1408 1198 equites.
1455 1160 1507 1191 Ita
1530 1161 1631 1192 solent

905 1205 1003 1243 po'eltae
1029 1205 1115 1247 loqui
1132 1206 1171 1236 de
1196 1211 1306 1239 turmis
1328 1213 1481 1250 equitum;
1505 1218 1541 1242 ut
1556 1214 1632 1244 vir-

904 1256 1011 1297 gilius,
1028 1258 1103 1288 AEn.
1117 1258 1157 1288 xi.
1174 1263 1247 1290 546.
1266 1259 1335 1290 loco
1350 1262 1562 1294 nobilissimo:

1131 1343 1185 1368 tela
1195 1345 1314 1376 undique
1323 1352 1397 1370 saeva
1408 1349 1578 1380 premebant,

935 1385 967 1408 Et
979 1383 1082 1408 circum
1094 1384 1153 1409 fuso
1165 1385 1312 1410 volitabant
1323 1388 1431 1419 agmine
1442 1388 1544 1414 Volsci:

904 1459 1011 1489 confer
1026 1460 1075 1490 vii.
1093 1463 1165 1491 805.
1184 1464 1255 1492 804.
1285 1461 1338 1493 Sil.
1364 1463 1406 1494 It.
1431 1464 1450 1495 i.
1476 1468 1543 1496 162.
1563 1469 1635 1497 165.

906 1510 957 1541 Sic
986 1511 1082 1542 etiam
1105 1512 1260 1552 pedestres
1286 1514 1448 1553 scriptores
1474 1527 1539 1548 non
1563 1528 1635 1549 raro

905 1568 979 1593 sunt
993 1562 1098 1594 locuti.

947 1615 1022 1646 Ver.
1033 1619 1105 1646 550.
1126 1617 1355 1648 Transmz'ttunt
1369 1630 1498 1659 campos.
1528 1621 1634 1660 Illam,

907 1667 982 1698 AEn.
992 1668 1030 1698 iv.
1044 1671 1113 1699 154.
1129 1679 1224 1709 quem
1237 1670 1418 1701 Macrobius
1429 1671 1550 1702 dudum
1560 1683 1633 1704 cum

904 1724 1010 1750 nostro
1025 1720 1194 1759 commisit,
1210 1720 1250 1751 ad
1264 1721 1388 1752 Saturn.
1406 1722 1444 1753 vi.
1461 1727 1490 1753 4.

1283 1794 1333 1819 alia
1345 1796 1378 1820 de
1390 1799 1466 1826 parte
1476 1799 1592 1828 patentis

937 1833 1123 1858 Transmittunt
1134 1841 1212 1859 cursu
1223 1838 1332 1867 campen,
1348 1839 1431 1867 atque
1441 1838 1550 1869 agmina
1560 1840 1633 1864 cervi

935 1872 1123 1898 Pulverulenta
1134 1873 1199 1906 fuga
1212 1874 1376 1906 glomerant.

950 1936 1032 1967 Ibid.
1065 1939 1234 1977 quatientes
1256 1940 1355 1978 inpete
1384 1950 1514 1980 campos.
1558 1941 1634 1973 Uno

906 1989 998 2018 verbo
1013 1998 1080 2018 rem
1095 1989 1231 2019 confecit
1247 1989 1427 2030 AEschylus,
1443 1998 1519 2031 sept.
1535 1992 1634 2025 Theb.

906 2043 958 2070 85.
994 2039 1244 2075 πεδιιτλοκτυπος
1281 2045 1347 2078 βοα·
1387 2043 1441 2073 ubi
1478 2044 1635 2086 ambiguae

904 2092 1139 2123 scholiastarum
1164 2093 1435 2133 interpretationes
1459 2096 1634 2128 Stanleium

904 2143 937 2174 in
947 2155 1084 2175 errorem
1096 2144 1259 2177 induxere.
1296 2146 1450 2187 Virgilius
1461 2148 1639 2180 imitatione

903 2195 1046 2235 pressiori
1072 2196 1228 2237 tragicum
1257 2196 1389 2235 effinxit,
1420 2198 1460 2228 ad
1490 2199 1565 2230 AEn.
1592 2200 1632 2230 xi.

904 2250 975 2278 875.
999 2253 1092 2288 atque
1114 2247 1179 2278 una
1205 2247 1299 2287 opera
1315 2249 1510 2287 Lucretium,
1526 2251 1635 2281 omnia

907 2298 1018 2339 thyma
1033 2298 1271 2329 laboriosissime
1286 2299 1551 2332 circumvolitans:

936 2372 1212 2403 Quadrupedumque,
1224 2376 1333 2404 putrem
1344 2379 1431 2403 cursu,
1441 2373 1524 2406 quatit
1535 2375 1633 2406 ungula

1028 2415 1153 2443 campum.

907 2473 996 2504 Ordo
1011 2480 1071 2505 est:
1099 2478 1121 2493 ‘⁸
1135 2475 1267 2515 Ungula
1282 2476 1382 2516 quatit
1397 2486 1556 2515 campum,
1572 2487 1632 2516 pu-

906 2529 928 2545 “
945 2526 1110 2556 trefactum
1125 2528 1234 2558 cursus
1248 2527 1400 2566 impetu.”
1433 2528 1576 2558 Avienus
1597 2528 1631 2558 in

908 2577 1043 2615 Arateis,
1058 2588 1119 2609 ver.
1136 2581 1207 2609 487.
1230 2580 1311 2608 hanc
1327 2579 1499 2617 notionem,
1517 2579 1630 2610 audac-

904 2633 952 2658 ter
966 2628 1105 2669 quidem,
1127 2629 1182 2659 sed
1197 2635 1227 2659 et
1243 2629 1384 2667 feliciter,
1411 2630 1451 2660 ad
1466 2641 1583 2671 equum
1598 2631 1632 2661 in

905 2682 1022 2719 campis
1038 2680 1170 2709 aetheriis
1185 2680 1369 2710 volitantem
1384 2681 1554 2712 transtulit:

923 2739 955 2762 Et
966 2738 1048 2770 quatit
1060 2738 1185 2764 aetherias
1197 2740 1288 2771 primis
1299 2740 1383 2765 modo
1393 2741 1509 2766 cruribus
1518 2749 1607 2767 auras.

907 2786 971 2816 Ubi
987 2792 1092 2816 tamen
1107 2787 1220 2816 rectius
1235 2787 1371 2818 fortassis
1392 2788 1524 2829 legatur,
1553 2801 1630 2821 oras.

905 2838 997 2869 Idem
1011 2838 1085 2868 alibi
1104 2838 1248 2869 similiter
1262 2850 1358 2871 ausus
1373 2846 1428 2872 est.

947 2890 1019 2921 Ver.
1035 2894 1110 2921 531.
1134 2893 1224 2924 altis:
1252 2899 1291 2924 Π.
1314 2895 1428 2931 alciun
1449 2901 1480 2926 et
1505 2895 1538 2925 in
1564 2902 1627 2923 ver.

902 2945 974 2973 550.
989 2944 1137 2982 quatiens.
