1894 3253
548 260 782 311 LIBER
835 257 1250 309 SECUNDUS.

1557 264 1646 307 291

302 393 384 435 Sed
405 402 558 443 tamen,
581 394 623 435 id
644 407 808 450 quoque
829 392 910 433 utei
932 391 1172 441 concedam,
1195 404 1320 447 quam
1339 388 1451 431 lubet
1470 396 1556 431 esto

301 468 437 509 Unica
459 483 521 509 res
541 467 733 524 quaedam
755 467 895 508 nativo
916 480 1090 520 corpore
1111 465 1210 516 sola,

299 541 412 590 Quoi
434 542 573 583 similis
593 551 682 583 toto
702 549 906 582 terrarum
926 554 1013 579 non
1035 539 1085 579 sit
1106 540 1149 579 in
1171 539 1282 589 orbi3

299 616 468 657 Infinita
496 626 634 658 tamen
655 616 733 657 nisi
754 616 832 656 erit
852 614 910 655 vis
932 613 1137 663 materiai,

183 694 263 730 545
298 689 423 731 Unde
443 705 491 731 ea
511 690 707 747 progigni
728 689 857 744 possit
878 696 1094 743 concepta,
1124 687 1254 729 creari

298 763 396 805 Non
416 765 585 819 poterit:
618 779 771 820 neque,
794 763 907 819 quod
929 778 1051 818 super
1072 771 1147 813 est,
1172 776 1448 817 procrescere,
1470 761 1616 818 alique.

296 837 464 893 Quippe
484 846 524 879 et
544 839 655 880 enim
677 846 841 880 sumant
863 837 1010 888 oculei,
1032 837 1150 878 finita
1170 852 1245 893 per
1266 852 1390 878 omne

147 993 241 1024 tiores
257 994 415 1023 exhibebo.
440 993 492 1023 De
506 993 605 1023 oculis
619 1000 726 1024 autem
741 993 880 1033 pulchrae

149 1044 262 1083 puellae
289 1044 411 1074 videtur
433 1045 477 1074 ibi
503 1045 588 1085 loqui
612 1046 702 1084 po'e'ta
727 1045 880 1085 lepidissi-

153 1106 238 1126 mus:

208 1182 282 1213 Quos
292 1181 480 1213 calliblepharo
492 1181 607 1206 naturali
617 1181 754 1213 palpebrae

210 1229 332 1259 Tinctae‚
345 1229 459 1254 vallatos
470 1230 553 1254 mobili
565 1234 641 1263 septo,
651 1234 757 1256 tenent.

147 1300 280 1350 Vulgus
295 1311 404 1340 vallato
420 1311 538 1341 mobilis
553 1317 658 1350 septos.
705 1310 824 1345 Cicero,
841 1309 881 1340 de

147 1368 259 1392 senect.
277 1364 395 1392 15.-“
411 1372 428 1391 e
451 1362 564 1402 quibus
586 1372 686 1402 quum
708 1361 878 1397 emerserit,

147 1417 170 1433 “
185 1414 292 1445 fundit
305 1414 432 1455 frugem
446 1415 532 1454 spici,
550 1415 658 1445 ordine
673 1421 834 1451 structam,
850 1420 880 1444 et

146 1469 168 1485 “
186 1472 293 1496 contra
307 1467 414 1496 avium
427 1467 590 1496 minorum
605 1476 729 1496 morsus
740 1468 880 1497 munitur

146 1521 168 1537 ‘⁶
184 1520 262 1549 vallo
299 1518 502 1549 aristarum.''
564 1518 660 1548 Unde
694 1518 879 1548 Ausonium

150 1570 316 1610 corrigam,
333 1569 368 1599 in
386 1569 512 1600 Mosell.
529 1573 580 1600 86.

179 1656 326 1686 squameus
336 1655 460 1680 herbosas
473 1655 571 1687 Capito
582 1655 730 1680 interlucet
742 1662 845 1685 arenaS,

181 1705 287 1730 viscere
297 1711 354 1737 prae
366 1709 460 1730 tenero
471 1705 565 1730 fartim
576 1709 705 1738 conseptus
716 1706 811 1730 aristis.

150 1780 250 1817 Libri,
268 1787 438 1820 congestus;
465 1781 638 1811 invenuste.
683 1781 782 1821 Ergo,
805 1783 881 1813 vallo

151 1834 262 1864 eburno
287 1835 440 1871 munitur,
471 1834 560 1874 quasi
588 1834 691 1864 fronte
717 1834 882 1872 exercitus,

153 1884 208 1914 ubi
237 1885 414 1922 stationem,
434 1895 490 1923 pro
519 1888 701 1923 munimine,
728 1887 884 1916 habebant

154 1936 343 1975 elephantes.
381 1936 503 1973 Florus,
520 1937 551 1967 ii.
568 1942 596 1968 8.
617 1941 664 1969 16.
687 1948 750 1967 non
767 1938 882 1968 incon-

154 1988 257 2025 cinne,
274 1988 314 2018 de
330 1989 503 2018 Antiocho:
538 1993 557 2007 “
572 1990 755 2029 Elephantis
771 1988 811 2018 ad
825 1989 884 2019 hoc

146 2042 178 2057 “‘
194 2040 357 2069 immeusae
371 2039 611 2080 magnitudinis,
629 2050 716 2077 auro,
733 2039 882 2079 purpura,

154 2093 176 2108 “
192 2097 334 2130 argento,
350 2096 381 2120 et
394 2101 451 2121 suo
461 2093 552 2121 ebore
564 2091 770 2132 fulgentibus,
787 2094 883 2123 aciem

153 2145 176 2160 “
191 2143 337 2183 utrinque
368 2143 569 2174 vallaverat.”
777 2135 780 2138 Δ

155 2193 259 2223 nostr&
276 2193 450 2232 Britannifz,
466 2194 517 2225 lib.
533 2195 564 2226 ii.
581 2195 662 2236 epig.
680 2199 731 2227 91.
748 2199 778 2226 5.

155 2245 230 2274 thol.
247 2246 314 2275 Lat.
332 2247 439 2277 Burm.

616 2144 731 2174 Nescio
753 2144 822 2184 quis
845 2144 885 2174 de

814 2195 883 2226 An-

189 2329 276 2359 Quam
289 2332 364 2360 pater
376 2329 481 2353 invictis
493 2332 591 2355 Nereus
602 2330 754 2355 vallaverit
766 2331 843 2355 undis
848 2340 856 2362 3

222 2379 310 2408 Quam
321 2378 405 2403 fallax
416 2383 485 2403 aestu
498 2380 593 2404 circuit
607 2382 737 2405 Oceanus.

164 2449 214 2479 Ita
230 2450 359 2479 omnino
381 2451 625 2489 rescribendum,
648 2462 688 2482 ne
711 2458 888 2492 temporum

160 2500 353 2530 concinnit-as
368 2500 564 2531 disturbetur.
593 2502 692 2538 Editi,
707 2505 870 2535 vallaverat
876 2520 887 2541 ;

161 2551 245 2591 quod
261 2561 323 2581 non
347 2551 519 2582 ferendum.
565 2553 665 2583 Haud
690 2553 811 2583 alienus
836 2565 886 2586 ac-

160 2602 283 2633 cesserit
301 2602 503 2639 Claudianus,
519 2603 557 2633 de
572 2603 642 2634 bell.
660 2604 744 2635 Gild.
766 2608 834 2636 146.

510 2686 613 2712 felicior
623 2687 666 2712 illa
676 2692 794 2720 perustae

222 2730 281 2752 Pars
292 2728 397 2759 Libyae,
408 2729 492 2753 nimio
503 2736 566 2760 quae
578 2737 605 2754 se
616 2731 715 2754 munita
727 2731 808 2755 calore

223 2767 361 2798 Defendit,
373 2769 496 2800 tantique
507 2774 586 2794 vacat
600 2777 693 2795 secura
704 2770 823 2803 tyranni.

165 2841 292 2872 Addam
305 2843 432 2883 insuper
450 2844 602 2874 Serenum
620 2844 832 2881 Samonicum,
849 2843 888 2874 de

164 2893 246 2923 med.
259 2897 332 2927 667.
353 2901 385 2926 et
400 2896 586 2937 scaturigine
605 2896 763 2928 Ciceronis
780 2897 887 2926 hauri-

168 2951 285 2976 eutem:

941 993 1065 1022 Namque
1076 991 1167 1016 oculos
1178 990 1274 1016 infesta
1286 991 1400 1023 pilorum
1413 990 1467 1015 tela
1478 989 1625 1021 lacessunu

940 1031 1075 1062 Quodque
1085 1031 1134 1055 illis
1145 1031 1256 1055 dederat
1269 1030 1372 1054 vallum
1386 1035 1483 1055 natura
1493 1031 1610 1060 tuendis,

942 1072 1007 1096 Inde
1018 1071 1126 1095 inimica
1137 1077 1212 1102 seges
1223 1070 1342 1102 proprios
1354 1070 1467 1094 desaevit
1479 1070 1506 1093 in
1518 1070 1604 1095 orbes.

927 1155 1046 1185 Versus
1062 1159 1135 1184 sunt
1150 1153 1240 1184 valde
1254 1153 1390 1192 speciosi.
1428 1152 1488 1182 Sed
1504 1152 1661 1192 praecipue

927 1207 991 1236 huc
1006 1206 1080 1235 facit
1096 1206 1224 1243 Statius,
1248 1205 1322 1234 hinc
1337 1204 1591 1234 manifestissime
1607 1214 1660 1234 ex-

925 1266 1060 1295 pressus,
1081 1266 1178 1296 quem
1194 1256 1361 1295 Preigerus
1376 1255 1536 1293 indicavit,
1561 1255 1662 1286 Theb.

925 1308 966 1338 ix.
982 1312 1018 1337 ut
1031 1306 1097 1347 ipse
1113 1307 1171 1337 ait:

955 1396 1012 1419 Stat
1023 1393 1111 1418 niveis
1121 1393 1234 1424 longum
1245 1392 1342 1424 stipata
1353 1397 1400 1423 per
1411 1391 1521 1423 agmina
1532 1391 1640 1416 vallum

955 1433 1093 1458 Dentibus.

926 1508 990 1538 His
1018 1506 1194 1546 committe,
1231 1517 1302 1547 quae
1334 1506 1512 1537 notabimus
1542 1506 1582 1536 ad
1612 1506 1660 1536 iii.

927 1562 998 1590 497.

976 1609 1046 1640 Ver.
1075 1612 1148 1641 539.
1162 1609 1309 1650 serarum
1336 1610 1397 1639 Vis.
1436 1608 1590 1647 Avienus,
1614 1617 1658 1638 or.

927 1662 1033 1693 marit.
1051 1665 1124 1692 410.

989 1739 1030 1763 Vts
1039 1739 1182 1763 belluarum
1194 1737 1303 1770 pelagus
1313 1743 1396 1762 omne
1407 1737 1565 1767 internatat,

988 1778 1142 1809 Multusque
1153 1782 1239 1803 terror
1251 1784 1288 1803 ex
1299 1776 1362 1802 feris
1372 1776 1453 1809 agita!
1464 1776 1545 1802 freta.

929 1854 979 1884 Ita
993 1853 1176 1892 reponimus
1191 1863 1229 1883 ex
1246 1852 1384 1894 ingenio.
1422 1851 1587 1882 Editioues
1601 1851 1656 1881 ha-

927 1906 1002 1935 bent
1023 1905 1056 1934 in
1071 1905 1173 1944 priore
1188 1915 1288 1941 versu,
1321 1906 1369 1935 Vis
1392 1905 1436 1934 vel
1451 1905 1588 1939 varium;
1616 1908 1657 1941 et,

927 1958 960 1987 in
973 1957 1121 1995 secundo,
1137 1958 1263 1987 habitat.

972 2010 1048 2039 Ver.
1071 2012 1143 2040 541.
1168 2010 1248 2039 ulei:
1277 2013 1317 2039 11.
1340 2008 1523 2037 ut.—lubet.·
1549 2007 1593 2037 sic
1617 2007 1660 2040 O.

928 2063 1108 2103 A.antiquo
1129 2062 1237 2100 modo,
1264 2062 1376 2101 probe;
1413 2066 1447 2092 Σ.
1465 2060 1571 2100 jubet,-
1607 2059 1659 2090 alii

928 2124 1048 2153 omnes,
1063 2116 1145 2145 libet.

974 2166 1046 2197 Ver.
1063 2169 1135 2197 5453.
1158 2167 1241 2196 orbi:
1266 2165 1309 2195 sic
1326 2164 1362 2195 L.
1381 2163 1428 2194 M.
1452 2169 1489 2193 ut
1503 2163 1581 2193 solet
1595 2162 1660 2192 Lu-

928 2219 1055 2256 cretius;
1082 2218 1178 2258 vulgo
1201 2218 1304 2248 editur
1326 2216 1367 2247 ad
1393 2216 1488 2245 libros
1512 2215 1661 2254 reliquos,

929 2272 1005 2301 orbe.
1050 2270 1093 2300 Et
1104 2270 1140 2300 L.
1158 2272 1191 2300 in
1208 2269 1308 2306 deest3
1332 2267 1418 2297 unde
1433 2267 1477 2296 sic
1494 2266 1637 2296 fortassez

993 2356 1064 2387 Quoi
1072 2355 1163 2379 similis
1175 2359 1234 2379 toto
1251 2358 1385 2380 terrarum
1397 2360 1452 2379 non
1463 2353 1508 2378 siet
1519 2352 1592 2378 orbi:

931 2430 1001 2460 vide
1027 2430 1069 2461 iii.
1088 2434 1158 2460 102.
1185 2437 1220 2460 ut
1245 2432 1310 2460 orbi
1333 2429 1371 2459 sit
1393 2429 1427 2459 in
1450 2428 1546 2459 dandi
1572 2437 1662 2464 casu;

932 2492 1008 2511 nam
1036 2481 1218 2511 vetustiores
1246 2480 1460 2511 terminavisse
1492 2479 1662 2510 dictionem

932 2537 1022 2572 solus,
1039 2541 1070 2566 et
1084 2535 1209 2573 similia,
1233 2535 1273 2566 ad
1288 2545 1433 2565 normam
1448 2533 1593 2564 secundae
1607 2532 1661 2562 de-

930 2587 1108 2618 clinationis
1124 2587 1304 2625 nominum,
1329 2593 1358 2616 te
1376 2587 1555 2616 Priscianus
1572 2584 1663 2615 doce-

930 2639 988 2676 bit,
1010 2638 1063 2669 lib.
1084 2639 1122 2668 vi.
1137 2649 1187 2677 pp.
1205 2641 1276 2669 716.
1294 2641 1367 2669 717.
1389 2636 1531 2677 quamvis
1557 2635 1590 2664 in
1605 2636 1665 2665 hoc

930 2689 999 2719 loco
1014 2689 1093 2718 nihil
1109 2688 1251 2727 impedit,
1275 2699 1337 2728 quo
1357 2687 1463 2717 minus
1487 2687 1526 2716 sit
1552 2686 1661 2716 ablati-

931 2750 989 2770 vus
1003 2750 1103 2777 casus,
1120 2739 1297 2775 subaudita,
1314 2745 1350 2768 ut
1364 2738 1479 2778 passim
1496 2737 1574 2768 solet
1584 2737 1664 2775 fieri,

931 2790 1151 2829 praepositione
1168 2792 1213 2820 z'n.

976 2841 1048 2871 Ver.
1065 2844 1136 2872 547.
1161 2840 1325 2870 Bentleius
1344 2850 1469 2871 crucem
1484 2839 1661 2879 parvulam,

932 2894 994 2935 qua
1009 2894 1192 2934 corruptelae
1205 2895 1413 2934 suspicionem
1430 2895 1508 2925 solet
1520 2894 1666 2930 innuere,
1697 2911 1703 2914 -

933 2949 1083 2982 vocabulo
1119 2952 1200 2982 ocull
1238 2950 1391 2990 appinxit:
1437 2960 1495 2980 nee
1531 2946 1664 2988 injuriam
