1894 3253
198 292 327 332 xxxiv
735 287 1186 331 ARGUMENTA.

199 422 359 470 partem
383 428 467 454 esse
487 412 680 460 hominis,
715 425 833 465 aeque
853 424 900 450 ac
920 409 1060 464 pedes,
1083 424 1244 460 manus,
1277 409 1460 460 brachia,
1494 418 1631 466 caput,
1653 420 1694 452 et

200 489 355 543 reliqua
370 487 569 535 membra,
588 494 627 526 et
642 499 728 525 non
740 484 929 525 habitum
945 484 1108 524 vitalem
1121 484 1246 524 totius
1261 485 1462 538 corporis,
1478 500 1548 526 seu
1561 486 1694 526 omni—

200 578 271 604 um
291 562 471 617 partium
492 559 675 613 corporis
696 558 1025 615 congruentiam,
1052 566 1393 614 concentumque,
1426 558 1587 613 qualem
1607 560 1698 614 qui-

201 637 297 678 dam
314 644 466 676 veteres
487 633 720 689 philosophi
734 633 995 674 harmoniam
1016 632 1223 674 dixerunt.
1266 633 1331 674 Ne
1347 648 1444 674 vero
1459 634 1595 674 minus
1616 633 1699 674 dis-

202 712 328 752 tincte
349 710 557 764 disputare
572 708 773 758 videatur,
790 708 890 749 dum
906 707 1074 749 vocibus
1090 710 1243 748 animus
1259 716 1299 748 et
1318 709 1454 748 anima
1469 709 1702 763 promiscue

200 785 344 834 utitur,
368 800 392 824 a
413 798 493 824 ver.
522 785 612 824 137.
635 783 688 824 ad
708 798 790 823 ver.
820 787 910 823 161.
932 782 1068 833 docet,
1100 783 1284 824 animum
1312 791 1352 823 et
1372 783 1553 823 animam
1574 798 1701 823 unam

203 859 370 914 quidem
386 873 473 899 rem
489 873 589 908 esse,
608 858 791 898 animum
813 872 910 898 vero
925 858 1180 912 praecipuam
1201 872 1286 899 esse
1300 866 1475 912 partem,
1499 865 1539 897 et
1554 857 1597 897 in
1611 872 1703 898 cor-

203 933 254 974 de
271 933 461 982 residere,
484 932 636 987 quippe
657 932 714 972 ibi
730 939 877 980 metus,
895 931 1109 987 gaudium,
1133 940 1171 972 et
1185 931 1351 987 reliquae
1364 932 1586 986 passioneS,
1609 947 1702 987 quae

203 1008 389 1048 animum
421 1014 663 1061 sequuntur,
695 1020 780 1045 sese
801 1012 1007 1045 ostentant
1015 1022 1027 1053 ;
1061 1004 1161 1044 dum
1182 1005 1334 1054 anima,
1358 1005 1401 1045 in
1422 1005 1502 1060 qua
1522 1006 1707 1047 locomo-

205 1082 287 1123 tiva
306 1080 473 1121 facultas
496 1081 615 1121 unice
646 1081 722 1121 sita
752 1088 827 1130 est,
858 1094 932 1134 per
954 1086 1087 1119 totum
1118 1094 1267 1133 corpus
1297 1094 1449 1133 sparsa,
1482 1079 1535 1120 ad
1555 1088 1704 1121 nutum

205 1156 332 1197 animi
354 1163 556 1195 movetur:
589 1154 686 1194 inde
707 1169 731 1194 a
750 1168 832 1193 ver.
861 1157 953 1192 161.
976 1153 1029 1193 ad
1050 1168 1131 1193 ver.
1158 1155 1249 1193 177.
1271 1153 1554 1194 demonstrare
1583 1169 1708 1195 cona—

205 1239 289 1279 tur,
308 1229 435 1269 animi
451 1236 641 1269 naturam
663 1242 747 1268 esse
767 1241 1024 1281 corpoream:
1057 1227 1217 1267 animus
1239 1227 1348 1267 enim
1365 1228 1497 1284 tangit
1511 1229 1709 1279 animam,

208 1318 332 1360 quam
353 1311 508 1352 movet3
541 1303 679 1342 anima
699 1309 852 1351 autem,
885 1316 1052 1356 corpus;
1085 1301 1217 1341 nullus
1238 1316 1350 1351 vero,
1374 1302 1451 1341 nisi
1482 1303 1589 1342 inter
1619 1317 1710 1343 cor-

208 1393 326 1434 pora,
360 1384 570 1419 contactus
591 1385 661 1417 est.
724 1377 764 1417 A
785 1390 867 1416 ver.
895 1377 988 1415 178.
1011 1375 1063 1416 ad
1084 1390 1167 1416 ver.
1190 1380 1285 1416 3¹23.
1307 1375 1444 1426 docet,
1467 1391 1711 1431 corporeum

209 1453 323 1494 hunc
343 1452 527 1493 animum
548 1451 742 1505 componi
763 1465 785 1490 e
806 1449 1027 1490 seminibus
1047 1449 1327 1490 minutissimis
1358 1450 1538 1505 quidem,
1562 1451 1714 1491 tenuis-

212 1527 402 1576 simis,sset
422 1526 601 1567 maxime
621 1525 823 1566 rotundis:
857 1533 911 1574 et,
935 1524 966 1564 si
989 1539 1075 1564 rem
1097 1524 1226 1578 ipsam
1248 1533 1489 1579 spectemus,
1522 1539 1543 1564 e
1564 1524 1734 1575 calore,'

215 1610 354 1651 vento,
377 1616 447 1641 seu
470 1615 635 1655 vapore,
659 1608 698 1640 et
719 1601 811 1640 a'e're
819 1617 830 1648 3
865 1608 905 1640 et
918 1598 994 1639 alia
1016 1599 1184 1654 insuper
1197 1614 1255 1649 re,
1271 1614 1364 1654 quae
1385 1614 1437 1639 ex
1452 1598 1713 1647 tenuissimis,

214 1675 511 1724 minutissimis,
535 1682 575 1715 et
588 1674 768 1714 maxime
788 1673 1022 1723 mobilibus,
1042 1672 1263 1713 seminibus
1278 1681 1482 1722 constans,
1506 1680 1565 1713 est
1578 1671 1717 1712 sensus

215 1749 480 1805 principiilm,
513 1755 553 1788 et
583 1748 716 1804 origo:
755 1762 837 1803 quo
867 1747 994 1788 modo
1029 1755 1166 1788 tamen
1199 1747 1324 1796 calor,
1362 1755 1520 1797 ventus,
1555 1748 1639 1796 a'e'r,
1677 1752 1718 1786 et

217 1832 363 1879 quarta
383 1823 449 1863 illa
469 1838 532 1863 res
553 1822 816 1862 innominata
844 1822 1108 1871 misceantur,
1141 1821 1347 1876 explicare
1367 1836 1409 1861 se
1428 1835 1513 1861 non
1534 1835 1651 1875 posse
1671 1819 1718 1860 li-

218 1897 345 1953 quido
365 1896 525 1937 fatetur.
588 1897 629 1936 A
649 1911 731 1936 ver.
765 1901 861 1936 323.
883 1896 935 1936 ad
958 1911 1039 1937 ver.
1063 1900 1158 1937 350.
1181 1896 1336 1945 asserit,
1359 1895 1539 1936 animam
1570 1902 1609 1935 et
1630 1908 1720 1934 cor-

219 1986 297 2027 pus
317 1971 374 2010 ita
404 1970 623 2024 conjuncta
654 1985 752 2019 esse,
775 1978 821 2010 ut
851 1970 938 2009 sine
969 1971 1181 2024 utriusque
1210 1969 1391 2023 pernicie
1425 1969 1604 2022 separari
1634 1982 1721 2008 non

220 2045 392 2100 possint:
425 2042 589 2091 deinde,
614 2057 638 2082 a
656 2057 739 2082 ver.
757 2046 853 2082 350.
875 2041 928 2082 ad
948 2057 1030 2081 ver.
1054 2044 1149 2082 370.
1171 2056 1255 2082 non
1277 2042 1406 2082 solum
1428 2042 1627 2090 animum,
1651 2040 1723 2081 sed

222 2120 346 2160 etiam
367 2132 530 2172 corpus,
564 2116 715 2157 sentire
745 2115 935 2166 affirmat,
974 2131 1044 2156 seu
1063 2115 1200 2171 potius
1230 2124 1363 2156 totum
1394 2115 1559 2165 animal,
1591 2130 1678 2155 rem
1699 2130 1722 2155 e

223 2207 397 2248 corpore
418 2199 458 2232 et
477 2191 614 2232 anima
636 2191 922 2246 compositam:
954 2199 1047 2246 post
1067 2190 1158 2232 haec
1179 2206 1203 2231 a
1223 2205 1304 2231 ver.
1329 2192 1424 2230 370.
1446 2189 1496 2230 ad
1519 2204 1601 2230 ver.
1625 2190 1722 2229 417.

225 2267 375 2308 refutat
395 2266 633 2322 opinionem
655 2266 903 2315 Democriti,
931 2266 1000 2322 qui
1022 2265 1200 2322 singulas
1221 2265 1370 2306 animae
1390 2272 1526 2319 partes
1557 2262 1724 2319 singuliS

227 2341 411 2397 corporis
431 2340 615 2395 partibus
636 2340 841 2395 appositas
863 2348 902 2381 et
923 2340 1160 2395 conjunctas
1191 2355 1275 2380 esse
1295 2339 1450 2380 docuit:
1482 2346 1538 2388 et,
1561 2346 1607 2378 ut
1627 2337 1725 2378 olim

229 2416 460 2465 affirmavit,
483 2415 665 2455 animum
688 2430 771 2456 esse
791 2415 995 2469 potiorem
1016 2415 1139 2455 totius
1161 2414 1374 2469 compositi
1400 2421 1574 2468 partem,
1597 2411 1653 2453 sic
1673 2411 1725 2452 ab

230 2491 368 2531 animo
389 2490 540 2544 potius,
563 2504 685 2545 quam
707 2489 758 2530 ab
779 2488 932 2538 anima,
954 2489 1080 2531 vitam
1101 2488 1348 2543 dependere,
1380 2495 1421 2528 et
1440 2486 1610 2528 salutem
1639 2486 1729 2527 ani-

231 2563 346 2603 malis
367 2564 614 2614 conservari,
646 2563 799 2604 asserit.
860 2562 1026 2603 Deinde
1056 2578 1080 2603 a
1100 2577 1182 2603 ver.
1206 2563 1302 2602 417.
1333 2561 1386 2602 ad
1407 2576 1488 2602 ver.
1513 2565 1607 2600 841.
1638 2559 1726 2600 ani-

232 2651 322 2676 mos
342 2645 382 2677 et
403 2638 558 2678 animas
577 2637 689 2678 nasci
710 2644 750 2677 et
764 2636 931 2677 interire
952 2651 1046 2677 cum
1059 2636 1315 2691 corporibus,
1337 2635 1480 2692 viginti
1497 2641 1590 2674 octo
1605 2647 1728 2689 argu-

233 2710 381 2751 mentis
417 2710 697 2752 demonstrare
738 2713 926 2760 conatur,
970 2718 1010 2751 et
1043 2710 1443 2766 transmigrationem
1478 2706 1733 2763 Pythagorae

236 2784 368 2824 obiter
398 2784 568 2825 deridet.
628 2785 828 2835 Demum,
860 2800 885 2825 a
904 2799 985 2825 ver.
1010 2788 1105 2825 841.
1127 2784 1180 2825 ad
1200 2798 1282 2824 ver.
1305 2786 1399 2822 882.
1422 2789 1597 2821 mortem
1626 2780 1730 2825 nihil

237 2872 321 2898 esse
342 2856 477 2907 docet,
500 2873 591 2898 cum
613 2868 706 2913 post
726 2867 901 2900 mortem
922 2857 1024 2898 nihil
1048 2865 1108 2899 est
1128 2856 1286 2898 mortali
1309 2855 1458 2896 auimae
1478 2854 1706 2897 timendum
1714 2872 1728 2903 3
