1894 3253
822 330 1187 379 LECTORI.

250 482 386 508 versus
428 466 634 507 Poematis
664 477 822 512 omnes,
854 462 1109 511 collatarum,
1146 460 1307 502 lectoris
1337 462 1462 503 oculis
1493 463 1749 518 subjecimus.

252 558 449 614 Synopsis
469 556 550 605 illa,
585 569 683 595 cura
717 563 758 595 et
786 553 988 594 industria
1007 554 1084 593 viri
1108 552 1340 593 Reverendi
1360 553 1533 594 ,loannis
1555 553 1750 604 Gerardi,

253 648 414 706 Siglarii
448 644 627 687 Romani
662 644 846 694 editoris,
878 642 1126 697 conscripta,
1158 657 1318 684 summa
1349 643 1467 684 nobis
1497 643 1751 694 liberalitate,

251 753 336 796 quo
367 737 585 793 perfectior
617 746 657 777 et
687 736 872 776 ornatior
902 735 994 776 haec
1023 735 1150 776 editio
1179 735 1380 790 prodiret,
1411 750 1464 776 ex
1493 750 1603 790 penu
1640 734 1755 776 ditis-

251 831 355 870 simo
377 844 465 878 suo,
498 828 818 876 subministrata,
851 843 875 868 a
895 827 1002 867 Viro
1022 826 1305 877 Nobilissimo,
1330 827 1509 868 Comm:
1534 827 1753 875 Smmmn,

249 921 461 962 literarum
493 919 790 976 elegantiorum
821 932 976 967 amore,
1012 917 1133 958 simul
1162 926 1284 972 atque
1317 917 1564 972 patrocinio,
1597 931 1758 972 semper

252 1012 416 1068 insigni.

328 1191 476 1241 Notas,
511 1190 687 1245 denique
726 1197 945 1244 perpetuas
977 1189 1053 1229 viri
1086 1190 1339 1230 Criticorum
1372 1189 1636 1246 sagacissimi,
1680 1187 1760 1229 RI-

256 1297 388 1325 CARDI
412 1282 648 1330 BENTLEn,
681 1295 781 1336 quas
811 1280 977 1320 adoras
1011 1280 1104 1320 libri
1135 1280 1197 1320 sui
1221 1280 1507 1335 adscripscrat,
1539 1295 1621 1335 quo
1657 1287 1760 1320 tem-

254 1389 356 1429 pore
385 1373 486 1428 ipse,
530 1380 576 1413 ut
606 1372 748 1421 fertur,
793 1371 977 1412 Lucretii
1010 1371 1236 1412 editionem
1266 1387 1417 1413 novam
1447 1372 1675 1420 moliretur,
1708 1370 1761 1411 ad

257 1465 409 1506 calcem
440 1470 594 1505 nostrae
627 1463 905 1518 adposuimus.
968 1462 1100 1503 Notas
1129 1462 1231 1512 illas,
1265 1478 1288 1503 a
1321 1461 1561 1503 Wakefield
1589 1460 1763 1516 saepissi-

257 1571 324 1596 me
343 1555 543 1605 laudatas,
568 1554 825 1609 carptimque
844 1554 886 1594 in
921 1553 1253 1595 Commentarios
1273 1569 1382 1604 suos,
1408 1567 1645 1609 quanquam
1666 1559 1766 1594 tunc

255 1645 468 1700 temporis,
503 1645 573 1684 vix
609 1644 662 1685 ad
693 1652 901 1684 auctorem
939 1651 1050 1684 certa
1082 1644 1323 1685 auctoritate
1351 1642 1600 1693 referendas,
1633 1651 1766 1684 trans-

255 1735 372 1784 latas,
405 1747 548 1774 omnes
580 1733 831 1790 ingeniosas,
872 1733 1020 1774 multas
1053 1733 1182 1774 multa
1213 1733 1404 1775 doctrina
1434 1732 1617 1783 refertas,
1654 1731 1767 1788 quod

256 1839 366 1866 nunc
402 1824 572 1864 demum
601 1823 783 1879 integras
824 1831 864 1864 et
904 1824 1121 1864 continuas
1160 1824 1205 1864 in
1244 1824 1379 1864 lucem
1421 1823 1596 1878 proferri
1636 1822 1769 1863 conti-

261 1915 382 1971 gerit,
416 1911 567 1954 Musaei
598 1911 829 1952 Britannici
853 1912 1106 1954 Curatorum
1125 1913 1375 1955 humanitati
1394 1913 1588 1962 debetur;
1618 1913 1772 1968 quippe

260 2021 285 2047 a
324 2003 471 2059 quibus
501 2002 719 2043 liberaliter
759 2017 950 2043 concessa
983 2003 1152 2045 facultas
1182 2003 1268 2044 illas
1307 2003 1581 2052 exscribendi,
1615 2016 1668 2044 ex
1707 2003 1767 2057 ip-

264 2095 345 2136 sius
379 2092 554 2135 Bentleii
589 2092 714 2143 libro,
747 2108 771 2133 a
793 2093 1040 2150 Tanaquillo
1073 2094 1211 2136 Fabro
1240 2094 1368 2145 edito,
1402 2092 1610 2143 Sahnurii,
1643 2093 1770 2134 Anno

260 2180 554 2227 MDCLXII.
577 2183 648 2238 qui
667 2183 769 2223 liber
784 2183 872 2238 jam
892 2184 937 2224 in
959 2183 1125 2226 Musaeo
1145 2184 1336 2226 conditus
1358 2192 1553 2225 servatur.

345 2365 476 2407 Hisce
507 2366 594 2420 jam
628 2365 1003 2417 Annotationibus,
1043 2367 1223 2423 reliquiis
1256 2367 1349 2407 Viri
1382 2366 1622 2416 doctissimi,
1663 2378 1776 2406 nun--

266 2473 390 2513 quam
421 2457 508 2497 sine
537 2456 765 2497 reverentia
799 2457 907 2498 inter
927 2457 1089 2500 criticos
1119 2457 1379 2506 nominandi,
1411 2471 1462 2497 ex
1493 2457 1619 2511 ipsius
1639 2455 1774 2497 Auto-

267 2547 426 2605 grapho
446 2547 500 2589 ad
520 2547 714 2590 amussim
735 2549 965 2605 exscriptis,
993 2550 1173 2608 gaudeat
1194 2549 1346 2591 Lector
1367 2546 1562 2589 eruditus.

441 2755 706 2799 GLASGUAE,
810 2748 812 2752 '

317 2817 408 2864 Ipsis
426 2819 585 2853 Kalendis
600 2821 708 2863 Junii,
729 2755 868 2865 lala}
