1894 3253
616 237 850 286 LIBER
899 233 1207 286 PRIMUS.

306 371 444 412 Errat:
477 385 575 413 nam
595 386 770 415 vacuum
791 380 880 413 tum
902 371 963 421 fit,
995 370 1109 427 quod
1129 385 1215 412 non
1234 369 1312 411 fuit
1331 378 1443 422 ante,

192 451 273 487 395
307 446 363 488 Et
383 447 562 502 repletur
582 448 695 497 item,
729 460 904 487 vacuum
926 445 1038 501 quod
1059 445 1244 487 constitit
1263 452 1379 497 ante3

308 520 398 562 Nec
419 521 488 562 tali
508 522 669 563 ratione
689 529 823 576 potest
842 520 1052 561 denserier
1073 522 1158 561 a'er:

309 595 413 645 Nec,
438 597 468 636 si
481 596 570 650 jam
590 603 742 650 posset,
766 595 853 635 sine
874 594 988 634 inani
1009 603 1162 649 posset,
1185 595 1350 650 opinor,

308 670 403 724 Ipse
422 670 465 710 in
486 684 528 710 se
548 669 728 720 trahere,
753 678 793 710 et
812 669 963 724 parteis
984 668 1218 710 conducere
1238 669 1281 709 in
1303 684 1446 711 unum.

305 743 588 799 Quapropter,
611 745 797 800 quamvis
817 744 1047 786 caussando
1067 743 1198 785 multa
1218 745 1408 795 moreris,

189 823 272 858 400
304 818 405 859 Esse
425 819 467 859 in
488 819 610 860 rebus
631 820 755 861 inane
775 828 915 861 tamen
936 818 1088 861 fateare
1108 833 1272 860 necesse
1293 827 1362 860 est.

364 893 582 949 Multaque
601 902 806 949 praeterea
825 894 900 935 tibi
921 901 1094 949 possunt
1114 892 1468 934 conmemorando

303 968 565 1025 Argumenta
585 969 711 1010 fidem
733 969 853 1010 dictis
874 967 1102 1010 conradere
1122 968 1289 1009 nostris:

203 1125 278 1155 Ver.
293 1128 366 1155 588.
389 1127 608 1157 celerantibus:
634 1125 672 1156 P.
689 1126 730 1157 V.
746 1126 793 1156 ed.
817 1128 890 1157 den-

158 1178 316 1211 santibuae
348 1177 384 1206 B.
408 1179 624 1213 celce'antibus;
652 1183 687 1208 Σ.
711 1179 890 1208 celebranti-

158 1229 221 1259 bus.
268 1227 308 1258 In
335 1234 484 1268 sequente
505 1239 608 1267 versu,
642 1235 681 1259 Π.
705 1229 798 1259 habet
823 1235 890 1267 aue,

160 1290 217 1319 pro
231 1283 327 1318 haud,
344 1287 379 1310 ut
395 1281 562 1319 saepissime
577 1281 663 1311 alias.

202 1330 274 1362 Ver.
291 1335 364 1363 590.
387 1343 542 1372 quemque.
591 1331 642 1362 Sic
652 1331 728 1368 sola,
747 1331 807 1361 Pio
818 1342 889 1371 pro-

157 1389 276 1421 curata,
292 1383 389 1413 editio
398 1384 620 1423 Bononiensis,
637 1384 704 1414 sine
714 1383 780 1414 ulla
790 1384 889 1415 varie-

156 1435 227 1465 tatis
243 1435 485 1476 significatione;
510 1436 595 1467 unde
620 1442 690 1468 tuto
712 1435 891 1477 colligimus

155 1498 230 1518 eum
246 1498 317 1518 suas
332 1490 532 1519 membranas
556 1489 654 1530 sequi.
703 1489 817 1520 Caeteri
839 1495 886 1519 ta-

155 1549 230 1569 men
252 1539 389 1569 universi
412 1540 532 1572 codices
566 1540 664 1571 MSS.
695 1545 761 1570 tam
790 1540 888 1570 nostri

156 1601 254 1631 quam
268 1591 414 1629 aliorum,
430 1591 542 1632 legunt
553 1593 696 1632 quisque:
715 1602 786 1632 quae
798 1591 889 1622 lectio

156 1652 221 1682 quo
251 1648 341 1682 pacto
363 1643 558 1673 admittenda
581 1643 634 1680 sit,
662 1642 769 1673 nullus
790 1642 889 1673 video.

157 1693 271 1735 Neque
293 1695 397 1725 hilum
426 1695 552 1735 adjuvat
577 1695 684 1725 Vossii
708 1695 891 1735 conjectura
927 1701 931 1703 ”

151 1748 289 1786 privum,
304 1747 371 1777 vice
381 1749 538 1787 primum:
565 1748 633 1777 haec
648 1746 736 1777 enim
750 1757 810 1777 vox
825 1757 890 1776 non

158 1799 379 1829 tantummodo
394 1809 520 1837 prorsus
534 1798 707 1828 necessaria
722 1803 768 1828 est
783 1799 822 1828 ob
837 1809 889 1827 ve-

158 1849 301 1879 nientem
324 1852 445 1887 deinde,
469 1850 524 1879 sed
547 1850 580 1879 in
603 1849 640 1879 εἲι
666 1850 770 1879 omnis
796 1860 889 1890 argu-

158 1900 258 1930 menti
274 1899 367 1930 cardo
383 1900 525 1938 vertitur,
549 1906 581 1930 et
606 1906 673 1931 tota
696 1900 756 1930 loci
776 1901 891 1931 intelli.

159 1951 266 1991 gentia
281 1950 430 1981 consistit.

202 2002 277 2033 Ver.
303 2007 376 2035 591.
396 2005 632 2043 possideantur:
658 2003 702 2034 sic
729 2004 766 2034 P.
793 2004 889 2035 Vind.

158 2053 200 2084 V.
217 2054 265 2084 ed.
289 2054 326 2084 L.
344 2054 390 2084 M.
410 2059 444 2085 Δ.
464 2061 505 2084 Π.
523 2059 557 2086 Σ.
576 2061 621 2085 Ω.
646 2055 723 2085 adeo
745 2060 792 2093 ut,
814 2055 891 2095 quid

156 2105 318 2145 impulerit
344 2106 603 2146 Havercampum
629 2107 670 2137 ad
686 2109 888 2148 possz‘dantur

157 2157 326 2194 edendum,
342 2158 484 2189 divinare
495 2169 660 2200 nequeam.

200 2210 275 2240 Ver.
290 2213 363 2242 592.
392 2212 489 2250 Quod,
512 2214 596 2243 sz'—:
623 2211 642 2242 i.
666 2222 692 2242 e.
716 2214 740 2231 “
763 2212 797 2242 Si
818 2211 888 2253 quis

159 2264 182 2280 “
197 2268 287 2301 putet
301 2272 429 2301 corpora
443 2263 585 2301 dissilire,
608 2274 674 2295 non
696 2264 782 2305 quod
797 2264 841 2295 ita
856 2275 888 2295 se

161 2315 183 2330 “
200 2312 396 2353 contingant,
411 2320 447 2344 ut
461 2315 565 2346 omnis
579 2316 632 2346 a’ei·
646 2316 842 2355 excludatur,
859 2322 891 2347 et

161 2367 182 2380 “
198 2369 310 2394 mutua
324 2365 444 2396 collisio
459 2368 598 2407 repellat,
614 2369 668 2399 sed
684 2370 723 2399 ob
735 2369 800 2399 vim
814 2379 889 2399 con-

162 2419 183 2432 “
199 2414 318 2445 densati
344 2416 440 2455 a'eris3
463 2419 553 2449 nullo
576 2420 664 2450 inani
694 2420 792 2458 fact03
815 2421 890 2451 hinc

160 2467 183 2483 “
199 2471 285 2505 patet
299 2476 373 2497 eum
389 2477 455 2498 esse
469 2469 585 2500 falsum
599 2471 786 2510 opinionis.”
833 2472 888 2502 In-

160 2518 298 2558 tegritati
321 2525 428 2549 autem
450 2521 580 2561 hujusce
602 2522 663 2553 loci
684 2522 764 2553 nihil
793 2523 890 2563 deest,

162 2575 199 2600 ut
225 2570 355 2611 quidam
379 2573 526 2611 suspicati
549 2580 630 2605 sunt.
675 2575 720 2605 Et
741 2575 891 2607 orationis

158 2622 263 2660 series,
280 2629 311 2653 et
325 2625 607 2664 argumentationis
632 2626 678 2656 vis
701 2632 795 2668 atque
819 2638 889 2668 per-

160 2674 321 2713 spicuitas,
337 2682 411 2706 sunt
426 2676 572 2708 omnibus
587 2677 651 2708 suis
671 2679 812 2710 numeris
834 2681 888 2710 ab—

159 2724 358 2758 solutissima.

204 2777 284 2809 Ibid.
310 2785 351 2810 Π.
378 2781 471 2811 habet
493 2783 650 2813 dissolvere
658 2796 668 2817 ;
702 2787 745 2821 et,
778 2781 812 2812 in
842 2793 889 2813 se-

161 2835 275 2868 quente
289 2840 391 2871 versu,
408 2835 582 2865 condensat.

206 2879 278 2910 Ver.
292 2885 365 2913 594.
389 2886 487 2924 quod:
514 2885 554 2917 V.
571 2885 618 2918 ed.
639 2885 677 2918 B.
694 2888 728 2919 Σ.
746 2890 793 2918 Ω.
810 2895 885 2928 qum·

248 2938 337 2972 Vox..
361 2941 389 2973 Ι.

901 2945 929 2975 G

937 1126 956 1156 i.
980 1136 1006 1156 c.
1033 1126 1066 1155 in
1089 1135 1152 1166 quo
1174 1124 1257 1155 loco:
1284 1124 1371 1155 haud
1393 1124 1666 1166 deterius—fuit:

938 1182 978 1207 n.
991 1179 1046 1218 fit.

980 1227 1054 1257 Ver.
1068 1230 1142 1258 596.
1164 1228 1337 1257 denserier:
1364 1226 1401 1257 P.
1418 1228 1456 1257 B.
1474 1231 1509 1258 Δ.
1527 1234 1568 1258 Π.
1592 1230 1668 1259 den·

934 1281 1051 1311 sarier:
1081 1279 1120 1309 G.
1137 1283 1172 1310 Σ.
1189 1280 1384 1315 condensier;
1413 1279 1455 1311 V.
1471 1280 1518 1310 ed.
1533 1283 1667 1311 conden-

934 1334 1050 1367 sarier;
1071 1331 1108 1362 L.
1126 1332 1174 1361 M.
1187 1333 1406 1362 condenserz'er.
1438 1332 1531 1362 Nihil
1545 1332 1670 1364 videtur

935 1382 1142 1420 mutandum;
1166 1393 1241 1412 nam
1256 1382 1386 1423 majoris
1400 1384 1594 1414 auctoritatis
1614 1394 1668 1414 va-

933 1435 1035 1471 riatio,
1062 1437 1254 1474 condensior,
1280 1435 1409 1476 scilicet,
1439 1446 1510 1477 quae
1533 1446 1593 1467 vox
1616 1438 1656 1467 sit

932 1486 1026 1526 plane
1042 1486 1154 1517 nescio.

975 1539 1050 1570 Ver.
1065 1543 1138 1571 597.
1151 1539 1241 1579 jam:
1267 1539 1364 1570 Vind.
1381 1540 1425 1571 V.
1442 1540 1490 1571 ed.
1508 1547 1549 1571 Π.
1573 1552 1666 1572 nam.-

934 1601 1070 1631 quorum
1081 1590 1213 1621 ultimus
1225 1592 1320 1622 etiam
1329 1598 1463 1632 possent,
1475 1592 1543 1623 vice
1555 1603 1668 1623 secun-

934 1642 966 1672 di
975 1649 1084 1682 posset.

978 1694 1054 1723 Ver.
1069 1697 1145 1725 398.
1170 1693 1308 1723 Initium
1329 1693 1460 1734 hujusce
1474 1694 1579 1724 versus
1595 1705 1667 1734 pro-

935 1745 1065 1775 nomine
1081 1748 1116 1776 Se
1132 1746 1372 1776 suffarcinatum
1393 1746 1527 1776 editores
1542 1746 1669 1787 dedere,

934 1797 1143 1827 renitentibus
1158 1803 1188 1827 et
1204 1797 1448 1828 inclamantibus
1465 1799 1504 1829 G.
1518 1799 1556 1828 P.
1568 1799 1666 1831 Vind.

936 1849 978 1878 V.
994 1848 1041 1878 ed.
1059 1849 1096 1878 B.
1113 1848 1150 1878 L.
1164 1848 1212 1878 M.
1231 1853 1266 1879 Δ.
1285 1855 1326 1880 Π,
1343 1853 1378 1880 Σ.
1397 1856 1441 1880 Ω.
1458 1855 1489 1880 et
1509 1847 1576 1889 ipsa
1599 1851 1667 1881 Lu·

937 1899 1025 1929 cretii
1040 1899 1279 1938 consuetudine,
1295 1901 1334 1930 vi.
1354 1903 1446 1931 1188.

1658 1461 1670 1476 2

952 1960 983 1983 In
993 1959 1116 1985 manibus
1125 1966 1189 1985 vero
1197 1960 1274 1984 nervi
1281 1960 1390 1989 trahere,
1400 1962 1428 1985 et
1435 1963 1554 1986 tremere
1561 1964 1634 1986 artus
1642 1968 1651 1986 τ

933 2009 989 2039 ubi
998 2010 1107 2040 eadem
1120 2009 1349 2040 audaculorum
1359 2010 1529 2041 hominum
1541 2011 1667 2042 temeri-

932 2067 983 2092 tas
998 2061 1142 2092 similiter
1156 2063 1292 2102 grassari
1303 2072 1368 2093 non
1380 2063 1540 2103 expalluit.
1566 2064 1668 2095 Hunc

933 2114 1114 2145 absolutum
1128 2116 1296 2145 verborum
1310 2125 1405 2145 usum
1419 2115 1453 2145 in
1468 2116 1580 2155 primis
1591 2116 1667 2147 ada-

931 2172 1010 2205 mat,
1034 2173 1066 2197 et
1088 2173 1161 2198 ante
1183 2167 1260 2198 alios
1284 2177 1395 2198 omnes
1417 2168 1534 2207 po‘e'tas,
1566 2169 1666 2200 Carus

932 2225 1048 2250 noster:
1076 2219 1130 2250 sed
1145 2219 1354 2259 improbante,
1378 2225 1414 2250 ut
1429 2219 1563 2258 videtur,
1580 2220 1666 2250 codi-

934 2271 978 2301 cis
1001 2277 1042 2302 Π.
1071 2270 1230 2310 scriptore,
1261 2270 1316 2311 qui
1338 2270 1423 2301 dedit
1444 2281 1517 2308 sese,
1544 2280 1601 2309 pro
1622 2282 1663 2302 se.

934 2321 1019 2353 Vide
1033 2332 1120 2360 mox,
1136 2322 1177 2352 ad
1191 2331 1254 2352 ver.
1270 2324 1341 2353 787.

976 2374 1051 2404 Ver.
1067 2377 1141 2406 599.
1164 2375 1351 2404 mussando:
1376 2372 1396 2403 i.
1412 2383 1438 2403 e.
1455 2382 1577 2402 caussas
1592 2382 1665 2403 nec-

933 2426 1040 2466 tendo,
1056 2433 1093 2458 ut
1107 2426 1327 2467 interpretatur
1345 2427 1470 2456 Servius
1486 2425 1525 2456 ad
1535 2426 1666 2467 Virgilii

933 2478 990 2510 ecl.
1001 2479 1042 2510 ix.
1059 2481 1110 2510 56.

972 2539 1116 2564 Caussando
1126 2543 1231 2564 nostros
1241 2539 1268 2563 in
1278 2538 1389 2570 longum
1400 2537 1475 2562 ducis
1486 2543 1600 2562 amores.

935 2589 1024 2619 Bene
1054 2589 1221 2619 Philoxeni
1243 2587 1447 2629 glossarium:
1474 2590 1497 2605 ‘⁶
1516 2588 1664 2626 Caussor,

935 2643 957 2658 “
974 2628 1228 2682 προφὲισιζομαι.·”
1253 2644 1284 2669 et
1298 2648 1406 2668 rursus
1425 2638 1550 2669 Nouius
1573 2640 1664 2670 Mar-

934 2689 1044 2721 cellus:
1080 2695 1102 2709 ‘⁴
1122 2689 1279 2728 Caussari,
1310 2699 1453 2720 caussam
1482 2690 1585 2721 dicere
1615 2690 1664 2722 vel

934 2746 956 2761 “
973 2742 1149 2773 defendere.
1195 2742 1313 2774 Accius
1329 2741 1457 2773 Medea:

934 2805 952 2818 “
964 2803 1018 2835 Qui
1028 2804 1094 2835 poti’
1103 2804 1136 2827 'st
1148 2802 1227 2834 rqfelli
1235 2803 1387 2835 quisquam,
1396 2803 1443 2828 ubi
1451 2803 1536 2829 nullu'
1545 2805 1579 2829 ’st
1588 2809 1664 2830 caus·

1058 2845 1078 2858 ‘⁵
1088 2843 1163 2868 sandi
1173 2844 1246 2868 locus
1253 2844 1282 2868 ?”

936 2885 988 2916 Ita
1003 2885 1060 2916 iste
1075 2885 1253 2917 trocha'i'cus
1267 2885 1421 2927 legendus
1435 2891 1488 2918 est.
