1894 3253
568 225 802 275 LIBER
844 223 1262 273 SECUNDUS.

1582 227 1673 271 307

315 362 556 418 Propterea,
586 373 782 417 magnam
803 357 973 398 armatei
996 355 1181 398 Matrem
1201 356 1467 398 comitantur:

197 441 282 478 640
315 437 418 488 Aut,
452 436 549 492 quia
568 433 803 492 significant
822 432 960 472 divam
980 432 1221 486 praedicere,
1250 441 1296 473 ut
1316 432 1454 482 armis,

311 513 376 554 Ac
396 512 561 560 virtute,
593 509 719 550 velint
738 506 914 563 patriam
935 504 1155 546 defendere
1174 515 1346 556 terram;

319 585 601 641 Praesidioque
620 590 783 638 parent,
812 579 1048 635 decorique,
1077 580 1316 635 parentibus
1336 596 1433 622 esse.

374 660 499 711 Quae,
528 659 634 700 bene
653 665 695 699 et
714 655 864 697 eximie
883 669 1008 710 quam
1028 653 1088 695 vis
1108 653 1290 710 disposta
1308 654 1507 707 ferantur,

173 822 195 838 ‘⁶
210 818 380 854 audiretur,
399 818 566 858 impuberes
582 816 773 853 convocavit,
796 815 902 856 eisque

172 875 196 890 ‘⁶
211 871 351 912 clypeola
365 880 454 901 aenea
468 876 499 900 et
512 871 617 900 hastas
632 869 736 908 dedit3
758 874 789 899 et
810 868 904 910 jussit

172 926 195 941 ‘⁶
212 933 275 959 eos,
299 923 419 953 circum
445 923 586 952 arborem
612 927 733 958 euntes,
760 930 899 960 crepare:

171 978 193 994 ‘⁴
209 975 264 1016 qui
282 975 392 1006 Graece
406 977 530 1005 Curetes
544 979 618 1003 sunt
632 972 808 1012 appellati.''
835 972 902 1003 Sta-

171 1028 234 1057 tius
258 1038 332 1058 cum
354 1028 413 1056 hoc
439 1026 508 1056 loco
530 1035 595 1056 non
620 1025 794 1066 injucunde
816 1034 902 1055 com-

173 1080 325 1116 mittetur,
349 1079 450 1109 Theb.
463 1079 502 1108 iv.
520 1081 594 1109 782.

450 1152 542 1184 Qualis
552 1151 731 1183 Berecynthia
743 1155 841 1180 mater,

190 1195 264 1218 Dum
275 1193 346 1218 circa
357 1199 471 1224 parvum
479 1193 557 1223 Jubet
570 1192 707 1216 exsultare
718 1193 877 1216 Tonantem

190 1234 304 1257 Curetas
315 1232 446 1264 trepidos:
464 1231 502 1255 ini
512 1231 645 1256 certantia
656 1230 789 1262 plaudunt

190 1272 282 1304 Orgia,
298 1271 344 1296 sed
355 1271 460 1303 magnis
471 1274 577 1296 resonat
588 1270 723 1302 vagitibus
736 1270 792 1294 Ide.

174 1335 285 1372 Porro,
302 1335 336 1365 in
353 1335 390 1365 P.
400 1333 497 1365 Vind.
514 1334 555 1364 V.
571 1333 618 1365 ed.
637 1339 680 1364 Ω.
697 1332 785 1363 hicce
800 1343 906 1364 versus

174 1387 328 1429 sequitur:

202 1446 310 1472 Armati
319 1447 347 1471 in
358 1452 504 1472 numerum
516 1449 618 1471 starent
630 1445 738 1477 pernice
750 1444 865 1475 chore53

174 1496 210 1527 in
225 1497 262 1527 L.
278 1497 327 1526 M.
343 1495 387 1526 ita
400 1495 588 1526 lectionibus
602 1495 752 1525 variatus:

232 1556 339 1581 Armati
349 1558 376 1580 et
388 1556 417 1579 in
428 1561 574 1580 numerum
586 1554 695 1586 pernice
707 1554 816 1580 chorea.

178 1619 352 1654 Nimirum,
375 1618 509 1649 oscitans
530 1617 677 1648 librarius
698 1617 826 1648 initium
841 1627 910 1648 ver-

176 1670 230 1701 sfis
256 1670 414 1711 sequentis
438 1674 618 1708 exceperat;
641 1675 683 1707 et,
707 1668 828 1708 arrepta.
851 1669 908 1699 ite-

177 1733 251 1754 rum
271 1722 403 1763 hujusce
418 1721 494 1760 fine,
517 1732 624 1752 versus
638 1722 760 1762 integer
775 1721 814 1752 de
829 1731 911 1751 novo

179 1775 340 1806 confectus
359 1780 416 1813 est,
442 1780 479 1804 ut
494 1774 587 1804 decor
602 1785 678 1804 suus
693 1773 793 1804 codici
809 1773 911 1804 salvus

178 1831 362 1856 servaretur.
408 1826 500 1855 Certe
511 1825 725 1865 abjiciendum
740 1835 805 1855 esse
814 1824 913 1855 fidens

177 1878 326 1913 dixerim,
350 1884 380 1907 et
395 1877 527 1907 omnino
539 1877 632 1907 nihili
647 1877 837 1908 faciendum.

224 1930 300 1960 Ver.
313 1933 384 1960 656.
403 1931 562 1960 Armatei:
582 1935 616 1960 Δ.
635 1931 748 1960 Armat
762 1932 912 1969 et.—pul-

181 1988 302 2013 sarent:
331 1989 371 2012 Π.
393 1982 431 2012 O.
442 1983 608 2021 pulsarunt
615 1998 626 2018 ,-
652 1981 807 2020 Sosipater
829 1981 911 2012 Cha-

179 2033 280 2069 risius,
297 2033 382 2063 instt.
397 2043 494 2073 gram.
509 2033 562 2063 lib.
578 2034 597 2063 i.
610 2044 638 2072 p.
656 2036 705 2064 97.
716 2035 891 2073 pulsabant.

226 2084 308 2115 Ibid.
324 2087 357 2115 in
372 2096 533 2114 numerum
543 2098 552 2114 :
572 2090 609 2114 ut
623 2084 747 2114 locutus
762 2090 808 2114 est
819 2084 915 2114 etiam

183 2136 349 2166 Ausonius
361 2136 394 2165 in
411 2135 499 2174 epist.
515 2145 585 2165 xxv.
603 2139 652 2166 24.
669 2135 712 2166 ita
726 2135 838 2166 leniter
849 2146 914 2166 cas-

186 2186 352 2227 tigandus:

211 2261 270 2285 Nec
282 2260 415 2285 Dodonaei
425 2264 508 2286 cessat
519 2261 632 2286 tinnitus
643 2261 733 2292 aheni,

216 2301 247 2322 1η
259 2306 392 2324 numerum
404 2301 526 2331 quotiens
536 2288 614 2325 radiis
627 2301 783 2327 ferientibus
794 2305 868 2332 ame,

216 2340 387 2370 Respondent
397 2341 496 2366 dociles
510 2342 650 2367 modulato
662 2344 772 2368 verbere
783 2344 883 2375 pelveS.

189 2401 308 2443 Vulgo,
331 2403 496 2433 invenuste
522 2405 605 2442 satis,
637 2408 723 2441 z'ccae,·
761 2417 825 2437 non
849 2407 916 2437 sine

188 2463 305 2494 magno
319 2464 468 2484 versuum
493 2456 712 2494 praeclarorum
730 2458 914 2490 dehonesta-

189 2512 305 2536 mento.
352 2506 432 2542 Quis
462 2507 547 2537 enim
565 2509 753 2549 ferientibus
782 2513 851 2541 ictae
882 2512 916 2542 in

188 2556 253 2586 una
268 2556 340 2587 sede
362 2557 515 2596 patienter
529 2559 661 2591 toleret?
686 2563 784 2592 Actus
810 2568 917 2593 autem

187 2613 220 2638 et
234 2611 313 2639 ictus
338 2609 490 2639 confundi
513 2610 620 2649 solere,
643 2611 733 2642 docet
758 2615 916 2645 Burman-

188 2671 249 2691 nus
264 2660 303 2690 ad
321 2660 412 2690 Ovid.
428 2660 496 2691 fast.
511 2661 555 2692 iii.
573 2665 643 2693 741.
658 2669 689 2693 et
703 2664 756 2694 alii
770 2665 853 2697 alibi.

229 2713 304 2742 Ver.
321 2715 392 2743 657.
417 2714 485 2743 Ne.-
513 2713 551 2743 O.
566 2719 599 2745 Σ.
616 2716 910 2749 Nea—mandaret.-

190 2763 230 2794 Ο.
254 2766 421 2799 manderet,
453 2770 484 2794 et
507 2765 652 2803 primitus
676 2767 724 2797 M.
750 2768 804 2799 sed
829 2769 914 2801 erasa

186 2814 251 2850 illa,
275 2815 436 2855 vulgatam
465 2816 631 2847 lectionem
661 2817 771 2848 eadem
801 2829 915 2851 manus

190 2869 336 2908 reposuit.

234 2919 314 2951 Ibid.
330 2923 419 2953 malis
435 2925 594 2955 mandaret
606 2939 615 2954 .·
642 2924 660 2954 i.
679 2935 702 2954 e.
721 2924 910 2956 daret-tra-

945 813 1048 852 deret;
1071 820 1107 845 ut
1129 817 1152 833 “
1169 816 1320 846 mandare
1346 824 1378 845 se
1391 813 1518 856 ficgoe,'’
1546 819 1577 844 et
1600 823 1671 844 cen-

946 872 1015 898 tum
1029 867 1145 898 similia
1159 868 1439 908 passim—Porro,
1455 867 1561 898 locum
1575 866 1673 906 Apol-

947 919 1061 958 lodori,
1084 920 1117 951 iu
1132 920 1204 951 bibl.
1221 919 1240 950 i.
1259 923 1285 950 1.
1301 930 1332 959 p.
1349 922 1379 949 3.
1390 918 1438 950 ed.
1456 919 1588 959 Heynii,
1605 928 1675 958 pra-

947 972 985 1003 va
1000 973 1197 1004 distinctione
1212 974 1443 1008 conturbatum,
1465 972 1508 1003 ita
1523 972 1674 1003 constitu-

948 1035 995 1055 as:
1021 1026 1057 1056 Οἱ
1080 1025 1106 1055 δε
1132 1031 1254 1067 Kapan-53
1280 1032 1402 1063 ενοπλαι,
1427 1037 1452 1055 εν
1473 1037 1515 1064 τῳ
1538 1038 1628 1066 αντρῳ
1644 1037 1678 1055 το

947 1081 1044 1120 βρεφος
1073 1085 1279 1117 molucam-755,
1305 1091 1361 1112 τοις
1389 1076 1479 1119 δαρασι
1505 1089 1559 1110 τας
1587 1088 1676 1107 ‹zerm-

948 1128 997 1163 δας
1015 1142 1166 1171 σννεκρεον,
1190 1130 1234 1159 ἵνα
1257 1142 1299 1168 μη
1316 1142 1368 1162 της
1390 1140 1428 1159 τε
1443 1127 1542 1162 παιδος
1558 1135 1648 1168 φωνῆς
1665 1127 1678 1158 ὅ

949 1185 1044 1222 Κρσνος
1059 1193 1164 1223 ακεσῃ.

992 1233 1067 1262 Ver.
1084 1236 1156 1263 658.
1179 1234 1346 1262 AEternum
1364 1233 1417 1263 sab
1428 1238 1550 1271 pectore
1565 1233 1680 1263 volnus.

949 1284 1032 1314 Haec
1043 1283 1139 1313 etiam
1152 1283 1306 1323 Virgilius
1318 1288 1482 1313 mutuatus
1490 1289 1548 1321 est,
1573 1283 1648 1314 AEn.
1658 1282 1678 1314 i.

948 1339 999 1366 56.

1115 1398 1239 1420 aeternum
1248 1402 1356 1420 servans
1366 1395 1412 1420 sub
1418 1398 1517 1428 pectore
1527 1395 1636 1420 volnus.

995 1445 1068 1475 Ver.
1083 1449 1156 1477 659.
1174 1448 1360 1485 Propterea:
1387 1446 1484 1476 Vind.
1503 1446 1543 1476 O.
1560 1448 1679 1476 Praete-

950 1507 1013 1527 rea.
1060 1496 1158 1526 Solita
1179 1503 1225 1526 est
1249 1496 1384 1526 librariis
1408 1496 1483 1527 alibi
1506 1497 1682 1527 dictionum

948 1554 1073 1588 propter
1088 1553 1119 1578 et
1137 1555 1262 1588 praeter,
1285 1554 1446 1589 propterea
1472 1554 1504 1578 et
1515 1555 1680 1588 praeterea‚

953 1600 1171 1631 commutatio:
1209 1600 1279 1631 vide
1310 1600 1495 1638 Heinsium,
1525 1600 1566 1631 ad
1589 1600 1682 1631 Ovid-

953 1659 1026 1683 met.
1042 1664 1073 1683 v.
1089 1656 1158 1685 159.
1184 1654 1340 1690 Corfium,
1364 1653 1447 1684 Pliu.
1462 1653 1549 1693 epist.
1564 1664 1591 1685 v.
1609 1657 1638 1685 9.
1656 1656 1684 1683 1.

954 1705 1008 1735 sed
1023 1705 1102 1735 nihil
1117 1706 1169 1735 hic
1184 1705 1382 1736 mutandum.

998 1758 1074 1789 Ver.
1089 1762 1162 1789 640.
1172 1760 1343 1797 praedicere
1351 1772 1360 1787 .·
1387 1757 1406 1788 i.
1417 1767 1442 1788 e.
1459 1761 1481 1776 ‘⁸
1493 1756 1686 1797 signisprae-

957 1813 980 1828 “
996 1812 1088 1841 tentis
1113 1809 1254 1840 dicere:”

958 1864 980 1879 “
997 1871 1062 1891 non
1077 1872 1131 1901 per
1146 1861 1258 1893 voces.”

956 1912 1081 1944 tandus.

1000 1965 1073 1995 Ver.
1090 1969 1161 1995 642.
1186 1966 1339 1996 Praesz'dio
1353 1966 1522 2005 decorique.

958 2017 1123 2058 Virgilius,
1146 2018 1221 2048 AEn.
1238 2028 1263 2048 V.
1279 2021 1353 2048 262.

1308 2076 1382 2100 decus
1392 2079 1420 2101 et
1431 2079 1545 2101 tutamen
1556 2075 1583 2100 in
1594 2075 1684 2100 armis.

1288 1814 1311 1828 “
1330 1820 1387 1849 per
1411 1812 1544 1840 actiones
1570 1809 1683 1845 dicere,

1304 1861 1369 1897 Qui
1381 1872 1456 1891 usus
1471 1861 1614 1891 vocabuli
1628 1871 1684 1891 no-

1566 1964 1687 1995 Pariter

960 2126 1122 2165 Ipsissima
1145 2132 1252 2156 autem
1274 2127 1366 2156 verba
1390 2125 1520 2156 Flaccus
1541 2124 1685 2164 sumpsit,

959 2177 1008 2208 od.
1025 2178 1045 2208 i.
1065 2181 1090 2209 1.
1108 2182 1137 2208 2.

1019 2240 1042 2263 0
1053 2239 1059 2263 !
1079 2242 1106 2264 et
1114 2239 1277 2271 praesidium,
1293 2241 1321 2263 et
1332 2238 1411 2263 dulce
1422 2238 1496 2262 decus
1507 2244 1610 2262 meum.

960 2289 1030 2319 Alii
1056 2288 1154 2318 aliter.
1201 2288 1274 2327 Ipse
1297 2287 1462 2325 Horatius,
1486 2287 1526 2316 ib.
1541 2286 1574 2316 ii.
1594 2290 1641 2317 17.
1657 2290 1687 2317 4.

959 2344 1050 2372 decus
1061 2343 1264 2380 columenque.
1288 2339 1384 2369 Silius
1395 2339 1536 2376 Italicus,
1552 2339 1601 2368 vii.
1615 2341 1685 2369 754.

1094 2398 1260 2429 Fabiumque
1271 2397 1356 2427 decus,
1377 2397 1543 2427 Fabiumque
1552 2396 1668 2420 salutem.

961 2449 1101 2487 Tacitus,
1134 2449 1242 2489 Agrie.
1268 2459 1295 2478 V.
1327 2452 1349 2466 ‘⁵
1376 2450 1467 2478 decus
1496 2458 1533 2477 ac
1562 2446 1684 2476 robur.‘'

961 2501 1137 2539 Sallustius,
1159 2501 1182 2532 J
1185 2511 1237 2541 ug.
1252 2500 1315 2530 xix.
1335 2504 1363 2529 2.
1380 2506 1415 2529 ut
1430 2501 1601 2528 noster—“
1617 2508 1686 2537 pars

961 2558 983 2572 “
1000 2553 1174 2594 originibus
1183 2554 1343 2592 praesidz‘o,
1367 2551 1435 2581 aliae
1451 2553 1553 2582 decori
1567 2549 1685 2580 fuere.“

963 2605 1095 2636 Anthol.
1107 2605 1177 2635 Lat.
1192 2605 1302 2634 Burm.
1319 2604 1362 2633 iii.
1380 2606 1449 2634 152.
1466 2607 1494 2633 5.

1024 2666 1098 2691 Solus
1109 2666 1186 2690 honor
1196 2665 1281 2694 nobis,
1298 2670 1349 2687 arx
1361 2667 1388 2688 et
1399 2663 1525 2687 tutissima
1538 2663 1621 2687 nobis.

959 2717 1048 2746 Hinc
1071 2715 1156 2745 Livii
1181 2713 1444 2751 emendationem,
1469 2713 1508 2743 ad
1533 2713 1586 2743 lib.
1615 2722 1685 2742 xxv.

957 2774 1007 2800 31.
1024 2774 1052 2801 9.
1069 2769 1201 2808 experiri
1216 2768 1308 2798 libet:
1336 2771 1357 2785 “
1375 2767 1598 2803 Archimeden,
1618 2776 1684 2796 me-

959 2825 981 2840 “
997 2821 1105 2851 moriae
1120 2820 1278 2860 proditum
1293 2826 1348 2856 est,
1375 2820 1409 2849 in
1425 2825 1512 2850 tanto
1533 2818 1685 2854 tumultu,

959 2876 980 2892 “
997 2879 1131 2913 quantus
1157 2878 1254 2912 captae
1282 2874 1364 2903 urbis
1381 2872 1414 2902 in
1440 2872 1581 2902 discursu
1607 2867 1684 2898 diri-

958 2931 980 2945 “
996 2925 1152 2965 pientium
1170 2924 1308 2955 militum
1331 2926 1408 2957 ciere*
1429 2928 1557 2963 poterat,
1581 2921 1683 2950 inten-
