1894 3253
127 332 221 375 206
630 319 691 368 T.
734 315 1115 368 LUCRETII

184 462 238 499 35
269 454 500 499 Textilibus
520 452 553 494 si
572 451 616 493 in
635 451 821 509 picturis,
853 457 1045 506 ostroque
1064 448 1243 498 rubenti,

268 529 456 580 JacteriS,
488 543 612 585 quam
632 528 665 569 si
684 526 842 584 plebeia
863 527 907 567 in
927 533 1037 567 veste
1058 523 1296 566 cubandum
1316 529 1387 564 est.

328 604 610 660 Quapropter,
642 603 837 660 quoniam
857 601 960 643 nihil
978 607 1120 642 nostro
1139 600 1184 640 in
1203 612 1377 654 corpore
1394 610 1507 654 gazae

273 678 522 729 Proficiunt,
554 693 689 734 neque
708 677 915 728 nobilitas,
946 691 1023 718 nec
1043 674 1175 733 gloria
1193 673 1329 731 regni3

126 837 254 868 fortasse
276 844 383 865 versus
406 836 458 865 87.
481 834 514 864 in
543 833 652 866 Culice
671 834 766 874 probe
784 843 851 864 cor-

124 889 258 931 rigetur:

153 948 203 974 Ille
214 948 278 973 colit
289 948 380 979 lucos,
398 947 436 972 illi
445 947 578 972 Panchaia
588 950 660 976 tura,

157 989 266 1013 Floribus
276 992 392 1021 agrestes
403 988 495 1014 herbae
507 987 698 1016 viridantibus,
713 985 821 1011 adsunt.

125 1053 245 1094 Vulgo,
268 1054 468 1084 variantibus.
513 1052 557 1082 Et
574 1049 715 1081 Lucretii
730 1058 853 1079 memo-

121 1114 189 1135 rem
211 1104 309 1134 fuisse
332 1105 502 1134 Maronem
524 1102 663 1139 credam,
686 1100 726 1131 ad
741 1099 795 1130 ecl.
811 1099 852 1130 ix.

127 1159 175 1188 19.
199 1156 277 1186 dum
292 1155 415 1186 divinos
430 1165 534 1184 versus
549 1154 624 1184 istos
639 1152 805 1192 expoliret:

154 1213 220 1245 Quis
230 1216 340 1238 caneret
357 1212 513 1245 Nymphas?
536 1212 594 1243 quis
610 1211 727 1235 humum
737 1209 853 1240 florenti-

232 1253 278 1277 bus
289 1251 369 1276 herbis

155 1295 298 1325 spargeret,
314 1296 361 1317 aut
372 1292 458 1316 viridi
469 1291 552 1317 fontis
562 1291 703 1315 induceret
715 1289 822 1314 umbra?

168 1350 244 1380 Ver.
258 1353 309 1380 54.
325 1351 435 1380 calidae
451 1350 600 1380 decedunt
612 1358 734 1387 corpore
739 1346 853 1388 fibros.

127 1401 209 1431 Haec
225 1400 366 1430 imitatus
381 1406 427 1430 est
438 1399 605 1438 Horatius,
621 1398 707 1438 epist.
725 1398 745 1428 i.
761 1401 791 1428 52.
801 1401 852 1427 54.

127 1453 173 1484 uti
188 1452 363 1483 Lambinus
378 1452 473 1482 etiam
489 1450 673 1482 observavit:

156 1528 216 1551 Non
228 1526 335 1555 domus,
352 1530 399 1550 aut
418 1525 528 1555 fundus,
545 1530 601 1549 non
612 1524 674 1548 aeris
685 1529 807 1551 acervum
826 1525 854 1547 et

234 1573 302 1595 aun,

156 1608 270 1638 AEgroto
282 1605 385 1630 domini
397 1605 513 1630 deduxit
524 1607 623 1636 corpore
625 1603 709 1634 febri]
715 1610 729 1631 ‚-

157 1647 216 1670 Non
227 1645 319 1670 animo
328 1651 415 1670 curas.

171 1708 253 1740 Ibid.
276 1711 425 1740 decedunt
450 1719 581 1748 corpore.
626 1706 714 1737 Hinc
739 1704 855 1737 Sallus-

129 1762 201 1799 tius,
223 1761 300 1801 Jug.
317 1760 369 1789 xli.
385 1763 484 1790 5.-“
514 1761 568 1789 illa
581 1758 721 1799 formido
739 1756 853 1787 menti-

129 1818 150 1832 “
166 1816 224 1844 bus
243 1811 410 1844 decessit:”
435 1812 479 1842 sic
502 1810 688 1852 legendum;
711 1820 775 1841 non
791 1811 854 1840 (lis-

126 1868 223 1901 cessit,
246 1874 320 1895 cum
337 1863 455 1899 Cortio,
471 1862 525 1904 qui
541 1862 675 1892 diversas
689 1862 855 1891 verborum

127 1917 261 1946 rationes
276 1926 316 1946 ne
332 1914 466 1945 minima
488 1914 616 1954 quidem
642 1923 679 1943 ex
702 1918 788 1952 parte
810 1918 853 1942 te-

129 1968 210 1998 nuit:
238 1967 357 2005 redeas,
382 1967 407 1996 si
423 1966 553 2005 placeat,
578 1965 617 1996 ad
633 1976 681 2003 ea,
705 1976 774 2005 quae
790 1965 858 1995 dix-

127 2021 211 2050 imus
223 2019 255 2048 in
268 2019 288 2048 i.
301 2021 371 2048 681.
402 2018 514 2058 Neque
530 2017 618 2047 aliter
630 2023 717 2046 extra
732 2027 860 2047 omnem

129 2069 369 2101 controversiam
384 2067 457 2097 ibid.
482 2077 535 2096 xx.
553 2071 644 2097 1.-—“
661 2068 757 2108 legati
774 2068 861 2097 Afri-

131 2127 153 2141 “
170 2122 205 2152 cai
221 2123 369 2151 decessere
378 2119 412 2149 .·’‘
438 2119 497 2148 nisi
519 2118 594 2148 velis
615 2125 646 2148 et
662 2119 805 2148 Africam
827 2125 858 2149 et

131 2175 248 2214 legatos
263 2172 378 2211 pariter
393 2170 517 2207 abiisse3
541 2170 622 2199 hanc
644 2169 708 2199 una
723 2169 783 2207 via,
807 2180 858 2199 eos

131 2228 201 2259 alia.
248 2227 299 2257 Sic
315 2225 455 2262 edoctus,
471 2224 567 2254 lector
576 2224 701 2263 proprio
711 2223 858 2253 acumine

130 2291 185 2320 per
199 2279 284 2309 locos
299 2283 439 2307 veterum
449 2274 695 2305 innumerabiles
710 2285 777 2304 rem
792 2284 856 2304 cer-

132 2339 164 2362 to
180 2331 324 2371 prosequi
338 2340 412 2360 cum
436 2338 579 2358 successu
595 2327 743 2368 quiverit:
770 2326 859 2356 nobis

133 2384 173 2414 ad
188 2384 249 2414 alia
270 2381 496 2413 transeundum
513 2387 569 2418 est,
596 2390 670 2411 cum
686 2379 858 2409 affirmave-

132 2437 242 2474 rimus,
266 2446 330 2466 non
353 2434 542 2465 mentituros
564 2443 641 2470 esse,
670 2432 695 2462 si
718 2432 861 2463 dicamus

132 2488 221 2518 mille
237 2488 347 2519 saltem
369 2486 454 2516 locos
476 2485 510 2515 in
525 2484 635 2515 morbo
651 2485 773 2519 cubare,
796 2494 861 2513 non

133 2537 213 2568 alius
227 2538 389 2569 medicinae
412 2536 595 2576 indigentes.
650 2536 786 2573 Interea,
810 2546 860 2565 ac-

135 2596 242 2620 curate
256 2590 359 2620 officio
374 2589 503 2619 functus
518 2594 564 2618 est
578 2588 729 2629 glossator
756 2593 857 2617 vetus:

141 2645 163 2660 “
178 2643 339 2681 Decessus,
361 2654 556 2683 αποχωρπσις.
601 2642 773 2678 Discessus,
796 2653 861 2680 χω-

139 2699 159 2712 “
170 2693 294 2735 ρισμο;.”

180 2745 256 2774 Ver.
267 2747 318 2774 55.
347 2745 511 2775 Teoetc‘lz'bus
518 2745 660 2784 picturis.
699 2743 781 2773 Haec
795 2752 861 2772 ves-

139 2797 272 2827 timenta
281 2796 490 2834 Mantuanus,
506 2802 612 2826 nostro
622 2796 772 2833 intentus,
787 2796 862 2825 ube-

139 2849 207 2879 rius
219 2853 381 2879 exsecutus
396 2853 453 2885 est,
476 2847 515 2877 ad
531 2849 606 2878 AEn.
621 2848 663 2878 iii.
679 2851 749 2877 485.

202 2923 275 2951 Fert,
288 2920 430 2953 picturatas
441 2919 497 2944 auri
508 2920 668 2950 subtemine,
685 2920 767 2945 vestis
774 2927 820 2948 ;—

203 2960 394 2992 Textilibusque
404 2962 497 2985 onerat
508 2959 622 2984 donis—.-

143 3025 183 3056 de
195 3025 308 3066 quibus
330 3031 447 3064 tamen,
470 3034 540 3066 quae
562 3022 729 3061 sufficiant,
753 3021 863 3053 effudi-

895 842 968 863 mus
989 831 1030 862 ad
1058 829 1221 870 Euripidis
1244 829 1315 860 Ion.
1341 831 1411 860 192.
1433 828 1488 858 ubi
1509 836 1621 858 vocan-

897 890 949 915 tur
978 890 1155 925 καλλιφωρα
1184 889 1280 922 ‹pm-w
1313 890 1410 921 quam
1431 880 1625 911 locutionem

900 945 958 965 nos
990 933 1083 973 primi
1119 933 1281 973 perspicue
1318 931 1556 969 declaravimus,
1592 937 1625 962 et

899 986 1080 1027 aperuimus
1101 985 1208 1015 locum
1223 983 1323 1014 crassa
1344 983 1479 1024 caligine
1500 983 1624 1014 demer-

898 1049 978 1068 sum.
1026 1038 1145 1068 Graecae
1169 1035 1336 1066 locutionis
1365 1034 1532 1065 audaciam
1555 1033 1626 1064 feli-

897 1099 966 1120 cem
983 1088 1139 1120 Manilius
1154 1087 1297 1117 aemulari
1319 1096 1385 1117 non
1409 1085 1572 1125 expalluit,
1595 1091 1627 1115 et.

898 1153 945 1172 res
967 1142 995 1172 ei
1018 1141 1164 1181 processit
1185 1139 1314 1180 optime.
1360 1139 1481 1169 Versus
1503 1137 1627 1168 nitidis-

896 1193 980 1231 simi,
1010 1203 1089 1233 quos
1114 1202 1188 1222 cum
1210 1191 1368 1230 voluptate
1389 1189 1487 1220 lector
1508 1194 1627 1228 cernet,

897 1245 986 1276 dictis
1001 1245 1096 1276 fidem
1107 1245 1237 1280 dabunt,
1260 1254 1286 1274 v.
1304 1246 1376 1274 258.

930 1319 977 1343 Ille
987 1318 1069 1348 colet,
1078 1319 1167 1343 nitidis
1177 1319 1365 1349 gemmantem
1377 1316 1495 1347 floribus,
1502 1317 1627 1347 hortum,

928 1359 1058 1384 Pallentes
1069 1360 1164 1389 violas,
1180 1362 1209 1383 et
1219 1364 1367 1390 purpureos
1377 1358 1550 1388 hyacinthos,

928 1399 1061 1430 Liliaque,
1077 1404 1105 1425 et
1119 1399 1205 1431 Tyrias
1215 1399 1322 1423 imitata
1332 1405 1466 1431 papavera
1476 1398 1553 1422 luces.

899 1463 991 1494 Heu!
1031 1463 1168 1501 Bentlei,
1201 1464 1383 1494 criticorum
1412 1462 1624 1503 sagacissime!

899 1514 1077 1544 communis
1091 1515 1297 1545 humanitatis
1311 1515 1407 1555 leges,
1424 1521 1455 1545 et
1469 1516 1627 1545 membro—

899 1576 971 1596 rum
986 1571 1182 1596 ten-enorum
1204 1566 1394 1604 tarditatem,
1416 1576 1512 1606 quam
1527 1566 1630 1606 gravi.

899 1624 946 1648 ter
968 1624 1113 1658 expertus
1136 1629 1178 1654 es,
1202 1619 1257 1659 qui
1278 1621 1388 1660 Tyrios
1391 1617 1486 1659 fucos
1501 1618 1551 1648 hic
1565 1619 1630 1649 ive-

899 1670 941 1700 ris
956 1670 1140 1709 repositum!
1187 1669 1249 1700 Sed
1262 1672 1389 1710 quisque
1403 1681 1471 1702 suos
1488 1672 1633 1710 patimur

900 1733 1004 1752 ‘manes
1019 1721 1143 1757 scilicet,
1167 1727 1198 1751 et
1213 1723 1342 1755 ἅπαντες
1360 1733 1510 1760 στῆ-ωομεν.

944 1772 1025 1803 Ibid.
1048 1779 1126 1804 ostro
1142 1774 1276 1803 rubenti:
1303 1772 1417 1803 Paullo
1439 1772 1529 1802 aliter
1554 1772 1628 1803 Vir-

900 1825 1003 1866 gilius,
1028 1825 1103 1855 AEn.
1118 1824 1173 1855 xii.
1191 1828 1242 1856 67.
1256 1826 1424 1864 sanguineo
1435 1830 1523 1855 ostro.

942 1877 1018 1906 Ver.
1033 1879 1085 1907 56.
1108 1878 1258 1908 Jacteris:
1289 1876 1328 1906 G.
1344 1878 1497 1912 Jactaris‚-
1525 1875 1565 1906 V.
1578 1875 1629 1906 ed.

903 1929 1129 1958 Lacter2·s.-si
1148 1929 1234 1958 abest
1249 1927 1290 1958 V.
1306 1926 1353 1958 ed.
1372 1926 1492 1968 plebei&
1510 1929 1562 1958 in:
1589 1927 1633 1958 sic

903 1990 993 2010 voces
1007 1980 1208 2018 transpositas
1223 1980 1371 2011 exhibent
1391 1980 1429 2011 L.
1446 1980 1494 2010 M.
1511 1984 1547 2010 Δ.
1563 1979 1634 2009 vul-

905 2042 957 2072 go,
982 2033 1014 2061 in
1027 2030 1154 2072 plebeici.
1497 2056 1500 2060 .

951 2083 1033 2113 Ibid.
1056 2085 1197 2114 Jacterz's.
1221 2082 1376 2113 Vocabuli
1394 2081 1561 2122 singularis
1571 2091 1633 2112 usu

901 2133 1011 2163 vividis
1027 2133 1128 2172 pinxit
1151 2133 1184 2162 in
1211 2133 1365 2163 coloribus
1388 2133 1561 2173 imaginem
1576 2134 1633 2163 ho-

901 2184 998 2215 minis
1014 2195 1046 2214 se
1057 2184 1267 2224 undequaque
1282 2185 1312 2213 vi
1327 2184 1454 2221 doloris,
1470 2190 1525 2214 aut
1540 2183 1631 2224 aegri-

901 2235 1030 2271 tudinis,
1061 2235 1236 2266 volutantis.
1282 2235 1405 2271 Nescio,
1435 2245 1476 2264 an
1507 2235 1632 2265 Home·

901 2298 972 2318 rum
985 2288 1092 2318 animo
1106 2293 1302 2327 praesentem,
1316 2287 1355 2318 ΙΙ.
1369 2294 1401 2318 Ω
1410 2310 1417 2317 .
1431 2290 1459 2318 5.
1469 2286 1628 2317 habuerit:

1419 2349 1461 2375 εδε
1470 2359 1514 2382 μιν
1525 2349 1594 2377 &mog

939 2399 1006 2438 ’ῌρει
1021 2399 1209 2433 πανδωμαιτωρ,
1222 2397 1283 2423 αλλ’
1296 2396 1414 2433 εστρεφετ’
1427 2396 1482 2423 ενθοι
1492 2406 1538 2422 και
1553 2395 1617 2426 ενθω,

943 2446 1039 2472 Αλλοτ’
1054 2456 1089 2472 εστι
1104 2451 1210 2480 πλευρας
1221 2454 1416 2478 κωτακειμεης,
1438 2448 1531 2469 amtor}
1543 2442 1564 2469 δ’
1575 2451 1636 2469 αντε

940 2495 1053 2524 ’Υστιοῃ
1075 2498 1169 2520 oeno-re
1184 2493 1208 2518 δε
1219 2498 1315 2527 rrpmm‘
1336 2501 1391 2517 ’τοτε
1403 2491 1425 2516 δ’
1435 2491 1545 2526 affor—2

906 2547 1011 2583 Quam
1027 2546 1219 2577 varietatem!
1249 2545 1310 2587 qua
1325 2546 1471 2587 εναρνγειᾳ]
1496 2544 1635 2575 Juvena-

906 2599 953 2637 lis,
978 2599 1042 2629 xiii.
1059 2603 1133 2629 218.

937 2661 1023 2685 Nocte
1033 2661 1144 2685 brevem
1156 2659 1176 2684 si
1186 2659 1258 2684 forte
1266 2658 1378 2683 indulsit
1389 2664 1453 2682 cura
1464 2662 1598 2688 soporem,

937 2701 980 2730 Et,
997 2703 1045 2724 toto
1057 2703 1166 2724 ττι-,γαῖα
1178 2703 1241 2729 toro,
1256 2699 1312 2730 jam
1324 2697 1434 2722 membra
1446 2697 1596 2728 quiescunt.

907 2748 1046 2780 Pulchro
1064 2747 1208 2778 Catullus
1235 2747 1343 2785 etiam,
1358 2746 1377 2776 l.
1405 2749 1452 2776 12.
1477 2742 1635 2784 aegritudi-

908 2811 981 2830 nem
1007 2800 1107 2829 animi
1133 2799 1254 2829 calamo
1279 2797 1451 2836 descripsit,
1480 2793 1635 2826 Juvenale

908 2862 972 2883 non
987 2852 1216 2882 inobservatus:

1001 2912 1040 2934 Ut
1052 2917 1102 2935 nec
1113 2917 1159 2934 me
1169 2909 1297 2933 miserum
1310 2906 1384 2930 cibus
1394 2905 1513 2935 Juvaret‚

1002 2952 1055 2975 Nec
1067 2956 1178 2974 somnus
1187 2950 1291 2979 tegeret
1303 2946 1392 2977 quiete
1403 2944 1516 2975 melros,

1002 2990 1053 3014 Sed
1064 2992 1123 3018 toto,
1140 2987 1286 3011 indomitus
1297 2985 1397 3014 furore,
1415 2984 1474 3008 lecto

1001 3031 1129 3058 Versarer,
1144 3027 1252 3060 cupiens
1264 3025 1354 3051 videre
1365 3024 1466 3050 lucem.
