1894 3253
185 278 216 315 4
699 265 759 312 T.
814 263 1197 313 LUCRETII

324 399 644 453 Adventumque
673 404 812 437 tuum:
857 395 932 436 tibi
961 395 1116 437 suaveis
1146 394 1306 437 daedala
1333 396 1449 438 tellus

335 472 548 516 submittit
575 471 714 520 flores3
752 469 826 511 tibi
857 469 994 511 rident
1023 485 1192 526 aequora
1219 471 1352 526 ponti,

190 615 254 646 cior
279 612 471 654 probabilius
500 609 619 651 aliquid
642 609 808 646 extuderit,
835 616 928 650 atque

189 672 319 705 receptae
335 663 511 703 scriptionis
531 662 630 692 literis
644 661 828 701 proximius,
844 661 928 702 quod

189 720 240 749 vix
255 729 368 759 speres,
387 720 452 748 haec
474 716 652 747 emendatio
675 717 708 746 in
724 722 816 755 portu
839 716 926 745 navi-

190 777 254 810 gat.
311 770 411 800 Nobis
441 769 577 808 adspirat
607 767 813 799 Halieuticon
842 768 926 808 frag-

191 830 347 859 mentum,
362 832 425 853 ver.
443 826 475 852 4-

206 885 398 915 Coeptantem,
412 885 495 907 Venus
505 881 585 911 alma,
596 880 674 905 fove!
694 882 732 905 Ne
742 882 823 904 staret
833 879 912 904 inerti

207 924 331 949 Machina
338 924 412 948 mole
419 930 527 951 vacans,
533 922 577 946 tibi
584 922 702 953 primum
709 920 928 945 candidusAEther

206 965 371 997 Astrigeram
384 964 482 989 faciem
496 963 581 986 nitido
593 961 743 994 gemmavit
755 961 888 992 Olympo:

207 1006 252 1030 'Te
262 1005 379 1030 fecunda
389 1004 448 1028 sinu
464 1003 544 1027 Tellus
555 1002 683 1033 amplexa
694 1000 801 1030 resedit,

210 1045 378 1069 Ponderibus
388 1043 504 1067 fundata
512 1042 563 1066 suis
573 1045 644 1065 z—tu
656 1040 754 1065 fetibus
764 1046 844 1071 auges

208 1087 315 1110 Cuncta
325 1084 393 1108 suis:
412 1087 486 1107 totus
497 1082 596 1114 pariter
606 1081 656 1105 tibi
665 1080 780 1113 parturit
791 1080 870 1105 orbis.

194 1140 306 1179 Neque
335 1139 470 1178 abnegat
507 1134 695 1175 suffragium
732 1134 926 1170 PhornutuS,

191 1191 232 1221 de
251 1195 314 1219 nat.
341 1189 425 1219 deor.
451 1198 515 1226 cap.
545 1190 594 1216 24.
641 1191 785 1216 Καλεια-αι
808 1184 835 1214 δε
852 1185 868 1217 ἡ
885 1190 925 1214 Α-

192 1244 307 1287 φροδιτνι
321 1250 479 1279 Παναιτικ,
491 1240 537 1271 δια.
551 1254 583 1270 το
599 1241 652 1280 κᾴν
665 1253 706 1278 τῳ
722 1251 819 1280 &paraq-r,
838 1251 887 1267 και
903 1250 927 1267 εν

192 1311 229 1340 τῃ
248 1311 287 1339 γῃ
305 1310 355 1326 και
371 1297 520 1336 θαλασσῃ,
540 1307 591 1326 ’τὴν
610 1292 723 1331 Sumptus
744 1304 834 1324 etv-rm
852 1292 926 1320 θεω-

190 1351 301 1390 ρεισραι.
339 1347 362 1378 J
364 1357 415 1377 am
431 1356 502 1376 vero
517 1355 582 1375 non
594 1343 811 1382 intempestiva
827 1352 927 1372 acces-

192 1400 266 1430 serit
289 1409 360 1438 pars
387 1397 557 1438 fragmenti
581 1406 618 1426 cx
642 1394 808 1433 Euripide,
832 1403 928 1434 quam

191 1452 383 1484 conservavit
409 1452 560 1488 Stobaeus,
577 1449 632 1480 ecl.
648 1450 733 1488 phyS.
749 1458 812 1486 cap.
824 1447 883 1487 xxii.
899 1452 931 1476 et

194 1505 381 1542 Athenaeus,
404 1503 469 1533 xiii.
486 1507 514 1532 8.
530 1511 629 1542 quum
646 1499 792 1530 credibile
815 1498 855 1527 sit
869 1499 931 1527 hu-

188 1557 243 1597 jus
258 1563 398 1587 nostrum
414 1554 500 1585 haud
521 1554 741 1583 immemorem
756 1551 869 1581 fuisse:

272 1622 327 1648 Tm
340 1618 473 1654 Αςςοδιτην
487 1628 522 1650 854
535 1616 592 1651 ὶξᾳς
604 1615 648 1644 ἐπῆ
661 1616 730 1645 θεοςς

274 1666 339 1692 Am?
355 1666 393 1692 ab*
407 1677 437 1691 οιν
450 1675 528 1694 ειη-αις,
544 1664 584 1689 εὸε
596 1671 743 1697 pata-3263&-
755 1672 796 1690 αν,

269 1715 334 1742 'Oa-z
345 1721 442 1745 πεφυκε,
454 1711 514 1744 κᾴᾄ
526 1711 577 1736 ἇσαν
591 1711 760 1744 5⁴235<÷··‘0⁶¹--
778 1713 840 1734 κτλ·

195 1770 254 1800 Est
277 1773 384 1798 autem
401 1765 512 1804 OEdipi
538 1764 651 1804 fragm.
678 1763 750 1792 xvii.
773 1762 820 1792 ed.
839 1762 930 1792 Mus-

194 1831 295 1862 grave.

239 1873 314 1902 Ver.
332 1875 360 1902 5.
377 1869 540 1909 Proportio
556 1867 708 1898 sermonis
724 1872 754 1895 et
769 1865 929 1895 concinni-

196 1933 243 1955 tas
260 1924 369 1964 iigurae
391 1922 470 1951 mihi
496 1920 733 1959 persuasionem
758 1918 928 1955 incutiunt,

197 1981 237 2009 ob
255 1978 385 2007 verbum
402 1978 469 2006 visit
496 1974 617 2013 utique,
640 1971 781 2002 Lucretii
798 1979 929 2000 manum

196 2030 347 2071 posuisse:

397 2085 510 2116 visitque
527 2087 655 2109 exortum
667 2081 756 2105 limina
768 2080 836 2104 solis.

201 2143 336 2173 Subacto
358 2138 479 2179 judicio
504 2137 601 2167 lector
630 2134 731 2175 quivis
758 2131 928 2172 perpendat

198 2194 435 2232 committatque
451 2201 498 2226 ea,
510 2199 579 2230 quae
590 2197 691 2226 nuper
703 2184 929 2224 disputavimus

200 2247 240 2277 ad
263 2246 351 2285 Virg.
378 2245 452 2274 AEn.
478 2241 517 2271 vi.
535 2244 607 2271 829.
635 2237 781 2269 editionis
804 2242 929 2266 nostrae.

202 2298 304 2329 Haud
317 2298 365 2327 his
380 2296 446 2335 ipse
457 2292 600 2325 dissentit
614 2289 794 2327 Lucretius,
810 2288 843 2319 ii.
859 2291 930 2319 577.

233 2360 320 2389 Quem
333 2355 425 2388 puerei
435 2354 545 2382 tollunt,
558 2352 671 2377 visentes
683 2350 790 2375 luminis
801 2356 867 2373 oms.

204 2408 316 2448 Neque
335 2404 539 2438 Claudianus,
563 2401 602 2431 de
618 2400 701 2431 laud.
750 2399 816 2429 Stil.
833 2398 864 2428 ii.
882 2401 931 2429 65.

461 2466 593 2496 vitaeque,
605 2467 633 2488 et
645 2462 718 2492 lucir,
729 2461 756 2485 in
767 2461 824 2493 ipso

264 2509 403 2533 Limine—.

206 2560 404 2596 Quibuscum
421 2555 577 2588 TManilius
592 2552 761 2592 conspirat,
776 2551 796 2581 i.
813 2553 886 2581 581.

463 2614 590 2648 fugientis
600 2613 690 2638 limina
701 2611 767 2636 solis.

207 2668 275 2698 Nec
290 2666 365 2695 facit
380 2665 458 2694 nihil
472 2664 540 2704 jam
562 2669 696 2693 ventura
717 2670 788 2696 vox,
805 2661 933 2695 lumine,

207 2717 301 2748 nimis
316 2715 407 2745 celeri
424 2725 562 2751 recursu,
579 2723 639 2743 ver.
659 2716 687 2743 9.
706 2721 764 2741 nec
779 2709 861 2739 nihil
877 2719 932 2747 op-

207 2771 359 2800 timorum
378 2766 531 2795 librorum
552 2765 724 2799 varietates,
739 2763 867 2798 lumine,
895 2760 933 2789 G.

207 2822 245 2852 L.
269 2821 316 2851 M.
333 2825 362 2850 et
378 2820 520 2854 munina,
544 2817 585 2847 V.
602 2816 649 2846 ed.
673 2817 862 2845 subaeratum
877 2812 933 2842 ali-

208 2872 287 2915 quid
301 2875 455 2901 sonantes.

252 2924 317 2953 Ver
332 2927 360 2953 6.
377 2921 481 2952 vernei.
527 2917 593 2947 Hic
608 2916 768 2956 praefanda
790 2915 935 2956 quaedam

208 2974 389 3017 oportuerit,
412 2977 446 3002 ut
463 2980 553 3002 aures
567 2969 691 3000 lectoris
714 2968 872 3008 deprecer,
895 2967 934 2997 de

971 611 1101 652 hujusce
1122 611 1282 650 scripturae
1297 610 1442 646 novitate,
1459 621 1492 641 se
1503 610 1630 651 quidem
1652 611 1699 642 lo-

971 662 1255 701 cupletissimorum
1277 663 1404 692 testium
1427 664 1587 693 sententiis
1611 663 1700 694 nullo

972 714 1100 754 negotio
1121 714 1305 744 defensurae.
1350 715 1447 744 Viam
1470 715 1558 745 nobis
1582 722 1701 745 sternat

972 766 1009 797 P.
1027 767 1153 806 Nigidii
1167 766 1414 797 luculentissima
1429 768 1621 809 suffragatio,
1638 769 1697 798 ho-

971 818 1066 848 minis
1080 819 1114 848 in
1129 818 1301 857 disciplinis
1315 818 1527 848 doctrinarum
1550 819 1697 849 omnium

970 870 1185 909 praecellentis,
1198 877 1229 900 et
1238 870 1428 900 auctoritatis
1443 872 1603 910 maximae,
1615 870 1698 910 apud

973 924 1013 954 A.
1039 923 1192 962 Gellium,
1219 924 1284 954 xiii.
1302 927 1352 955 95.
1382 928 1405 942 “
1422 925 1455 954 Si
1478 925 1570 965 liujus
1591 926 1699 960 amici,

971 980 994 994 “
1010 976 1057 1005 vel
1072 977 1162 1016 hujus
1185 979 1303 1016 magni,
1324 977 1447 1013 scribas,
1463 987 1566 1006 unum
1582 979 1594 1007 i
1608 977 1702 1007 facito

972 1031 993 1046 ‘⁶
1009 1034 1199 1058 extremum:
1229 1029 1277 1058 sin
1291 1039 1363 1058 vero
1378 1031 1411 1059 hi
1426 1031 1560 1068 magnei,
1572 1030 1606 1058 Ιιί
1620 1031 1700 1059 ami-

971 1085 992 1099 “
1009 1083 1066 1119 cei,
1083 1091 1156 1111 casu
1171 1081 1387 1111 multitudinis
1401 1088 1496 1117 recto,
1513 1088 1583 1111 tum
1598 1088 1670 1112 ante
1687 1085 1701 1114 i

972 1135 995 1150 “
1018 1132 1216 1162 scribendum
1233 1133 1334 1167 erite;
1353 1139 1446 1172 atque
1461 1132 1494 1163 id
1507 1133 1611 1172 ipsum
1627 1133 1704 1164 faci-

972 1188 994 1203 “
1010 1196 1042 1216 es
1057 1186 1090 1215 in
1106 1185 1290 1214 similibus-’‘
1323 1185 1420 1215 Plura
1436 1184 1475 1215 de
1490 1186 1548 1215 hac
1564 1195 1597 1216 re
1614 1196 1701 1225 spar-

971 1237 1031 1267 sim
1047 1237 1197 1277 leguntur
1220 1236 1305 1276 apud
1327 1243 1444 1266 veteres
1466 1239 1702 1277 grammaticos,

971 1300 1106 1331 quorum
1132 1289 1238 1319 locum
1267 1289 1300 1318 in
1328 1289 1472 1319 Putschii
1501 1290 1705 1321 collectaneis

972 1342 1304 1373 convenientissimum
1333 1342 1449 1371 chartis
1478 1342 1560 1372 meis
1588 1342 1704 1372 alleve-

972 1407 1052 1435 ram,
1075 1396 1130 1426 sed
1151 1396 1236 1426 falsis
1252 1397 1392 1426 numeris
1406 1397 1542 1437 paginae,
1567 1396 1645 1427 adeo
1667 1401 1704 1426 ut

973 1461 990 1481 e
1019 1460 1118 1479 manu
1147 1449 1274 1488 penitus
1303 1449 1343 1478 sit
1372 1449 1504 1488 elapsus.
1565 1449 1705 1480 Librarii

974 1502 1147 1540 scriptores,
1162 1500 1271 1530 omnia
1286 1511 1417 1530 suorum
1433 1507 1611 1540 temporum
1629 1511 1701 1540 pro-

975 1553 1169 1584 nunciationi
1194 1561 1311 1582 temere
1326 1552 1609 1591 accommodantes,
1631 1563 1702 1593 ger-

973 1615 1075 1635 manae
1098 1604 1292 1644 antiquitatis
1307 1604 1436 1644 vestigia
1458 1604 1575 1643 passim
1590 1605 1701 1634 obscu-

974 1668 1092 1688 ravere:
1119 1657 1203 1686 infra
1223 1663 1338 1692 tamen,
1362 1667 1423 1687 ver.
1440 1660 1510 1687 251.
1528 1657 1571 1686 V.
1596 1657 1644 1687 ed.
1664 1657 1703 1687 B.

974 1711 1011 1740 L.
1030 1710 1078 1739 M.
1095 1709 1187 1748 plane
1202 1708 1278 1738 dant
1293 1711 1441 1747 ingenuei
1449 1722 1458 1738 .·
1485 1708 1590 1737 videas
1605 1708 1704 1739 etiam

977 1761 1124 1800 Scaliger-i
1154 1759 1194 1790 ad
1225 1759 1389 1790 Catullum
1419 1759 1511 1789 initia
1540 1766 1702 1791 notarum.

977 1812 1066 1842 Olim
1088 1812 1127 1841 ad
1152 1811 1282 1841 tertium
1305 1821 1404 1850 usque
1430 1821 1538 1840 casum
1563 1811 1597 1840 in
1620 1813 1633 1841 i
1647 1811 1701 1842 de-

975 1864 1184 1895 clinationum
1209 1863 1343 1893 aliarum
1367 1873 1399 1893 se
1424 1863 1608 1903 propagavit
1635 1865 1704 1895 haec

976 1917 1138 1956 scriptura,
1164 1922 1200 1945 ut
1225 1915 1350 1945 abunde
1372 1921 1485 1945 notum
1507 1921 1570 1945 est:
1605 1925 1707 1956 quum

973 1983 1046 2002 vero
1058 1972 1139 2002 nulli
1148 1971 1342 2001 distinctioni
1355 1970 1529 2001 commodae
1541 1971 1616 2002 inde
1627 1982 1704 2002 con-

975 2024 1105 2060 sulatur,
1129 2033 1194 2052 non
1216 2022 1331 2052 idonea
1352 2021 1425 2051 satis
1447 2027 1575 2060 apparet
1597 2032 1706 2052 caussa

974 2076 1059 2106 illius
1087 2080 1216 2105 eatenus
1239 2073 1422 2103 retinendae.
1482 2074 1547 2108 Qui
1569 2084 1643 2103 vero
1664 2074 1706 2104 de

975 2127 1108 2167 Nigidio
1137 2126 1232 2156 modo
1261 2130 1445 2161 memorato,
1483 2130 1525 2161 et,
1556 2124 1705 2155 omnium

973 2190 1135 2213 consensu,
1166 2178 1290 2208 dotibus
1312 2176 1434 2217 ingenii
1456 2176 1706 2207 cumulatissime

973 2233 1135 2267 instructo,
1159 2230 1254 2270 plura
1274 2229 1350 2259 velit
1363 2229 1453 2266 scire,
1476 2228 1503 2258 is
1518 2228 1621 2267 adeat,
1637 2239 1705 2259 mo—

975 2295 1044 2321 neo,
1063 2283 1224 2323 Rutgersii
1237 2293 1300 2312 var.
1317 2281 1387 2311 lect.
1405 2281 1449 2311 iii.
1468 2284 1516 2311 16.

977 2336 1173 2373 Quinetiam,
1190 2333 1289 2364 codex
1308 2338 1412 2362 noster
1437 2338 1472 2362 Δ.
1489 2342 1627 2369 versum,
1650 2342 1703 2361 vo-

977 2390 1065 2420 cibus
1087 2387 1291 2427 transpositis,
1315 2386 1355 2416 ad
1369 2387 1456 2416 hunc
1479 2395 1601 2416 morem
1616 2385 1705 2415 exhi-

977 2444 1042 2473 bet:

1036 2507 1089 2536 Te,
1100 2506 1167 2535 Dea,
1177 2508 1205 2530 te
1217 2503 1418 2535 ventifugiunr.

977 2564 1147 2600 Caeterum,
1175 2561 1264 2592 docte
1288 2560 1413 2590 monuit
1439 2557 1618 2598 Preigeru5‚
1650 2555 1705 2595 qni

976 2616 1016 2645 ad
1038 2625 1219 2645 mensuram
1242 2619 1389 2644 notarum
1409 2612 1476 2652 ejus
1503 2610 1542 2639 de
1557 2606 1707 2638 Lucretio

976 2670 1056 2698 bene
1067 2667 1201 2697 meritus
1216 2672 1273 2704 est,
1287 2664 1498 2696 Claudianum
1509 2663 1571 2691 huc
1580 2669 1704 2698 respex-

978 2721 1047 2756 isse,
1063 2720 1102 2750 de
1123 2725 1211 2758 nupt.
1230 2719 1317 2749 Hon.
1333 2723 1364 2747 et
1380 2717 1463 2747 Mar.
1482 2716 1553 2744 184.

1142 2780 1262 2804 adventu
1278 2777 1376 2802 Veneris
1388 2775 1491 2807 pulsata
1502 2773 1632 2798 recedunt

1009 2819 1102 2844 Nubila
1110 2827 1121 2847 ;
1140 2820 1289 2844 clarescunt
1301 2816 1371 2848 puris
1383 2813 1547 2847 Aquilonibus
1558 2811 1646 2843 Alpes.

1023 2867 1095 2898 Ver.
1119 2870 1149 2898 7.
1194 2865 1290 2901 Quod
1312 2868 1471 2903 comparet
1493 2862 1527 2891 in
1551 2860 1641 2891 codd·
1666 2860 1703 2890 Β.

978 2917 1017 2948 L.
1036 2918 1084 2948 M.
1101 2919 1301 2955 Adventaque
1316 2921 1378 2950 tuo,
1396 2923 1459 2943 non
1472 2918 1529 2950 est,
1545 2911 1624 2941 mihi
1640 2921 1705 2940 cre-

981 2969 1031 3007 de,
1056 2969 1140 3010 quod
1162 2967 1385 2999 existimabant
1413 2965 1558 3002 editores,
1588 2962 1708 2993 diversa
