1894 3253
177 270 241 313 94

654 263 716 310 T.
761 259 1142 309 LUCRETII

323 397 411 438 Aut
431 395 522 444 erit,
554 400 600 434 ut
619 399 791 448 possunt
809 392 854 433 in
874 407 924 434 eo
944 407 1008 434 res
1028 407 1127 442 esse,
1149 392 1333 450 gerique:

325 472 383 513 At
403 470 549 518 facere,
572 475 613 509 et
632 467 766 524 fungi,
788 467 875 507 sine
895 482 1071 522 corpore
1090 467 1202 508 nulla
1220 475 1355 523 potest
1375 482 1459 518 res3

210 551 292 587 445
326 546 414 587 Nec
434 542 621 599 praebere
640 542 777 583 locum
797 556 940 598 porro,
971 542 1050 583 nisi
1070 543 1194 583 inane
1212 557 1452 600 vacansque.

325 619 442 675 Ergo
461 625 613 673 praeter
632 617 771 667 inane,
793 625 834 658 et
853 631 1045 672 corpora,
1072 617 1193 658 tertia
1211 631 1286 672 per
1306 633 1349 659 se

326 693 450 735 Nulla
469 700 604 748 potest
624 706 764 733 rerum
782 691 827 732 in
847 706 1022 733 numero
1043 699 1192 732 natura
1210 692 1383 749 relinqui
1390 710 1404 742 ;

326 768 431 818 Nec,
453 782 547 823 quae
568 766 643 808 sub
664 781 803 808 sensus
824 765 944 807 cadat
963 765 1046 807 uflo
1066 773 1252 821 tempore
1272 775 1450 817 nostros,

325 842 416 883 Nec
435 842 596 883 ratione
616 841 744 882 animi
764 855 889 896 quam
910 840 1124 896 quisquam
1141 841 1269 895 possit
1288 841 1426 896 apisci.

213 921 296 958 450
332 917 458 967 Nam,
480 930 784 972 quaequomque
803 915 955 965 cluent,
977 922 1049 956 aut
1067 914 1146 956 hiis
1167 916 1387 971 conjuncta
1406 915 1566 957 duabus

171 1073 286 1115 fundi,
302 1078 339 1103 ut
353 1072 404 1103 hic
419 1081 493 1102 mox
509 1071 616 1109 etiam,
633 1081 693 1102 ver.
710 1072 914 1102 444.—debe-

182 1128 243 1157 bit:
270 1127 310 1155 V.
323 1125 372 1155 ed.
392 1125 428 1155 B.
444 1125 575 1154 debebat.

229 1180 444 1220 Ibid.fungi:
478 1181 652 1220 χρησασέαι,
677 1180 746 1209 nti.-
785 1184 816 1208 et
841 1188 915 1207 mox

182 1243 244 1263 ver.
263 1236 332 1262 444.
349 1231 430 1261 valet
447 1233 526 1270 pati.
574 1230 624 1260 Sic
641 1230 813 1267 Arnobius,
837 1230 868 1260 ii.
888 1241 917 1269 p.

185 1290 238 1316 62.
264 1284 318 1324 qui
340 1283 482 1323 pluribus
504 1282 580 1312 locis
598 1282 671 1312 Cari
691 1282 788 1311 nostri
814 1282 919 1312 lucem

184 1335 288 1366 dabit:
317 1339 337 1353 “
355 1334 470 1365 Omnis
496 1333 583 1363 enim
608 1333 721 1372 passio,
745 1335 800 1363 leti
825 1338 919 1373 atque

186 1391 209 1406 “
227 1385 372 1417 interitus
385 1386 491 1426 janua
509 1384 586 1423 est,'’
605 1384 727 1426 (confer
741 1395 802 1415 ver.
822 1384 919 1424 1105)

185 1443 207 1457 “
224 1438 265 1469 ad
281 1443 415 1468 mortem
433 1437 551 1466 ducens
566 1436 627 1473 via,
655 1441 685 1465 et
707 1435 919 1466 inevitabilem

187 1494 209 1510 “
225 1492 318 1521 rebus
346 1490 481 1520 afferens
508 1489 723 1529 functionem:
764 1497 860 1527 quam
893 1486 919 1516 si

187 1546 210 1562 “
226 1543 367 1573 sentiunt
383 1541 510 1579 animae,
527 1547 558 1570 et
573 1540 670 1571 tactui
686 1539 755 1580 ejus
766 1546 859 1579 atque
871 1538 919 1568 in-

187 1598 209 1613 “
226 1594 423 1625 cursionibus
438 1592 571 1630 cedunt3
594 1603 651 1623 usu
668 1597 699 1622 et
710 1590 772 1620 illis
789 1596 835 1620 est
849 1590 922 1626 vita,

188 1649 209 1666 “
227 1658 290 1677 non
307 1646 474 1685 mancipio,
499 1646 616 1675 tradita
626 1644 661 1674 :’'
685 1643 756 1673 vide
778 1642 824 1673 iii.
853 1645 923 1674 984.

188 1698 356 1729 Philoxeni
369 1697 570 1738 glossarium:
591 1699 612 1714 ‘⁴
626 1697 789 1735 Fungitur
801 1694 923 1732 officiis,

189 1753 212 1768 ‘⁶
232 1763 377 1792 κεχρηται
394 1747 565 1789 οφφικιοις.”

231 1802 310 1831 Ver.
328 1805 398 1831 445.
416 1805 561 1840 possunt.-
589 1798 633 1828 ita
656 1797 730 1828 libri
754 1796 923 1828 vetustissi-

189 1853 235 1883 mi
253 1853 293 1883 G.
309 1853 346 1883 L.
361 1853 408 1883 M.
423 1863 487 1882 non
503 1857 620 1881 temere
635 1849 835 1890 repudiandi,
852 1860 925 1879 cum

189 1905 289 1935 vind.
314 1911 345 1935 et
368 1906 409 1934 V.
434 1904 481 1934 ed.
517 1903 658 1943 Reliqui,
684 1905 812 1942 possint.
857 1902 928 1932 Erit

189 1956 288 1996 igitur
303 1962 337 1986 ut
355 1962 481 1995 possunt
497 1955 618 1994 phrasis
630 1956 758 1995 finalis,
778 1953 863 1994 quod
878 1953 926 1984 di-

191 2008 285 2044 citur,
301 2017 366 2037 non
383 2008 543 2037 caussalz's.

236 2057 319 2088 Ibid.
339 2059 424 2097 geri:
451 2056 471 2086 i.
492 2067 517 2086 e.
541 2055 671 2091 moveri,
696 2065 840 2091 crescere,
864 2055 927 2085 dis-

192 2109 280 2146 solvi,
297 2115 329 2140 et
352 2109 460 2139 omnia
480 2107 615 2148 denique
638 2117 705 2143 sua,
732 2117 928 2147 quaecunque

193 2164 266 2199 sint,
297 2161 399 2192 officia
427 2169 583 2200 peragere.
644 2159 811 2198 Epicurus,
844 2158 928 2198 apud

195 2216 292 2255 Diog.
308 2214 412 2244 Laert.
427 2222 455 2242 x.
473 2214 524 2242 67.
548 2225 581 2242 το
596 2210 623 2242 δε
640 2224 714 2242 κενον
735 2224 785 2242 ενι-ε
801 2223 926 2246 ποιησαι,

196 2281 246 2299 ετε
273 2268 380 2303 meam,
405 2264 534 2302 δυναται,
560 2270 648 2294 αλλα
671 2276 774 2297 κινησιν
795 2277 874 2303 μονον
897 2261 931 2293 δι’

197 2321 288 2351 {acnvs
303 2332 360 2352 τοις
377 2330 489 2357 emptam
505 2328 686 2356 παρεχεται.

239 2371 315 2400 Ver.
335 2372 406 2399 444.
431 2369 489 2398 Ae:
519 2367 555 2398 B.
574 2373 616 2397 Π.
643 2368 717 2397 Aut.

238 2422 316 2452 Ver.
350 2422 422 2451 445.
452 2420 533 2450 nisi:
571 2418 612 2448 V.
639 2417 686 2447 ed.
717 2417 755 2447 B.
788 2422 828 2447 Π.
851 2427 926 2447 nec:

196 2483 333 2514 quorum
349 2471 480 2501 ultimus
503 2469 538 2499 in
552 2479 613 2499 ver.
636 2478 698 2509 seq.
725 2479 850 2507 corpora
869 2474 929 2498 ter-

197 2527 243 2557 tia
260 2523 444 2563 transponit.

242 2578 318 2608 Ver.
334 2579 406 2607 447.
430 2576 523 2611 Haec‚
539 2580 569 2606 et
585 2584 655 2615 quae
669 2572 775 2603 statim
790 2573 932 2612 veniunt,

200 2639 239 2659 ex
264 2629 395 2668 Epicuri
422 2627 573 2665 fontibus,
602 2632 639 2656 ut
665 2636 718 2656 eos
740 2625 829 2655 nobis
852 2625 933 2655 Dio-

201 2689 298 2719 genes
312 2680 456 2710 La'ertius
482 2685 603 2718 apertos
629 2677 764 2717 reliquit,
791 2676 933 2706 derivan-

202 2736 263 2760 tur.
311 2730 361 2760 Sic
376 2730 440 2769 ille,
457 2741 487 2760 x.
505 2734 553 2760 40.
581 2736 670 2771 napa
685 2727 712 2759 δε
730 2741 841 2766 ταυτα,
865 2729 933 2769 (σω-

203 2795 292 2821 ματα
308 2791 431 2820 nempe,
453 2796 502 2812 και
519 2782 607 2822 κενου)
626 2783 683 2812 εθεν
699 2793 749 2811 ετε
765 2782 934 2814 επινοηθηναι

203 2834 335 2871 §uuaz-m,
359 2846 408 2863 ετε
424 2840 619 2874 περιληπτως,
641 2845 691 2863 een
708 2839 860 2872 αναλαγως
878 2845 934 2864 τοις

207 2893 403 2929 περιληπτοις,
431 2885 465 2918 ὡς
490 2886 558 2914 καθ’
582 2885 652 2918 ὅλας
669 2892 761 2924 φυσεις
785 2884 935 2923 λαμβανο-

205 2952 290 2980 mua,
313 2951 363 2969 και
377 2951 419 2979 μη
436 2937 470 2971 ὡς
495 2950 537 2968 ’τοι
560 2949 654 2969 wem
670 2948 895 2978 συμπτωματα,
919 2948 935 2969 η

959 1071 1177 1109 συμὲεέηκοτα,
1200 1077 1353 1110 >aymam
1399 1069 1464 1106 Qui
1479 1069 1576 1108 locus,
1593 1080 1692 1111 quum

959 1122 1000 1152 ad
1015 1122 1156 1152 Lucretii
1173 1122 1415 1163 intelligentiam
1430 1132 1629 1161 summopere
1645 1123 1691 1153 fa-

960 1173 1031 1210 ciat,
1048 1181 1078 1204 et
1090 1174 1326 1215 diligentissime
1337 1174 1376 1204 sit
1387 1174 1692 1211 animadvertendus,

962 1225 1076 1254 Latine
1089 1225 1247 1256 redditum
1260 1236 1355 1266 quam
1367 1226 1528 1265 perspicue
1540 1226 1693 1256 dabimus.

964 1278 986 1294 ‘⁴
1006 1276 1077 1312 Sed,
1108 1283 1220 1315 praeter
1249 1287 1361 1316 corpus
1387 1283 1418 1307 et
1441 1288 1589 1316 vacuum,
1616 1278 1697 1309 nihil

965 1330 986 1346 “
1004 1338 1105 1368 neque
1121 1328 1254 1368 intelligi
1282 1335 1393 1367 potest,
1418 1329 1467 1359 vel
1486 1330 1594 1360 animo
1608 1341 1695 1361 com-

965 1382 986 1397 “
1002 1381 1203 1419 prehensum,
1229 1380 1279 1410 vel
1303 1380 1405 1410 simile
1421 1391 1543 1418 eorum,
1560 1391 1630 1421 quae
1646 1392 1695 1411 so-

966 1431 1068 1461 “lent
1098 1432 1204 1462 animo
1235 1432 1471 1470 comprehendi3
1506 1433 1595 1473 quasi
1625 1444 1696 1473 pro-

965 1487 985 1502 “
1002 1483 1103 1523 priam
1128 1490 1273 1514 naturam
1290 1484 1462 1523 possidens,
1485 1491 1516 1515 et
1534 1495 1600 1515 non
1615 1485 1697 1524 poti-

966 1539 988 1553 “
1004 1546 1041 1565 us
1057 1546 1162 1566 rerum
1190 1546 1334 1566 verarum
1356 1535 1510 1572 accidens,
1534 1535 1583 1566 vel
1606 1546 1698 1566 even-

968 1593 988 1605 “
1004 1588 1084 1617 tus.''

1011 1639 1086 1669 Ver.
1119 1642 1190 1670 450.
1216 1650 1452 1680 qtcoequomque:
1488 1646 1531 1670 Π.
1559 1651 1702 1679 quaecon-

968 1703 1034 1732 que,
1059 1697 1095 1721 ut
1110 1691 1175 1721 fere
1190 1702 1322 1731 semper,
1349 1692 1382 1721 in
1398 1692 1456 1721 hac
1472 1701 1557 1729 voce,
1582 1697 1613 1722 et
1628 1701 1702 1732 cog-

969 1742 1237 1773 natis—duabus:
1265 1743 1304 1773 G.
1322 1743 1357 1773 L.
1382 1743 1433 1773 M.
1453 1744 1584 1773 duobus.-
1611 1749 1642 1772 et
1655 1744 1704 1773 lzis

969 1793 1066 1823 nostri
1093 1804 1201 1824 omnes
1225 1794 1429 1836 ‘usitatissime
1458 1794 1598 1824 scribunt
1623 1796 1704 1832 hiis,-

970 1845 1023 1886 qui
1039 1855 1080 1876 an
1097 1855 1194 1884 purus
1209 1845 1249 1875 sit
1265 1846 1466 1882 archaismus,
1494 1845 1614 1876 edicere
1629 1856 1703 1876 con-

971 1897 1102 1928 fidenter
1118 1908 1183 1927 non
1198 1897 1295 1927 valeo.
1319 1898 1371 1927 De
1386 1898 1445 1928 hac
1460 1904 1567 1928 autem
1582 1909 1615 1928 re
1629 1898 1707 1939 quid

972 1949 1134 1988 explorare
1164 1948 1328 1989 quiverim,
1359 1948 1483 1979 dabitur
1510 1949 1550 1979 ad
1576 1959 1603 1979 V.
1633 1953 1706 1980 350.

972 2001 1023 2030 Ex
1039 2000 1187 2031 varietate
1211 2001 1331 2030 interea
1350 2001 1639 2041 antiquissimorum
1655 2008 1705 2030 co-

973 2051 1080 2081 dicum
1111 2053 1238 2089 duohus,
1269 2051 1349 2080 nihil
1378 2052 1563 2082 mutationis
1587 2053 1706 2094 disqui-

972 2103 1123 2140 rendum3
1147 2113 1220 2132 cum
1237 2102 1276 2132 sit
1301 2102 1500 2132 simillimum
1522 2104 1595 2140 veri,
1612 2104 1705 2134 libra-

972 2155 1046 2192 rios,
1076 2159 1112 2184 ut
1135 2154 1169 2183 in
1192 2153 1260 2183 loco
1275 2153 1364 2183 valde
1379 2154 1555 2192 perspicuo,
1582 2155 1707 2193 poetam

974 2212 1081 2237 mente
1108 2205 1354 2246 praecucurrisse,
1381 2205 1510 2235 veniens
1540 2208 1708 2237 substanti-

973 2267 1049 2287 vum
1064 2267 1128 2287 non
1145 2262 1314 2296 sperantes,
1341 2256 1453 2295 saepius
1475 2257 1584 2298 utique
1599 2259 1706 2289 subin·

974 2310 1144 2341 tellectum.

1018 2361 1102 2392 Ibid.
1119 2362 1296 2402 conjuncta,
1321 2374 1546 2401 συμπτωματα·
1571 2367 1607 2392 ut
1621 2373 1708 2394 even-

974 2419 1006 2444 ta
1023 2419 1097 2443 sunt
1112 2414 1330 2452 συμέεέῆκοτα.

1018 2466 1093 2495 Ver.
1121 2468 1192 2495 452.
1219 2475 1385 2503 numquam
1395 2478 1405 2494 .·
1431 2464 1469 2494 L.
1495 2463 1543 2494 M.
1569 2471 1613 2495 Ω.
1634 2476 1707 2497 nus—

977 2529 1089 2558 quc1m;
1117 2523 1148 2547 et
1174 2516 1250 2547 ferri
1277 2521 1393 2556 potest:
1429 2526 1516 2553 nam,
1541 2516 1603 2546 sive
1627 2516 1710 2547 dicas

977 2580 1042 2600 non
1069 2579 1133 2599 esse
1159 2568 1369 2608 separandum
1383 2567 1451 2598 ullo
1475 2570 1548 2605 loco,
1574 2577 1628 2597 seu
1644 2567 1710 2598 ullo

977 2627 1122 2660 tempore,
1152 2620 1228 2661 quid
1257 2618 1418 2650 intererit?
1447 2619 1636 2659 perniciali:
1673 2623 1708 2650 Δ.

978 2674 1111 2703 z'm'ciali.

1022 2727 1097 2757 Ver.
1114 2730 1188 2758 455.
1213 2727 1373 2756 Discidz'o:
1401 2730 1445 2754 Ω..
1461 2724 1608 2762 Distigz'o.

1021 2778 1095 2808 Ver.
1108 2782 1182 2809 454.
1206 2779 1289 2808 saxi:
1313 2775 1356 2805 ita
1371 2775 1408 2805 P.
1422 2780 1453 2804 et
1468 2773 1628 2803 nonnullae
1640 2773 1710 2804 aliae

980 2829 1134 2860 editiones
1149 2827 1358 2868 antiquiores3
1380 2831 1417 2855 ut
1433 2829 1468 2855 Δ.
1490 2835 1625 2865 quoque,
1649 2825 1709 2855 nisi

978 2881 1061 2923 quod
1090 2893 1104 2912 s
1129 2880 1236 2911 derasa
1250 2879 1301 2908 sit:
1327 2877 1446 2918 reliqua
1472 2877 1579 2907 omnia
1604 2887 1710 2907 exem-

978 2933 1088 2975 plaria,
1125 2932 1360 2970 saxia-ignis.-
1400 2929 1443 2960 sic
1479 2929 1586 2960 omnia
1622 2929 1710 2960 omni
