1894 3253
232 293 325 333 184

721 283 782 330 T.
834 279 1215 330 LUCRETII

432 417 653 465 Praeterea,
676 414 871 471 quoniam
892 428 979 454 non
999 413 1139 454 omnia
1158 426 1333 467 corpora
1353 410 1517 468 fingunt

376 492 426 533 In
446 490 628 531 medium
648 489 746 539 niti;
780 488 851 529 sed
870 496 1090 538 terrarum,
1114 494 1236 542 atque
1256 486 1449 541 liquoreS,

374 565 613 607 Humorem
634 565 768 620 ponti,
789 579 1042 621 magnasque
1062 578 1084 604 e
1104 561 1313 603 montibus
1333 560 1481 609 undas,

240 645 344 682 1085
377 640 437 681 Et
457 639 571 696 quasi
591 647 756 681 terreno
777 653 869 694 quae
890 652 1064 693 corpore
1084 637 1394 679 contineantur:

231 813 349 853 scripti,
380 818 473 854 atque
503 810 584 843 editi·
606 810 737 852 priores;
775 811 961 843 recentiores

229 871 349 903 autem,
380 875 418 894 ex
443 864 571 894 arbitrio
596 864 785 900 criticorum,
812 865 958 895 concilio.-

231 918 314 948 male
347 916 486 947 omnino.
532 917 603 946 Has
638 916 801 956 regiminis
837 915 962 945 rarioris

233 968 387 1001 formulas
402 968 548 1009 religioni
560 969 611 1006 sit,
628 969 820 998 membranis
830 967 961 997 vetanti-

231 1022 300 1058 bus,
319 1021 495 1051 demutare:
523 1019 630 1050 redeas
653 1030 701 1058 ea,
726 1030 796 1060 quae
820 1018 965 1049 dedimus

234 1072 384 1110 ubertim,
402 1071 442 1102 ad
457 1081 534 1101 verr.
549 1074 624 1109 250,
641 1075 714 1102 289.
739 1073 903 1110 cupedine:
922 1070 966 1099 sic

235 1124 276 1154 O.
303 1129 337 1156 Σ.
372 1131 418 1154 Ω.
455 1129 486 1153 at
515 1123 614 1153 Vind.
653 1123 694 1153 V.
725 1122 773 1153 ed.
813 1124 966 1163 cupidine.

232 1175 255 1207 J
258 1186 309 1205 am
325 1186 397 1205 vero
412 1175 451 1204 de
466 1174 554 1204 litera
575 1185 639 1204 non
656 1174 826 1215 geminata,
848 1174 967 1214 relegas

232 1227 316 1256 dicta
352 1228 386 1256 in
415 1237 476 1256 ver.
516 1227 797 1261 64.--Caeterum‚
835 1231 966 1264 receptae

232 1277 361 1307 lectioni
383 1279 471 1308 victae
489 1277 715 1306 Creechianam
738 1276 964 1306 divinationem

232 1331 345 1360 vinctce
375 1328 538 1359 Bentleius
568 1328 756 1367 anteposuit.
799 1328 821 1358 J
823 1328 966 1358 actantiae

234 1381 388 1411 nimirum
415 1387 462 1410 est
476 1380 565 1410 valde
581 1380 709 1419 puerilis
724 1390 825 1415 voceS‚
850 1381 967 1419 passim

234 1432 343 1462 scribis
361 1437 582 1468 commutatas,
599 1431 798 1471 conjecturis,
815 1431 903 1460 nulla
928 1431 967 1461 de

235 1482 344 1514 caussa
358 1489 452 1524 atque
467 1482 699 1512 incontinenter
714 1482 892 1521 propositiS‚
917 1493 969 1511 so-

235 1536 365 1566 licitare.
411 1535 484 1574 Ego
500 1534 580 1564 nihil
595 1545 716 1564 novem.
764 1534 803 1569 Q.
830 1534 969 1572 Curtius,

236 1588 278 1618 ix.
296 1592 327 1618 2.
347 1591 394 1617 12.
420 1591 441 1604 “
466 1588 544 1617 Vicit
560 1596 636 1627 ergo
657 1587 766 1626 cupido
784 1586 969 1616 rationem.’'

239 1638 301 1669 Sed
317 1638 411 1678 nugis
427 1638 588 1668 immorari
604 1638 686 1668 nolo.

283 1691 359 1720 Ver.
377 1694 469 1721 1082.
494 1693 657 1731 quoniam:
685 1690 780 1720 vind.
807 1696 840 1721 A.
856 1702 972 1731 quoque

228 1744 299 1783 jam
309 1758 319 1778 ;
347 1742 431 1782 quod
448 1742 605 1773 editorum
615 1744 714 1773 turbae
726 1743 855 1782 placuit,
865 1749 974 1773 contra

239 1795 304 1824 vim
324 1796 582 1824 membranarum
605 1801 698 1834 atque
724 1794 882 1824 editorum
908 1795 972 1824 sin-

240 1847 396 1877 ceriorum
432 1846 692 1885 consentientem,
734 1847 909 1884 immerit03
948 1846 973 1876 si

239 1899 335 1930 modo
350 1899 496 1939 quaedam
511 1899 729 1938 suppleantur,
753 1898 858 1939 qualia
873 1898 975 1928 solent

240 1951 276 1980 in
311 1957 572 1991 argumentorum
602 1951 736 1981 decursu
767 1951 833 1980 sine
863 1951 975 1981 fraude

240 2001 373 2031 reticeri.
419 2006 441 2019 ‘⁶
459 2005 626 2038 Praeterea,
656 2002 717 2032 alia
741 2002 868 2041 insuper
891 2001 972 2031 diffi-

243 2055 267 2070 “
283 2051 382 2081 cultas
412 2052 586 2082 rationibus
612 2063 722 2082 eorum
752 2052 973 2083 adversatur:”

243 2102 303 2140 vel,
319 2106 342 2121 “
357 2102 430 2132 Hoc
443 2104 548 2138 etiam,
563 2113 625 2142 quo
641 2103 697 2132 sibi
714 2103 820 2132 minus
835 2110 975 2133 constare

245 2159 267 2173 “
282 2154 350 2185 vide
360 2160 460 2192 mtur,
475 2154 538 2183 illis
554 2160 653 2193 potest
666 2154 796 2194 objici:”
814 2154 863 2183 vel
874 2155 976 2184 simile

245 2205 374 2246 aliquid.
398 2206 435 2235 L.
460 2206 510 2236 M.
534 2206 651 2235 habent
674 2217 734 2245 qua
762 2215 835 2235 cum
859 2205 977 2235 lineola

245 2257 395 2296 desuper;
419 2267 488 2297 quae
511 2256 664 2295 scriptura
680 2256 831 2296 quidnam
848 2256 905 2286 sibi
921 2266 974 2286 vo-

246 2307 354 2346 luerit,
382 2307 537 2338 collatoris
557 2313 623 2337 erat
647 2318 684 2337 ex
709 2307 784 2337 locis
807 2307 876 2336 aliis
892 2317 976 2337 com-

247 2359 352 2389 missis
367 2359 578 2389 declaravisse.
604 2359 741 2396 Interea,
754 2358 793 2388 de
802 2358 980 2398 fragmento

250 2411 460 2451 Gottorpiano
475 2410 576 2441 altum
592 2410 696 2450 agitur
711 2410 879 2440 silentium.

290 2463 369 2494 Ver.
401 2467 492 2494 1085.
519 2469 627 2503 atque:
667 2469 708 2493 Π.
738 2465 976 2502 ‹za—liquores.-

248 2516 292 2546 sic
301 2516 339 2546 L.
354 2516 402 2546 M.
418 2521 449 2545 et
459 2515 571 2554 placet,
585 2521 621 2544 ut
632 2514 759 2555 vulgare
770 2515 877 2544 minus
886 2520 981 2555 atque

247 2568 439 2608 elegantius:
460 2573 496 2599 Σ.
512 2574 556 2598 Ω.
571 2569 716 2607 liquoris,-
736 2566 848 2607 reliqui
859 2577 980 2604 omnes,

248 2623 413 2661 liquorum,
423 2625 459 2649 ut
471 2619 623 2649 editiones
631 2618 982 2656 recentiores—Porro,

251 2671 337 2702 hicce
353 2682 459 2702 versus
474 2671 508 2700 in
525 2671 559 2701 P.
575 2671 617 2700 V.
633 2670 680 2700 ed.
704 2670 741 2700 L.
759 2675 794 2700 Δ.
812 2674 847 2700 Σ.
865 2675 907 2699 Ω.
931 2679 978 2699 se-

251 2723 359 2762 quenti
385 2722 594 2762 postponitur,
630 2722 685 2753 sed
710 2721 743 2752 in
771 2722 818 2752 M.
851 2735 892 2761 ιτῳ
918 2731 980 2751 ver.

252 2776 348 2804 1085.

296 2826 370 2855 Ver.
388 2830 478 2856 1084.
494 2838 641 2867 magnas.-
661 2832 695 2858 Σ.
713 2827 846 2866 magnis,
861 2830 898 2855 ut
912 2824 981 2854 vul-

251 2887 342 2918 gares
357 2877 442 2912 editi,
458 2879 591 2909 minime
607 2879 646 2910 ad
660 2879 721 2910 loci
733 2888 870 2917 scopum.
895 2877 984 2907 Huic

253 2934 360 2958 autem
389 2930 492 2959 versui
514 2940 647 2971 sequens
672 2929 865 2970 praeponitur
886 2928 920 2959 in
942 2928 983 2959 V.

254 2979 302 3010 ed.
319 2980 368 3011 M.
385 2985 415 3010 et
432 2986 474 3010 Ω.

1047 809 1130 841 Ibid.
1169 810 1337 840 Humorem
1369 810 1469 848 ponti.
1526 806 1736 842 Mantuanus,

1005 873 1074 904 geo.
1084 862 1124 892 iv.
1140 865 1212 892 430.

1354 919 1424 943 vasti
1433 925 1498 950 gens
1508 918 1613 942 humida
1620 917 1703 949 ponti:

1007 978 1038 1002 et
1053 971 1190 1001 eundem
1209 970 1284 1000 ibid.
1300 971 1320 1000 i.
1339 973 1411 1000 572.
1435 969 1479 998 ita
1492 969 1606 998 rectius
1621 968 1733 1007 capias,

1009 1030 1039 1054 et
1054 1024 1270 1063 interpungas:

1329 1098 1411 1126 atque
1422 1094 1508 1119 omnis
1520 1092 1622 1123 navita,
1630 1096 1705 1125 ponto

1041 1137 1165 1166 Humida,
1175 1136 1235 1161 vela
1247 1135 1327 1168 legit:

1009 1202 1030 1231 i.
1044 1212 1071 1231 e.
1094 1201 1170 1236 vela,
1186 1211 1256 1241 quae
1272 1205 1386 1238 pontus
1397 1198 1596 1229 humectavit.

1055 1251 1135 1281 Ibid.
1158 1263 1173 1281 e
1188 1252 1338 1281 montibus
1352 1252 1464 1280 undas.
1512 1249 1658 1280 Inveniet
1679 1249 1739 1280 lec-

1010 1309 1058 1333 tor
1073 1303 1227 1333 nonnulla
1241 1304 1303 1332 huc
1318 1302 1465 1332 facientia
1480 1302 1512 1331 in
1528 1301 1610 1332 notis
1624 1302 1665 1332 ad
1676 1312 1739 1332 ver-

1012 1358 1083 1385 231.
1110 1355 1239 1394 hujusce
1254 1354 1340 1384 libri:
1367 1364 1468 1394 neque
1493 1354 1598 1384 videar
1622 1354 1736 1384 intem-

1010 1406 1157 1446 pestivus,
1182 1405 1207 1435 si
1224 1415 1329 1435 veram
1352 1405 1616 1435 constructionem
1630 1404 1691 1435 loci
1706 1405 1740 1435 in

1013 1458 1151 1488 Horatio
1166 1467 1328 1496 aperuero,
1354 1467 1450 1497 quam
1464 1457 1641 1487 scholiastes
1659 1458 1739 1487 Cru-

1015 1509 1150 1549 quianus
1172 1514 1203 1538 et
1220 1509 1326 1538 Acron
1341 1518 1535 1546 perspexere,
1561 1508 1616 1538 sed
1642 1507 1742 1538 edito-

1014 1571 1098 1598 rum,
1114 1566 1269 1600 quantum
1284 1558 1404 1588 valeam
1420 1558 1607 1599 intelligere,
1616 1558 1742 1589 hodier-

1015 1622 1129 1642 norum
1145 1622 1246 1642 nemO.
1291 1611 1403 1641 Exstat
1418 1610 1468 1641 od.
1482 1611 1501 1641 i.
1519 1615 1570 1642 29.
1588 1614 1638 1641 11.

1427 1680 1492 1711 Quis
1503 1683 1583 1711 neget
1593 1679 1681 1705 arduis

1111 1724 1208 1746 Pronos
1219 1721 1301 1746 relabi
1312 1728 1388 1752 posse
1399 1721 1469 1744 rivos

1139 1761 1286 1790 Montibus,
1297 1764 1325 1785 et
1336 1760 1458 1784 Tiberim
1471 1759 1585 1784 reverti?

1018 1818 1107 1849 Ordo
1121 1824 1180 1848 est.
1209 1821 1230 1835 ‘⁵
1250 1817 1330 1852 Quis
1345 1821 1440 1856 neget
1453 1815 1543 1851 rivos,
1564 1825 1679 1854 pronos
1694 1825 1743 1845 ar-

1017 1871 1089 1901 duis
1104 1869 1298 1907 montibus,''
1324 1869 1358 1910 (i.
1375 1879 1400 1898 e.
1416 1867 1747 1898 decidentes—decur-

1018 1921 1337 1959 rentes-moutibus)
1385 1924 1405 1937 “
1427 1930 1514 1958 posse
1558 1919 1747 1951 relabi——?’'

1020 1974 1109 2004 Hinc
1124 1973 1219 2004 etiam
1235 1971 1353 2002 Valerii
1370 1971 1473 2001 Flacci
1484 1981 1607 2000 versum
1623 1970 1747 2001 restitu-

1018 2037 1063 2064 εις,
1079 2026 1133 2066 qui
1144 2027 1365 2056 Bur-mannum
1377 2024 1576 2052 vehementer
1588 2021 1747 2059 cruciavit,

1019 2076 1070 2106 vii.
1085 2080 1158 2107 591.

1050 2144 1082 2167 Et
1092 2143 1147 2173 jam
1157 2143 1213 2173 jam
1226 2142 1333 2173 magico
1343 2148 1388 2173 per
1399 2147 1484 2173 opaca
1494 2140 1598 2164 silentia
1609 2140 1717 2164 Colchis

1051 2184 1179 2214 Coeperat
1190 2182 1228 2206 ire
1238 2188 1314 2210 sono,
1323 2183 1526 2211 monstrataque
1535 2180 1650 2204 condere
1658 2180 1749 2205 vultus

1051 2221 1177 2250 Numina,
1187 2220 1286 2251 subque
1296 2220 1347 2244 suis
1358 2220 1444 2245 averti
1454 2218 1554 2243 collibus
1565 2226 1660 2243 amnes.

1021 2279 1140 2320 Vulgo,
1164 2290 1310 2319 cumque;
1334 2284 1510 2318 portentose
1526 2277 1609 2307 satis.
1643 2277 1750 2308 Ovidii

1023 2331 1102 2361 duos
1117 2331 1200 2361 locos
1215 2330 1301 2369 prius
1312 2340 1350 2360 ex
1359 2329 1489 2370 ingenio
1500 2328 1750 2365 emendaveram‚

1024 2394 1119 2425 quam
1134 2384 1228 2414 libros
1241 2383 1394 2424 quosdam
1409 2381 1637 2413 consentientes
1658 2381 1749 2412 intel-

1023 2435 1166 2473 lexerim,
1184 2441 1257 2464 met.
1274 2435 1338 2465 xiii.
1357 2437 1429 2466 954.

1188 2496 1296 2521 diversis
1306 2495 1371 2527 lapsi
1382 2496 1415 2520 de
1426 2494 1548 2519 montibus
1559 2500 1665 2518 amnes-

1027 2546 1146 2587 Vulgo,
1158 2545 1319 2587 sontibus:
1345 2545 1384 2574 de
1413 2554 1547 2585 quarum
1578 2542 1750 2573 dictionum

1025 2597 1263 2638 permutatione,
1290 2597 1394 2627 videas
1415 2606 1476 2626 ver.
1500 2599 1571 2627 291.
1594 2603 1697 2633 supra,
1720 2599 1751 2623 et

1026 2650 1170 2681 consulas
1183 2651 1407 2680 Burmannum
1422 2648 1461 2678 ad
1475 2646 1580 2678 Ovidii
1589 2645 1608 2675 l.
1620 2655 1645 2675 c.
1662 2644 1753 2674 Alter

1024 2703 1111 2732 locus
1128 2707 1174 2732 est
1189 2711 1225 2731 ex
1244 2702 1357 2737 Ponto,
1374 2700 1412 2729 iv.
1430 2701 1457 2730 5.
1474 2702 1524 2728 45.

1057 2769 1234 2800 Fluminaque
1246 2769 1273 2792 in
1285 2770 1378 2792 montes
1390 2773 1468 2790 cursu
1479 2764 1596 2789 reditura
1606 2763 1710 2795 supino.
1759 2758 1761 2760 ’

1028 2819 1107 2850 Plus
1132 2819 1253 2849 videtur
1275 2818 1387 2852 dicere,
1411 2825 1506 2855 quam
1528 2823 1602 2844 cum
1627 2813 1754 2853 vulgato

1017 2872 1139 2914 fhntes;
1163 2870 1304 2911 quamvis
1330 2874 1498 2907 utrumque
1514 2865 1624 2896 eodem
1639 2864 1753 2895 redeat.

1027 2925 1140 2961 Porro,
1158 2921 1360 2955 Claudianus,
1376 2919 1410 2949 in
1426 2920 1557 2959 Eutrop.
1573 2918 1592 2949 i.
1607 2918 1684 2949 555.
1705 2916 1756 2948 his

1027 2987 1092 3007 non
1108 2975 1228 3006 alienus
1243 2972 1415 3004 accesserit:
