1894 3253
179 266 267 307 158

666 258 726 305 Τ.
774 257 1156 307 LUCRETII

317 390 438 433 Trita
458 391 557 432 solo:
582 390 701 444 juvat
720 389 903 447 integros
923 391 1122 432 adcedere
1140 390 1305 442 funteis,

317 466 456 520 Atque
477 464 661 514 haurire3
687 465 885 521 juvatque
904 481 1035 507 novos
1055 466 1274 521 decerpere
1292 467 1429 518 flores,

317 539 610 595 Insignemque
630 555 724 581 meo
745 541 868 596 capiti
888 549 1032 596 petere
1052 541 1150 582 inde
1171 557 1384 592 coronam,

319 612 444 654 Unde
463 614 578 668 prius
598 613 697 655 nulli
718 614 889 656 velarint
909 623 1098 671 tempora
1122 615 1272 657 Musae.

216 768 297 798 Ibid.
323 770 454 808 integros
470 768 612 809 funleis:
638 770 658 800 i.
674 781 699 800 c.
715 772 754 801 ab
770 782 828 801 usu
844 773 900 808 ho-

172 819 297 849 minum
327 819 587 860 integros—quos
617 821 726 851 nullus
755 823 903 863 attigit—

171 871 292 900 nemini
321 870 480 901 delibatos.
527 872 616 901 Hinc
654 879 760 902 autem
797 873 903 903 locum

174 923 305 954 Caesaris
320 923 490 964 intelligas,
505 924 576 954 bell.
592 924 648 955 civ.
667 925 686 954 i.
703 929 822 956 49.-“
837 927 903 956 loca

172 978 194 993 “
211 982 296 1005 trans
311 975 430 1005 flumen
448 978 582 1015 integra,
607 987 669 1017 quo
685 978 815 1007 omuino
835 978 903 1007 Cae-

172 1030 193 1045 “
209 1038 258 1057 sar
274 1028 359 1058 adire
371 1038 435 1058 non
452 1028 612 1067 poterat:’'
637 1032 754 1060 intacta
771 1029 902 1067 scilicet3

170 1089 306 1119 quorum
322 1080 486 1119 pabulum,
503 1088 595 1120 atque
610 1081 820 1119 frumentum,
848 1092 902 1111 ne-

170 1141 224 1162 mo
259 1132 461 1162 subduxerat.
509 1133 598 1162 Hinc
635 1133 730 1163 etiam
763 1140 903 1163 mentem

173 1183 325 1222 Sallustii,
341 1184 381 1214 ad
395 1185 417 1215 J
420 1194 471 1224 ug.
484 1187 534 1215 63.
549 1189 578 1214 5.
594 1184 633 1214 de
651 1185 756 1215 Mario
771 1185 902 1226 loquen-

171 1236 221 1271 tis,
249 1235 437 1274 apertiorem
463 1236 552 1266 dabo.
599 1240 620 1254 ‘⁶
640 1237 690 1266 Ita
719 1238 800 1266 inter
831 1237 905 1267 artis

172 1289 194 1304 “
209 1287 307 1316 bonas
322 1289 475 1326 integrum
502 1287 669 1327 ingenium
685 1288 769 1317 brevi
797 1288 902 1318 adole-

172 1343 193 1355 “
208 1337 291 1367 vit:'‘
315 1338 334 1368 i.
351 1348 376 1368 e.
393 1338 571 1378 ingenium,
587 1338 672 1368 unde
687 1339 766 1368 nihil
781 1341 903 1378 decerp-

171 1396 275 1420 serunt
305 1400 398 1428 prava
428 1390 666 1420 studia—malis
691 1391 810 1420 artibus
840 1402 903 1421 non

171 1448 364 1472 attenuatum
405 1448 498 1481 atque
543 1445 749 1473 imminutum.
820 1443 905 1472 Illud

171 1493 261 1528 brevi,
289 1492 321 1522 in
338 1502 400 1532 quo
414 1493 505 1522 haesit
523 1493 658 1529 Cortius,
681 1493 786 1523 innuit
803 1494 903 1522 Mari-

172 1554 228 1574 um
255 1544 346 1574 solito
370 1544 526 1576 maturius
549 1556 641 1574 suam
659 1545 757 1574 animi
774 1545 903 1574 firmita-

170 1601 235 1625 tem
262 1595 411 1634 adeptum
437 1606 515 1632 esse,
541 1596 637 1625 nullis
663 1596 815 1625 illecebris
834 1606 904 1634 pro-

170 1656 295 1686 gressus
309 1648 376 1687 ejus
389 1646 644 1685 impedientibus,
668 1654 723 1676 aut
739 1647 906 1687 agentibus

171 1703 390 1727 transversum.
436 1697 573 1728 Pulchre
603 1705 711 1728 autem
738 1699 906 1728 Petronius

172 1757 240 1789 post
255 1750 428 1788 neminem,
449 1760 513 1789 cap.
531 1754 560 1782 5.

398 1818 444 1842 det
454 1818 555 1849 primos
568 1818 685 1843 versibus
697 1825 790 1847 annos,

202 1858 397 1890 Maeom'umque
406 1858 474 1883 biba!
487 1859 559 1884 felici
571 1863 681 1891 pectore
689 1859 803 1890 fontem:

172 1907 226 1951 ubi
241 1921 384 1960 pluribus
403 1922 442 1952 de
467 1923 526 1952 hac
552 1923 690 1963 imagine
714 1923 904 1962 interpretes.

173 1971 273 2001 Faber
288 1973 382 2002 ctiam
402 1980 576 2012 opportune
592 1974 741 2004 Flaccum
757 1973 906 2011 admovit,

173 2022 222 2053 od.
238 2023 257 2053 i.
275 2028 324 2054 26.
339 2028 367 2054 6.

402 2091 441 2114 O!
463 2097 524 2122 quae
535 2091 653 2122 smnibus
664 2091 766 2123 integris

296 2130 414 2160 Gaudes,
432 2131 535 2162 apricos
546 2135 625 2156 necte
633 2132 721 2161 flores,

329 2171 413 2195 Necte
424 2178 487 2195 meo
499 2171 602 2195 Lamia:
615 2178 743 2201 coronam,

268 2209 379 2241 Pimplei‘
387 2209 480 2234 dulcis.

173 2273 292 2303 Omnia
309 2272 395 2303 vides
410 2272 449 2303 ad
465 2273 604 2304 Lucretii
619 2284 725 2304 versus
740 2273 905 2304 delineata.

172 2324 279 2354 -Vel
303 2326 435 2364 integros
465 2335 522 2363 pro
546 2336 657 2364 puros;
691 2331 799 2364 utpote
828 2335 906 2365 quos

173 2386 269 2406 nemo
284 2375 449 2416 contigerit
463 2386 498 2405 ac
512 2378 688 2407 turbaverit.
732 2377 854 2415 Cicero,
867 2376 906 2406 de

172 2433 285 2458 senect.
302 2430 420 2457 22.—“
437 2427 491 2457 sed
506 2438 580 2457 cum
603 2429 690 2458 omni
714 2428 907 2459 admixtione

176 2482 198 2497 “
215 2479 351 2518 corporis
365 2479 524 2515 liberatus,
546 2491 647 2519 purus
662 2487 693 2510 et
711 2483 826 2521 integer
842 2491 907 2511 esse

175 2534 197 2549 ‘⁴
214 2532 363 2570 coepisset,
380 2538 449 2562 tum
466 2542 531 2561 esse
547 2532 755 2571 sapientem.''

217 2583 290 2614 Ver.
309 2588 379 2615 927.
393 2585 562 2625 juvatque:
578 2587 663 2615 abest
677 2597 734 2625 que
744 2586 785 2615 V.
802 2585 849 2616 ed.
864 2592 904 2616 Π.

219 2634 298 2664 Ibid.
322 2647 410 2666 novos
424 2638 581 2676 decerpere
589 2638 695 2677 flores.
739 2637 904 2675 Horatius,

174 2683 224 2714 od.
243 2685 287 2714 iil.
303 2689 353 2716 27.
369 2690 422 2717 45.

463 2745 594 2771 meliusne
604 2746 702 2771 fluctus

269 2785 310 2807 Ire
320 2791 367 2814 per
378 2785 471 2816 longos
486 2786 549 2816 fuit,
560 2794 594 2811 an
606 2787 708 2812 recenti]

391 2826 495 2857 Carpere
502 2826 581 2856 flores
589 2828 601 2851 ?

178 2887 322 2925 Ovidius,
338 2887 408 2917 fast.
425 2897 451 2917 V.
467 2892 539 2919 255.

221 2960 341 2984 Protinus
355 2959 507 2985 haerentem
520 2959 628 2992 deserpsi
639 2961 734 2993 pollice
738 2961 838 2992 florem.

947 772 1050 810 Idem,
1066 772 1181 802 remed.
1196 782 1292 802 amor.
1312 775 1383 803 105.

1171 841 1288 866 delectat
1299 841 1408 866 Veneris
1420 840 1547 873 decerpere
1555 840 1641 871 stores.

950 904 1000 933 Sic
1037 904 1223 944 legendum;
1269 915 1333 934 non
1367 916 1556 944 eraecerpere
1601 914 1674 934 cum

950 954 1097 991 Heinsio,
1121 965 1178 985 nec
1198 955 1319 993 fructus
1349 966 1422 985 cum
1437 955 1523 984 libris
1538 954 1676 985 nonnul-

948 1006 987 1035 lis
1004 1007 1099 1036 MSS.
1147 1007 1267 1036 Animo
1289 1007 1397 1046 utique
1414 1006 1577 1036 cultissimi
1600 1006 1678 1036 vatis

948 1058 1120 1088 inhaerebat
1136 1058 1304 1096 Pindarus,
1324 1059 1416 1088 Nem.
1433 1058 1483 1088 vii.
1501 1061 1550 1088 78.

978 1137 1028 1159 Kou
1040 1139 1108 1167 μέλι,
1120 1145 1167 1160 και
1180 1145 1215 1160 τα
1225 1133 1304 1168 ‘repta’
1318 1132 1420 1159 ANt-JE'
1433 1134 1640 1160 ΑΦΡΟΔῙΣῘΑ.

950 1201 1014 1230 L'bi
1041 1201 1073 1230 in
1090 1202 1221 1231 transitu
1242 1201 1349 1231 leviter
1375 1201 1512 1241 corrigas
1532 1200 1677 1230 scholias-

947 1258 1013 1282 ten:
1043 1266 1100 1284 ετει
1117 1268 1191 1294 κορθς
1212 1259 1352 1284 ΕΝΕΣΤΙ
1371 1266 1451 1284 «ἴασι.
1488 1253 1574 1282 Libri
1590 1252 1678 1291 dant,

950 1316 1055 1333 επεστι.
1092 1304 1247 1344 Denique,
1272 1319 1313 1343 τῳ
1330 1306 1524 1344 uovosflores
1541 1304 1681 1334 Lucretii

948 1364 1103 1393 opponere
1129 1355 1227 1384 voluit
1246 1355 1398 1384 Horatius
1421 1365 1514 1385 suum
1538 1357 1680 1395 Undique

1495 1407 1592 1436 nostri
1611 1416 1678 1436 me-

1440 1410 1458 1418 ,-

948 1407 1118 1445 (lecerplam
1145 1408 1266 1443 olii-am,
1294 1406 1342 1436 od.
1357 1407 1376 1436 i.
1396 1409 1422 1436 7.
1446 1420 1468 1437 ι.

948 1466 1031 1486 mor:

980 1522 1094 1554 Undique
1104 1521 1243 1554 decerptam
1255 1522 1338 1546 fronti
1349 1529 1509 1554 praeponere
1519 1522 1632 1548 olivam:

949 1586 1035 1625 quasi
1060 1585 1155 1615 fuerit
1180 1586 1279 1625 poetis
1306 1586 1448 1615 materies
1466 1586 1681 1626 vulgatissima

949 1637 1057 1668 laudes
1075 1639 1273 1668 Athenarum
1288 1649 1415 1675 cauere;
1439 1639 1486 1668 uti
1502 1638 1607 1668 locum
1623 1649 1678 1677 op-

949 1690 1024 1719 time
1041 1690 1204 1720 Bentleius
1218 1690 1308 1728 cepit,
1325 1696 1356 1719 et
1371 1689 1529 1728 explicuit.
1567 1689 1681 1720 Valeat

950 1753 1087 1782 nuperus
1102 1744 1201 1773 editor
1217 1744 1428 1774 Londiuensis
1451 1754 1525 1774 cum
1551 1754 1608 1774 suo
1623 1747 1679 1775 Ιη-

949 1797 1055 1835 deque,
1084 1796 1238 1834 scriptoris
1253 1802 1394 1826 mentem
1410 1795 1497 1825 nulla
1521 1802 1612 1825 tenus
1633 1802 1680 1826 at-

948 1847 1097 1886 tingente.

994 1898 1067 1928 Ver.
1083 1902 1154 1929 928.
1178 1898 1265 1928 Libri
1291 1897 1371 1927 nihil
1393 1897 1523 1935 variant,
1549 1897 1682 1938 ideoque

951 1950 1112 1980 demutem
1127 1950 1227 1987 nihil;
1249 1950 1304 1980 sed
1319 1949 1424 1979 mirari
1446 1949 1536 1979 liceat
1553 1949 1586 1979 in
1602 1949 1683 1988 loco,

950 2002 1141 2040 po‘e'ticarum
1158 2012 1308 2031 venerum
1323 2001 1536 2039 refertissimo,
1552 2011 1617 2031 non
1632 2002 1681 2031 in-

951 2053 1047 2082 veniri
1074 2053 1261 2084 vocabulum
1291 2053 1484 2093 exquisitius,
1517 2059 1547 2083 et
1570 2064 1589 2083 a.
1616 2063 1681 2083 ser-

950 2114 1045 2133 mone
1069 2105 1203 2142 pedestri
1229 2104 1380 2134 remotius
1400 2103 1607 2143 aliquantulo,
1634 2110 1681 2133 at-

950 2166 1012 2196 que
1034 2156 1130 2185 etiam
1152 2156 1186 2185 in
1205 2157 1262 2186 hac
1284 2166 1317 2185 re
1333 2155 1493 2195 proprium
1508 2156 1542 2185 in
1556 2156 1666 2194 primis
1673 2168 1683 2194 ς

950 2218 1076 2246 nempe,

966 2275 1156 2306 Insignemque
1167 2281 1231 2299 meo
1242 2274 1324 2305 capiti
1335 2277 1424 2298 metere
1437 2274 1499 2298 inde
1510 2280 1654 2298 coronam:

949 2330 1074 2360 litei-ulai
1093 2330 1233 2369 simplice
1255 2330 1385 2361 mutata.
1422 2330 1585 2370 Virgilius,
1613 2340 1682 2372 geo.

950 2381 988 2412 iv.
1006 2385 1056 2413 54.

1059 2446 1259 2476 Purpureosque
1271 2447 1367 2468 metunt
1375 2444 1465 2475 flores:

953 2508 1121 2545 Martialis,
1142 2518 1172 2537 x.
1187 2512 1236 2539 95.
1254 2511 1284 2539 5.

982 2579 1020 2602 Ut
1031 2585 1088 2602 rosa
1100 2578 1228 2608 delectat,
1239 2577 1342 2602 metitur
1351 2584 1414 2609 quae
1426 2578 1523 2610 pollice
1533 2577 1638 2610 primo:

949 2641 1085 2671 eundem
1119 2641 1287 2671 Maronem
1316 2641 1494 2679 aemulatus,
1526 2640 1603 2670 AEn.
1635 2639 1678 2669 xi.

950 2698 1000 2725 68.

1174 2753 1294 2784 virgineo
1306 2752 1443 2777 demessum
1452 2750 1539 2783 pollice
1543 2749 1644 2780 florem.

951 2812 1078 2843 Addam
1097 2812 1321 2847 Claudianum,
1336 2816 1412 2849 rapt.
1430 2810 1518 2839 Pros.
1535 2809 1569 2839 ii.
1585 2812 1655 2839 152.

1040 2886 1240 2916 Narcissumque
1251 2886 1390 2907 metunt-:

948 2954 978 2978 et
994 2947 1166 2978 emendabo
1184 2945 1381 2985 Sophoclem,
1400 2945 1474 2976 OEd.
1493 2945 1561 2976 Col.
1578 2949 1647 2976 703.
