1894 3253
547 228 780 279 LIBER
833 226 1248 278 SECUNDUS.

1549 234 1639 277 277

183 368 264 405 455
297 363 450 406 Omnia
470 371 691 418 postremo,
715 377 807 419 quae
826 370 981 418 puncto
1001 370 1186 415 tempore
1207 358 1337 401 cernis

298 437 528 494 Diffugere,
550 445 596 478 ut
615 436 788 486 fumum,
811 435 992 484 nebulas,
1014 434 1294 489 flammasque,
1316 446 1477 474 necesse
1497 438 1570 482 est,

299 512 343 553 Si
363 512 498 552 minus
519 511 658 551 omnia
678 518 772 551 sunt
792 524 814 550 e
833 508 1000 549 laevibus
1020 515 1142 562 atque
1162 507 1367 558 rotundis,

298 586 356 627 At
376 600 459 626 non
482 600 566 626 esse
586 592 723 625 tamen
743 582 951 638 perplexis
971 580 1214 634 indupedita
1222 598 1235 630 3

298 660 489 715 Pungere
510 659 592 699 utei
612 658 768 712 possint
788 671 952 711 corpus,
975 662 1272 710 penetrareque
1292 670 1407 706 saxa,

178 739 259 776 460
292 733 379 775 Nec
401 741 537 774 tamen
558 732 718 773 haerere
738 732 845 773 inter
865 746 929 780 se3
962 729 1074 786 quod
1095 730 1265 785 quisque
1285 730 1470 772 videmus

291 808 482 850 Sentibus
502 823 586 849 esse
605 807 763 851 datum:
794 806 909 848 facile
929 814 975 847 ut
996 819 1242 862 cognoscere
1262 805 1405 860 possis,

146 978 245 1009 quum
262 967 295 997 in
306 979 362 1008 per
377 974 408 998 et
419 979 475 1008 pro
491 967 642 998 facillima
655 967 695 999 sit
709 968 870 1004 aberratio,

148 1019 306 1050 verissime
321 1019 487 1059 repositam
512 1030 576 1049 esse
599 1019 688 1050 nobis
705 1031 871 1060 procursus

150 1071 184 1112 (i.
209 1082 234 1101 e.
260 1071 341 1101 actio
365 1073 578 1111 pr02=0lvendi,-
602 1071 672 1102 vide
696 1082 755 1102 ver.
784 1072 870 1111 409.)

148 1122 327 1161 lectionem,
344 1123 383 1153 ad
398 1123 554 1153 editorum
566 1123 747 1162 exemplum
758 1133 870 1163 praece-

147 1174 299 1205 dentium.
345 1175 458 1213 Aliter,
472 1175 622 1215 quoniam
637 1185 726 1205 voces
740 1175 820 1204 tritae
843 1181 874 1205 et

148 1226 265 1264 passim
279 1226 450 1264 venientes,
474 1226 508 1256 in
531 1226 673 1267 qualibus
688 1232 732 1256 est
742 1237 872 1266 procur-

145 1291 208 1317 sus,
233 1280 502 1319 depravationibus
523 1281 630 1310 minus
644 1280 743 1310 obviae
757 1280 870 1319 reperi-

147 1336 248 1366 antur,
265 1331 483 1367 divinaveram,
497 1341 554 1362 nec
565 1332 668 1370 inepte
681 1331 821 1369 forsitan,
832 1331 871 1362 ad

147 1382 231 1412 hunc
247 1382 390 1413 modum:

177 1451 210 1474 Et
217 1450 350 1483 propulsus
361 1451 427 1476 item
438 1452 465 1475 in
476 1452 595 1483 proclive
606 1451 728 1476 volubilis
739 1455 843 1477 exstat:

147 1508 253 1539 confer
268 1508 306 1539 ἰν.
323 1512 394 1540 287.
411 1515 442 1540 et
456 1511 515 1540 hoc
530 1510 604 1540 satis
618 1510 656 1539 sit
669 1510 800 1540 breviter
811 1510 872 1540 lec-

147 1559 265 1590 toribus
279 1560 541 1599 impertisse.—in
565 1562 784 1591 communium
807 1561 871 1591 edi-

149 1610 272 1641 tionum
286 1618 356 1651 post
370 1614 441 1643 item
457 1623 521 1642 non
536 1619 710 1653 agnoscunt
725 1612 821 1643 Vind.
833 1613 872 1643 V.

147 1661 194 1693 ed.
213 1663 252 1693 G.
269 1668 303 1693 Δ.
321 1668 356 1694 Σ.
373 1669 418 1694 Ω.
441 1670 472 1693 et
491 1664 627 1694 formula
641 1670 687 1694 est
701 1665 793 1705 longe
810 1664 872 1695 ele-

146 1716 270 1756 gantior
287 1719 421 1756 proclive
435 1719 582 1756 volubilis,
609 1733 649 1759 vray
665 1721 697 1749 in
717 1720 851 1759 proclive
857 1732 868 1753 ;

149 1767 211 1797 nisi
227 1768 309 1808 quod
325 1779 376 1799 me
394 1779 576 1808 persuasum
600 1770 731 1800 habeam
754 1770 871 1800 Lucre-

148 1821 228 1850 tium
250 1821 352 1859 potius
375 1821 539 1860 scripsisse,
567 1821 606 1851 ad
634 1822 732 1852 aetatis
757 1832 820 1852 suae
843 1827 873 1852 et

150 1872 341 1910 optimorum
363 1873 525 1912 poetarum
549 1883 680 1911 morem,
706 1879 726 1892 ‘⁶
749 1874 782 1903 in
799 1884 872 1914 pro-

149 1926 171 1941 “
188 1925 264 1953 cliva
276 1923 456 1954 volubilis:‘’
474 1924 527 1954 sed
539 1925 617 1954 nihil
628 1925 729 1955 ausim
742 1925 781 1955 de
791 1935 874 1961 meo,

150 1985 182 2004 re
198 1985 261 2005 non
273 1982 413 2016 cogente,
425 1976 600 2007 demutare:
620 1977 711 2008 adeas
721 1984 873 2016 nostrum,

148 2025 186 2056 vi.
204 2028 430 2067 728.—Porro,
443 2028 538 2059 codex
550 2039 680 2060 mancus
694 2029 871 2069 Gottorpia-

151 2087 212 2107 nus
226 2079 276 2108 hic
291 2079 412 2110 desinit.

189 2129 262 2160 Ver.
279 2134 352 2161 456.
377 2132 558 2173 Diffugere:
594 2133 634 2164 P.
660 2134 815 2176 Efficgere,
840 2134 873 2165 id

151 2180 256 2211 volens
269 2184 377 2221 procul
398 2185 506 2224 dubio,
529 2187 612 2227 quod
630 2185 668 2217 V.
693 2187 740 2217 ed.
767 2188 805 2218 B.
832 2194 872 2218 Π.

149 2243 261 2272 nempe
287 2235 452 2277 Affugere:
480 2239 500 2268 i.
521 2250 546 2269 e.
571 2239 739 2281 Abfagere;
764 2239 871 2280 vulgo,

153 2284 326 2324 Ausugere:
351 2297 421 2326 quae
439 2288 529 2319 lectio
545 2291 623 2320 mihi
638 2291 748 2321 saltem
763 2303 827 2332 prae
841 2303 873 2323 se

153 2343 323 2374 maximam
338 2338 472 2375 speciem
487 2340 620 2371 veritatis
635 2342 702 2373 fert.

196 2384 268 2415 Ver.
282 2389 352 2417 457.
369 2391 483 2419 omnia:
502 2396 535 2421 Σ.
548 2394 870 2426 omnibus.—laevz·bus:

155 2436 194 2466 Ο.
214 2442 252 2466 Π.
268 2439 392 2469 lenibus.

197 2485 268 2517 Ver.
294 2491 365 2520 459.
390 2492 548 2531 Pungere:
575 2493 618 2524 V.
643 2494 689 2525 ed.
716 2498 873 2536 Pangere;

151 2544 187 2569 Δ.
204 2540 376 2579 Frangere,-
402 2543 455 2572 sed
469 2545 548 2574 bene
557 2556 706 2586 pungere,
723 2549 874 2589 utfmnus

152 2599 265 2630 nempe
274 2604 282 2628 ;
306 2592 375 2622 vide
391 2593 430 2623 ad
446 2604 505 2624 ver.
523 2599 594 2626 420.
610 2607 679 2637 quae
694 2600 869 2631 attulimus:

145 2648 309 2680 penetrare
320 2653 392 2674 vero
403 2656 489 2683 sara,
502 2652 536 2676 ut
544 2648 671 2686 nebulae,
683 2655 714 2679 et
717 2653 871 2691 flammoe:

153 2692 243 2723 adeas
258 2695 279 2724 i.
293 2698 364 2726 527.
376 2699 448 2727 550.
465 2698 505 2728 iv.
520 2699 636 2737 penult.
649 2700 687 2733 vi.
701 2705 771 2733 687.
785 2703 872 2743 Virg.

153 2754 220 2783 geo.
236 2745 255 2775 i.
272 2749 564 2788 475.—penetrare:
584 2757 624 2781 Π.
635 2755 799 2792 penetrale.
831 2755 874 2784 Et

152 2805 207 2833 que
222 2795 306 2827 deest
322 2798 361 2829 Ο.

196 2847 267 2879 Ver.
282 2853 354 2881 460.
378 2852 478 2882 Hunc
500 2862 634 2891 versum,
660 2860 690 2884 et
712 2862 874 2896 sequentes

153 2895 240 2935 duos,
256 2909 310 2937 pro
326 2901 461 2934 insititiis
476 2909 568 2944 atque
583 2904 765 2936 adulterinis
777 2907 872 2937 Lam-

914 966 1007 997 binus
1031 965 1167 1004 οξελιζεκ
1194 963 1279 995 hunc
1305 973 1437 994 numero
1463 965 1640 1004 spuriorum

916 1017 1077 1048 Bentleius
1109 1016 1227 1051 eximit,
1259 1022 1365 1046 notam
1396 1018 1494 1050 νοέειας
1520 1017 1643 1047 ᾱυοῢυει

916 1076 1040 1100 tantum
1055 1068 1276 1108 posterioribus
1288 1069 1456 1108 appingere
1468 1075 1642 1101 contentus.

917 1123 1017 1152 Nobis
1046 1132 1132 1159 sane,
1157 1120 1241 1161 quod
1263 1120 1302 1150 ad
1317 1131 1443 1150 sensum
1459 1128 1551 1162 atque
1566 1133 1640 1153 con-

916 1175 1083 1205 nexionem
1099 1173 1220 1211 attinet,
1244 1173 1322 1202 nihil
1338 1174 1479 1211 offendit,
1506 1174 1531 1204 si
1547 1175 1642 1205 modo

917 1231 1036 1264 puncta
1047 1226 1141 1264 probe
1157 1224 1379 1262 disponantur3
1396 1230 1426 1253 et
1441 1224 1514 1254 huic
1529 1226 1573 1255 rei
1589 1226 1642 1256 de-

917 1275 1023 1305 dimus
1038 1285 1163 1314 operam
1187 1284 1305 1304 cavere.
1352 1274 1427 1304 Alia
1452 1280 1558 1305 tamen
1582 1276 1641 1306 im-

915 1326 1104 1366 pedimenta,
1136 1336 1205 1366 quae
1231 1336 1268 1355 ex
1294 1325 1466 1356 lectionum
1496 1326 1642 1358 varietate

915 1385 1071 1418 creantur,
1098 1385 1129 1409 et
1143 1390 1179 1409 ea
1195 1378 1322 1419 quidem
1337 1389 1400 1409 non
1416 1379 1505 1416 levia,
1533 1381 1643 1411 obmo-

914 1436 1038 1460 ventur:
1076 1440 1152 1460 nam
1181 1431 1316 1470 vulgatae
1350 1430 1497 1462 lectiones
1526 1443 1581 1471 per
1611 1444 1644 1462 se

915 1481 1060 1512 videntur
1075 1482 1282 1523 undequaque
1297 1483 1487 1521 commodae;
1511 1485 1564 1515 sed
1586 1495 1644 1524 pro

916 1535 1054 1573 quisque,
1081 1533 1114 1563 in
1134 1533 1220 1563 libris
1235 1534 1381 1564 omnibus
1395 1535 1553 1565 invenitur
1567 1547 1643 1566 cun-

916 1596 984 1624 que,
1009 1591 1040 1614 et
1055 1586 1194 1616 Sensibus
1210 1595 1268 1624 pro
1283 1587 1429 1616 Sentibus.
1475 1587 1516 1616 ln
1531 1587 1645 1618 ultimo

917 1643 999 1667 certe
1014 1637 1158 1676 proclivis
1172 1637 1345 1668 admodum
1361 1638 1455 1668 fuerit
1477 1639 1645 1677 aben-atim

916 1689 951 1718 in
979 1689 1082 1728 primo
1106 1700 1170 1719 non
1196 1690 1281 1720 item.
1326 1690 1412 1720 Loco
1435 1701 1495 1721 esse
1524 1693 1643 1730 datum,

916 1740 1031 1770 habent
1056 1740 1152 1770 etiam
1175 1741 1212 1772 L.
1240 1742 1288 1771 M.
1311 1753 1326 1772 e
1349 1752 1378 1772 se
1397 1744 1519 1779 datum;
1545 1742 1643 1773 vind.

917 1796 951 1822 Δ.
976 1796 1010 1823 Σ.
1033 1803 1063 1823 se
1093 1794 1217 1829 datum5
1244 1799 1285 1823 Π.
1314 1792 1353 1823 Ο.
1377 1795 1523 1824 sedatum.
1568 1794 1644 1825 Jam

916 1852 1000 1880 vero,
1024 1843 1049 1872 si
1071 1843 1151 1883 quis,
1187 1843 1377 1873 membranis
1399 1850 1539 1874 veterum
1561 1845 1644 1875 evol-

917 1893 1026 1923 vendis
1056 1895 1253 1932 exercitatus,
1284 1895 1317 1924 in
1344 1895 1487 1925 animum
1513 1902 1646 1934 revocet,

917 1954 1011 1984 quam
1024 1945 1086 1974 sint
1101 1945 1209 1975 affines
1224 1946 1332 1976 formis
1347 1945 1444 1976 literae
1454 1959 1482 1985 r,
1494 1953 1525 1977 et
1535 1954 1559 1985 t,
1572 1957 1646 1977 cum

917 1997 956 2033 cl,
973 2002 1004 2025 et
1019 1998 1051 2033 d,
1078 1996 1163 2037 (vide
1178 2007 1263 2035 mox,
1279 2007 1339 2027 ver.
1359 1998 1464 2037 1055.)
1488 1999 1644 2029 characte-

915 2056 987 2076 rum
997 2046 1068 2076 dico
1082 2047 1345 2086 minusculorum3
1354 2048 1419 2086 ille,
1429 2050 1549 2088 opinor,
1560 2050 1645 2080 haud

916 2109 998 2139 aegre
1014 2099 1173 2137 fatebitur,
1198 2109 1268 2129 eam
1287 2110 1433 2130 versuum
1449 2101 1644 2131 constitutio-

916 2161 1002 2189 nem,
1028 2161 1124 2192 quam
1139 2151 1244 2182 statim
1261 2162 1298 2181 ex
1314 2152 1491 2192 conjectura
1505 2154 1643 2193 proposi-

917 2208 1007 2232 turus
1030 2213 1112 2242 sum,
1143 2203 1369 2242 probabilitatis
1392 2204 1491 2242 specie
1513 2205 1644 2235 minime

916 2263 1033 2284 carere:

948 2340 1004 2363 Nec
1017 2342 1110 2364 tamen
1121 2338 1225 2364 haerere
1236 2339 1306 2364 inter
1316 2346 1353 2370 se,
1373 2340 1558 2373 quodquomque
1569 2340 1642 2365 vide-

1040 2386 1110 2408 mus,

947 2418 1062 2443 Sensibus
1071 2422 1105 2442 cst
1116 2418 1214 2443 clarum
1221 2426 1262 2442 :—

918 2500 938 2531 i.
953 2511 979 2531 e.
1004 2504 1026 2520 “
1042 2502 1092 2531 Ea
1106 2508 1152 2532 est
1167 2508 1279 2532 natura
1294 2502 1374 2533 fumi
1391 2509 1421 2533 et
1434 2503 1597 2544 similium,
1608 2511 1642 2534 ut

919 2556 941 2570 “
957 2559 1102 2593 pungant
1116 2564 1234 2590 sensus,
1259 2560 1290 2584 et
1314 2564 1443 2593 corpora
1465 2561 1642 2593 penetrent3

919 2607 940 2622 “
957 2604 1041 2634 unde
1056 2615 1192 2643 pronum
1208 2611 1252 2635 est
1267 2605 1427 2645 conjicere,
1455 2607 1510 2635 has
1532 2616 1580 2636 res
1605 2617 1642 2637 ex

919 2657 941 2672 “
957 2655 1093 2685 hamatis
1115 2662 1145 2685 et
1168 2655 1328 2695 angulosis
1350 2655 1513 2686 elementis
1527 2658 1643 2688 consis-

918 2708 940 2723 “
956 2711 1033 2739 tere:
1049 2717 1148 2745 quum
1159 2716 1230 2735 vero
1240 2716 1288 2736 res
1298 2717 1408 2736 omnes
1416 2707 1644 2747 hujuscemodi,

919 2758 940 2773 “
956 2766 1026 2795 quae
1048 2756 1212 2786 oculorum
1234 2756 1411 2787 testimonio
1436 2758 1644 2798 subjiciuntur

919 2809 940 2824 ‘⁴
959 2808 1050 2847 (nam
1079 2812 1153 2837 sunt
1182 2817 1220 2837 ex
1242 2807 1314 2846 illis,
1345 2811 1448 2840 odores
1476 2810 1642 2848 praecipue,

918 2860 940 2875 “
956 2867 1025 2897 quae
1040 2857 1104 2886 vim
1119 2858 1302 2888 acerrimam
1316 2860 1440 2896 habent,
1464 2871 1521 2890 nec
1536 2867 1641 2890 tamen

919 2913 941 2928 “
958 2910 1022 2940 acie
1048 2910 1211 2943 oculorum
1240 2912 1352 2955 attingi
1377 2915 1511 2954 queunt)
1538 2913 1640 2943 statim
