<?xml version="1.0" encoding="UTF-8"?>
<!DOCTYPE html PUBLIC "-//W3C//DTD XHTML 1.0 Transitional//EN"
    "http://www.w3.org/TR/xhtml1/DTD/xhtml1-transitional.dtd">
<html xmlns="http://www.w3.org/1999/xhtml" xml:lang="en" lang="en">
 <head>
  <title>
</title>
<meta http-equiv="Content-Type" content="text/html;charset=utf-8" />
  <meta name='ocr-system' content='tesseract 3.04.00' />
  <meta name='ocr-capabilities' content='ocr_page ocr_carea ocr_par ocr_line ocrx_word'/>
</head>
<body>
  <div class='ocr_page' id='page_1' title='image "./tlucretiicarider01lucruoft_0189.png"; bbox 0 0 1894 3253; ppageno 0'>
   <div class='ocr_carea' id='block_1_1' title="bbox 640 240 1232 292">
    <p class='ocr_par' dir='ltr' id='par_1_1' title="bbox 640 240 1232 292">
     <span class='ocr_line' id='line_1_1' title="bbox 640 240 1232 292; baseline 0.003 -2"><span class='ocrx_word' id='word_1_1' title='bbox 640 240 874 291; x_wconf 88' lang='lat' dir='ltr'>LIBER</span> <span class='ocrx_word' id='word_1_2' title='bbox 922 240 1232 292; x_wconf 85' lang='lat' dir='ltr'><strong>PRIMUS.</strong></span> 
     </span>
    </p>
   </div>
   <div class='ocr_carea' id='block_1_2' title="bbox 1604 252 1693 294">
    <p class='ocr_par' dir='ltr' id='par_1_2' title="bbox 1604 252 1693 294">
     <span class='ocr_line' id='line_1_2' title="bbox 1604 252 1693 294; baseline 0.011 -1"><span class='ocrx_word' id='word_1_3' title='bbox 1604 252 1693 294; x_wconf 82' lang='lat'>129</span> 
     </span>
    </p>
   </div>
   <div class='ocr_carea' id='block_1_3' title="bbox 339 373 1529 510">
    <p class='ocr_par' dir='ltr' id='par_1_3' title="bbox 339 373 1529 510">
     <span class='ocr_line' id='line_1_3' title="bbox 339 373 1529 432; baseline 0.003 -16"><span class='ocrx_word' id='word_1_4' title='bbox 339 373 450 416; x_wconf 85' lang='lat' dir='ltr'>Heic</span> <span class='ocrx_word' id='word_1_5' title='bbox 470 381 529 416; x_wconf 85' lang='lat' dir='ltr'>est</span> <span class='ocrx_word' id='word_1_6' title='bbox 549 382 661 416; x_wconf 81' lang='lat' dir='ltr'>vasta</span> <span class='ocrx_word' id='word_1_7' title='bbox 684 374 931 432; x_wconf 82' lang='lat' dir='ltr'>Charybdis,</span> <span class='ocrx_word' id='word_1_8' title='bbox 954 383 994 416; x_wconf 85' lang='lat' dir='ltr'>et</span> <span class='ocrx_word' id='word_1_9' title='bbox 1013 374 1105 417; x_wconf 88' lang='lat' dir='ltr'>heic</span> <span class='ocrx_word' id='word_1_10' title='bbox 1126 375 1298 418; x_wconf 85' lang='lat' dir='ltr'>AEtnaea</span> <span class='ocrx_word' id='word_1_11' title='bbox 1317 375 1529 418; x_wconf 89' lang='lat' dir='ltr'>minantur</span> 
     </span>
     <span class='ocr_line' id='line_1_4' title="bbox 340 448 1448 510; baseline 0.002 -19"><span class='ocrx_word' id='word_1_12' title='bbox 340 448 577 502; x_wconf 85' lang='lat' dir='ltr'>Murmura,</span> <span class='ocrx_word' id='word_1_13' title='bbox 594 451 859 492; x_wconf 85' lang='lat' dir='ltr'>flammarum</span> <span class='ocrx_word' id='word_1_14' title='bbox 880 465 1043 492; x_wconf 84' lang='lat' dir='ltr'>rursum</span> <span class='ocrx_word' id='word_1_15' title='bbox 1064 466 1105 492; x_wconf 86' lang='lat' dir='ltr'>se</span> <span class='ocrx_word' id='word_1_16' title='bbox 1126 451 1332 510; x_wconf 85' lang='lat' dir='ltr'>conligere</span> <span class='ocrx_word' id='word_1_17' title='bbox 1353 451 1448 503; x_wconf 86' lang='lat' dir='ltr'>iras,</span> 
     </span>
    </p>
   </div>
   <div class='ocr_carea' id='block_1_4' title="bbox 180 605 920 1509">
    <p class='ocr_par' dir='ltr' id='par_1_4' title="bbox 180 605 920 1509">
     <span class='ocr_line' id='line_1_5' title="bbox 192 605 918 647; baseline 0.001 -12"><span class='ocrx_word' id='word_1_18' title='bbox 192 607 300 636; x_wconf 80' lang='lat' dir='ltr'>AEolia</span> <span class='ocrx_word' id='word_1_19' title='bbox 317 605 450 644; x_wconf 82' lang='lat' dir='ltr'>audiret,</span> <span class='ocrx_word' id='word_1_20' title='bbox 473 605 555 637; x_wconf 64' lang='lat' dir='ltr'>terrai</span> <span class='ocrx_word' id='word_1_21' title='bbox 570 607 650 637; x_wconf 85' lang='lat' dir='ltr'>freto</span> <span class='ocrx_word' id='word_1_22' title='bbox 664 606 824 647; x_wconf 65' lang='lat' dir='ltr'>perrupta,</span> <span class='ocrx_word' id='word_1_23' title='bbox 849 614 918 646; x_wconf 83' lang='lat' dir='ltr'>par-</span> 
     </span>
     <span class='ocr_line' id='line_1_6' title="bbox 190 658 920 700; baseline 0.003 -12"><span class='ocrx_word' id='word_1_24' title='bbox 190 658 273 688; x_wconf 89' lang='lat' dir='ltr'>tibus</span> <span class='ocrx_word' id='word_1_25' title='bbox 288 658 399 689; x_wconf 82' lang='lat' dir='ltr'>Siciliae</span> <span class='ocrx_word' id='word_1_26' title='bbox 412 659 542 689; x_wconf 85' lang='lat' dir='ltr'>divulsis</span> <span class='ocrx_word' id='word_1_27' title='bbox 552 659 585 689; x_wconf 94' lang='lat' dir='ltr'>id</span> <span class='ocrx_word' id='word_1_28' title='bbox 595 669 711 690; x_wconf 88' lang='lat' dir='ltr'>nomen</span> <span class='ocrx_word' id='word_1_29' title='bbox 722 660 920 700; x_wconf 89' lang='lat' dir='ltr'>potissimum</span> 
     </span>
     <span class='ocr_line' id='line_1_7' title="bbox 191 709 919 751; baseline 0.001 -11"><span class='ocrx_word' id='word_1_30' title='bbox 191 710 419 740; x_wconf 84' lang='lat' dir='ltr'>inhaerescebat.</span> <span class='ocrx_word' id='word_1_31' title='bbox 466 710 516 740; x_wconf 92' lang='lat' dir='ltr'>Ibi</span> <span class='ocrx_word' id='word_1_32' title='bbox 535 709 671 740; x_wconf 89' lang='lat' dir='ltr'>Vulcani</span> <span class='ocrx_word' id='word_1_33' title='bbox 695 717 726 741; x_wconf 89' lang='lat' dir='ltr'>et</span> <span class='ocrx_word' id='word_1_34' title='bbox 744 711 919 751; x_wconf 86' lang='lat' dir='ltr'>Cyclopum</span> 
     </span>
     <span class='ocr_line' id='line_1_8' title="bbox 191 762 919 802; baseline 0.003 -10"><span class='ocrx_word' id='word_1_35' title='bbox 191 762 315 799; x_wconf 82' lang='lat' dir='ltr'>domus,</span> <span class='ocrx_word' id='word_1_36' title='bbox 332 767 421 792; x_wconf 85' lang='lat' dir='ltr'>antra</span> <span class='ocrx_word' id='word_1_37' title='bbox 437 762 553 792; x_wconf 87' lang='lat' dir='ltr'>scilicet</span> <span class='ocrx_word' id='word_1_38' title='bbox 577 763 692 799; x_wconf 70' lang='lat' dir='ltr'>,²Eolia,</span> <span class='ocrx_word' id='word_1_39' title='bbox 717 763 919 802; x_wconf 84' lang='lat' dir='ltr'><strong>scriptoribus</strong></span> 
     </span>
     <span class='ocr_line' id='line_1_9' title="bbox 192 814 918 856; baseline -0.001 -11"><span class='ocrx_word' id='word_1_40' title='bbox 192 814 342 845; x_wconf 80' lang='lat' dir='ltr'>universis</span> <span class='ocrx_word' id='word_1_41' title='bbox 358 814 529 844; x_wconf 82' lang='lat' dir='ltr'>decantata.</span> <span class='ocrx_word' id='word_1_42' title='bbox 554 814 636 844; x_wconf 90' lang='lat' dir='ltr'>Haec</span> <span class='ocrx_word' id='word_1_43' title='bbox 644 821 751 845; x_wconf 86' lang='lat' dir='ltr'>autem</span> <span class='ocrx_word' id='word_1_44' title='bbox 763 814 918 856; x_wconf 84' lang='lat' dir='ltr'>colligun-</span> 
     </span>
     <span class='ocr_line' id='line_1_10' title="bbox 189 865 918 905; baseline 0 -9"><span class='ocrx_word' id='word_1_45' title='bbox 189 873 240 896; x_wconf 79' lang='lat' dir='ltr'>tur</span> <span class='ocrx_word' id='word_1_46' title='bbox 255 876 292 895; x_wconf 84' lang='lat' dir='ltr'>ex</span> <span class='ocrx_word' id='word_1_47' title='bbox 308 865 437 903; x_wconf 83' lang='lat' dir='ltr'>scholio,</span> <span class='ocrx_word' id='word_1_48' title='bbox 453 865 538 905; x_wconf 89' lang='lat' dir='ltr'>quod</span> <span class='ocrx_word' id='word_1_49' title='bbox 550 876 587 896; x_wconf 91' lang='lat' dir='ltr'>ex</span> <span class='ocrx_word' id='word_1_50' title='bbox 600 866 687 896; x_wconf 85' lang='lat' dir='ltr'>libris</span> <span class='ocrx_word' id='word_1_51' title='bbox 699 866 763 897; x_wconf 88' lang='lat' dir='ltr'>suis</span> <span class='ocrx_word' id='word_1_52' title='bbox 772 866 918 897; x_wconf 89' lang='lat' dir='ltr'>nonnulli</span> 
     </span>
     <span class='ocr_line' id='line_1_11' title="bbox 187 918 918 958; baseline 0 -10"><span class='ocrx_word' id='word_1_53' title='bbox 187 918 417 957; x_wconf 87' lang='lat' dir='ltr'>deprompsere:</span> <span class='ocrx_word' id='word_1_54' title='bbox 446 921 467 935; x_wconf 77' lang='lat'>‘⁶</span> <span class='ocrx_word' id='word_1_55' title='bbox 480 918 540 955; x_wconf 85' lang='lat' dir='ltr'>Ea,</span> <span class='ocrx_word' id='word_1_56' title='bbox 556 928 651 958; x_wconf 84' lang='lat' dir='ltr'>quam</span> <span class='ocrx_word' id='word_1_57' title='bbox 662 919 685 950; x_wconf 91' lang='lat' dir='ltr'><strong>J</strong></span> <span class='ocrx_word' id='word_1_58' title='bbox 686 924 816 956; x_wconf 82' lang='lat' dir='ltr'>ocastes,</span> <span class='ocrx_word' id='word_1_59' title='bbox 832 918 918 948; x_wconf 84' lang='lat' dir='ltr'>AEoli</span> 
     </span>
     <span class='ocr_line' id='line_1_12' title="bbox 188 971 919 1010; baseline 0.001 -9"><span class='ocrx_word' id='word_1_60' title='bbox 188 974 210 989; x_wconf 76' lang='lat'>‘⁸</span> <span class='ocrx_word' id='word_1_61' title='bbox 226 971 320 1008; x_wconf 85' lang='lat' dir='ltr'>filius,</span> <span class='ocrx_word' id='word_1_62' title='bbox 348 971 388 1001; x_wconf 85' lang='lat' dir='ltr'>ad</span> <span class='ocrx_word' id='word_1_63' title='bbox 411 971 528 1001; x_wconf 88' lang='lat' dir='ltr'>fretum</span> <span class='ocrx_word' id='word_1_64' title='bbox 547 971 690 1002; x_wconf 86' lang='lat' dir='ltr'>Siculum</span> <span class='ocrx_word' id='word_1_65' title='bbox 713 972 919 1010; x_wconf 80' lang='lat' dir='ltr'>inhabitabat,</span> 
     </span>
     <span class='ocr_line' id='line_1_13' title="bbox 188 1023 897 1063; baseline 0.003 -10"><span class='ocrx_word' id='word_1_66' title='bbox 188 1029 209 1042; x_wconf 77' lang='lat'>‘⁸</span> <span class='ocrx_word' id='word_1_67' title='bbox 225 1034 294 1063; x_wconf 86' lang='lat' dir='ltr'>pars</span> <span class='ocrx_word' id='word_1_68' title='bbox 310 1023 393 1054; x_wconf 85' lang='lat' dir='ltr'>dicta</span> <span class='ocrx_word' id='word_1_69' title='bbox 409 1023 552 1054; x_wconf 77' lang='lat' dir='ltr'>AEulz&#39;cz.&#39;‘</span> <span class='ocrx_word' id='word_1_70' title='bbox 602 1024 640 1054; x_wconf 89' lang='lat' dir='ltr'>O.</span> <span class='ocrx_word' id='word_1_71' title='bbox 658 1025 751 1054; x_wconf 84' lang='lat' dir='ltr'>habet</span> <span class='ocrx_word' id='word_1_72' title='bbox 771 1026 836 1055; x_wconf 84' lang='lat' dir='ltr'>Hic</span> <span class='ocrx_word' id='word_1_73' title='bbox 849 1026 897 1055; x_wconf 79' lang='lat' dir='ltr'>lis.</span> 
     </span>
     <span class='ocr_line' id='line_1_14' title="bbox 232 1075 919 1107; baseline 0 -2"><span class='ocrx_word' id='word_1_74' title='bbox 232 1075 312 1105; x_wconf 89' lang='lat' dir='ltr'>Ibid.</span> <span class='ocrx_word' id='word_1_75' title='bbox 335 1082 511 1107; x_wconf 81' lang='lat' dir='ltr'>terrarum.-</span> <span class='ocrx_word' id='word_1_76' title='bbox 535 1075 578 1105; x_wconf 88' lang='lat' dir='ltr'>sic</span> <span class='ocrx_word' id='word_1_77' title='bbox 602 1086 712 1106; x_wconf 87' lang='lat' dir='ltr'>omnes</span> <span class='ocrx_word' id='word_1_78' title='bbox 734 1076 805 1106; x_wconf 85' lang='lat' dir='ltr'><strong>libri</strong></span> <span class='ocrx_word' id='word_1_79' title='bbox 822 1075 919 1105; x_wconf 87' lang='lat' dir='ltr'>MSS.</span> 
     </span>
     <span class='ocr_line' id='line_1_15' title="bbox 189 1126 816 1168; baseline 0.002 -11"><span class='ocrx_word' id='word_1_80' title='bbox 189 1133 220 1157; x_wconf 88' lang='lat' dir='ltr'>et</span> <span class='ocrx_word' id='word_1_81' title='bbox 237 1126 429 1166; x_wconf 81' lang='lat' dir='ltr'>antiquiores</span> <span class='ocrx_word' id='word_1_82' title='bbox 444 1126 529 1156; x_wconf 88' lang='lat' dir='ltr'>editi.</span> <span class='ocrx_word' id='word_1_83' title='bbox 577 1126 693 1168; x_wconf 82' lang='lat' dir='ltr'>Vulgo,</span> <span class='ocrx_word' id='word_1_84' title='bbox 709 1130 816 1158; x_wconf 79' lang='lat' dir='ltr'>terra&#39;i.</span> 
     </span>
     <span class='ocr_line' id='line_1_16' title="bbox 231 1179 916 1220; baseline 0 -11"><span class='ocrx_word' id='word_1_85' title='bbox 231 1179 304 1209; x_wconf 81' lang='lat' dir='ltr'>Ver.</span> <span class='ocrx_word' id='word_1_86' title='bbox 324 1182 393 1210; x_wconf 75' lang='lat'><em>7525.</em></span> <span class='ocrx_word' id='word_1_87' title='bbox 418 1185 504 1210; x_wconf 77' lang='lat' dir='ltr'>vasta</span> <span class='ocrx_word' id='word_1_88' title='bbox 534 1180 712 1220; x_wconf 68' lang='lat' dir='ltr'>Charybdis.</span> <span class='ocrx_word' id='word_1_89' title='bbox 762 1179 916 1218; x_wconf 86' lang='lat' dir='ltr'>Catullus,</span> 
     </span>
     <span class='ocr_line' id='line_1_17' title="bbox 186 1231 339 1265; baseline 0.026 -4"><span class='ocrx_word' id='word_1_90' title='bbox 186 1231 250 1263; x_wconf 78' lang='lat' dir='ltr'>lxii.</span> <span class='ocrx_word' id='word_1_91' title='bbox 272 1237 339 1265; x_wconf 84' lang='lat'>156.</span> 
     </span>
     <span class='ocr_line' id='line_1_18' title="bbox 187 1310 915 1342; baseline 0.001 -9"><span class='ocrx_word' id='word_1_92' title='bbox 187 1311 255 1341; x_wconf 78' lang='lat' dir='ltr'>Quae</span> <span class='ocrx_word' id='word_1_93' title='bbox 268 1311 360 1342; x_wconf 82' lang='lat' dir='ltr'>Syrtis,</span> <span class='ocrx_word' id='word_1_94' title='bbox 373 1317 436 1341; x_wconf 82' lang='lat' dir='ltr'>quae</span> <span class='ocrx_word' id='word_1_95' title='bbox 453 1310 540 1342; x_wconf 87' lang='lat' dir='ltr'>Scylla</span> <span class='ocrx_word' id='word_1_96' title='bbox 553 1317 652 1340; x_wconf 82' lang='lat' dir='ltr'>vorax,</span> <span class='ocrx_word' id='word_1_97' title='bbox 672 1316 734 1342; x_wconf 79' lang='lat' dir='ltr'>quae</span> <span class='ocrx_word' id='word_1_98' title='bbox 756 1313 836 1335; x_wconf 80' lang='lat' dir='ltr'>vasta</span> <span class='ocrx_word' id='word_1_99' title='bbox 856 1310 915 1334; x_wconf 81' lang='lat' dir='ltr'>Cha-</span> 
     </span>
     <span class='ocr_line' id='line_1_19' title="bbox 309 1349 442 1381; baseline 0 -8"><span class='ocrx_word' id='word_1_100' title='bbox 309 1349 442 1381; x_wconf 79' lang='lat' dir='ltr'>rybdis-?</span> 
     </span>
     <span class='ocr_line' id='line_1_20' title="bbox 185 1414 913 1456; baseline 0.004 -12"><span class='ocrx_word' id='word_1_101' title='bbox 185 1414 281 1452; x_wconf 85' lang='lat' dir='ltr'>Unde</span> <span class='ocrx_word' id='word_1_102' title='bbox 298 1414 463 1456; x_wconf 83' lang='lat' dir='ltr'>Virgilius,</span> <span class='ocrx_word' id='word_1_103' title='bbox 490 1415 580 1446; x_wconf 88' lang='lat' dir='ltr'>flores</span> <span class='ocrx_word' id='word_1_104' title='bbox 603 1415 740 1455; x_wconf 60' lang='lat' dir='ltr'>poeticos</span> <span class='ocrx_word' id='word_1_105' title='bbox 763 1417 801 1446; x_wconf 85' lang='lat' dir='ltr'>ab</span> <span class='ocrx_word' id='word_1_106' title='bbox 825 1416 913 1447; x_wconf 88' lang='lat' dir='ltr'>omni</span> 
     </span>
     <span class='ocr_line' id='line_1_21' title="bbox 180 1467 704 1509; baseline 0.002 -11"><span class='ocrx_word' id='word_1_107' title='bbox 180 1474 270 1507; x_wconf 79' lang='lat' dir='ltr'>parte</span> <span class='ocrx_word' id='word_1_108' title='bbox 285 1467 445 1509; x_wconf 85' lang='lat' dir='ltr'>colligens,</span> <span class='ocrx_word' id='word_1_109' title='bbox 464 1469 538 1499; x_wconf 83' lang='lat' dir='ltr'>AEn.</span> <span class='ocrx_word' id='word_1_110' title='bbox 555 1468 616 1499; x_wconf 84' lang='lat' dir='ltr'>viii.</span> <span class='ocrx_word' id='word_1_111' title='bbox 632 1471 704 1499; x_wconf 77' lang='lat'>302.</span> 
     </span>
    </p>
   </div>
   <div class='ocr_carea' id='block_1_5' title="bbox 182 1553 916 1794">
    <p class='ocr_par' dir='ltr' id='par_1_5' title="bbox 182 1553 916 1658">
     <span class='ocr_line' id='line_1_22' title="bbox 184 1553 916 1588; baseline 0.004 -11"><span class='ocrx_word' id='word_1_112' title='bbox 184 1553 255 1584; x_wconf 77' lang='lat' dir='ltr'>Quid</span> <span class='ocrx_word' id='word_1_113' title='bbox 267 1555 366 1585; x_wconf 85' lang='lat' dir='ltr'>Syrtes,</span> <span class='ocrx_word' id='word_1_114' title='bbox 385 1557 432 1579; x_wconf 87' lang='lat' dir='ltr'>aut</span> <span class='ocrx_word' id='word_1_115' title='bbox 445 1553 530 1586; x_wconf 83' lang='lat' dir='ltr'>Scylla</span> <span class='ocrx_word' id='word_1_116' title='bbox 541 1553 621 1584; x_wconf 89' lang='lat' dir='ltr'>mihi,</span> <span class='ocrx_word' id='word_1_117' title='bbox 638 1554 703 1585; x_wconf 90' lang='lat' dir='ltr'>quid</span> <span class='ocrx_word' id='word_1_118' title='bbox 716 1557 797 1579; x_wconf 77' lang='lat' dir='ltr'>vasta</span> <span class='ocrx_word' id='word_1_119' title='bbox 810 1555 916 1588; x_wconf 78' lang='lat' dir='ltr'>Charyb-</span> 
     </span>
     <span class='ocr_line' id='line_1_23' title="bbox 182 1593 356 1658; baseline 0.006 -1"><span class='ocrx_word' id='word_1_120' title='bbox 182 1633 299 1658; x_wconf 77' lang='lat' dir='ltr'>Profuit?</span> <span class='ocrx_word' id='word_1_121' title='bbox 309 1593 356 1619; x_wconf 49' lang='lat' dir='ltr'>du·</span> 
     </span>
    </p>

    <p class='ocr_par' dir='ltr' id='par_1_6' title="bbox 186 1708 916 1794">
     <span class='ocr_line' id='line_1_24' title="bbox 229 1708 916 1746; baseline 0.006 -8"><span class='ocrx_word' id='word_1_122' title='bbox 229 1708 310 1740; x_wconf 90' lang='lat' dir='ltr'>Ibid.</span> <span class='ocrx_word' id='word_1_123' title='bbox 329 1711 459 1741; x_wconf 81' lang='lat' dir='ltr'>AEtncea</span> <span class='ocrx_word' id='word_1_124' title='bbox 473 1722 650 1741; x_wconf 79' lang='lat' dir='ltr'>murmura:</span> <span class='ocrx_word' id='word_1_125' title='bbox 670 1717 706 1742; x_wconf 90' lang='lat' dir='ltr'>ut</span> <span class='ocrx_word' id='word_1_126' title='bbox 717 1711 801 1742; x_wconf 87' lang='lat' dir='ltr'>idem</span> <span class='ocrx_word' id='word_1_127' title='bbox 812 1712 916 1746; x_wconf 78' lang='lat' dir='ltr'>Mam,</span> 
     </span>
     <span class='ocr_line' id='line_1_25' title="bbox 186 1761 687 1794; baseline 0.006 -4"><span class='ocrx_word' id='word_1_128' title='bbox 186 1761 261 1791; x_wconf 86' lang='lat' dir='ltr'>AEn.</span> <span class='ocrx_word' id='word_1_129' title='bbox 278 1761 323 1791; x_wconf 87' lang='lat' dir='ltr'>iii.</span> <span class='ocrx_word' id='word_1_130' title='bbox 342 1765 414 1793; x_wconf 76' lang='lat'><em>582.</em></span> <span class='ocrx_word' id='word_1_131' title='bbox 437 1763 476 1792; x_wconf 88' lang='lat' dir='ltr'>de</span> <span class='ocrx_word' id='word_1_132' title='bbox 492 1764 551 1793; x_wconf 87' lang='lat' dir='ltr'>hoc</span> <span class='ocrx_word' id='word_1_133' title='bbox 566 1769 687 1794; x_wconf 88' lang='lat' dir='ltr'>monte:</span> 
     </span>
    </p>
   </div>
   <div class='ocr_carea' id='block_1_6' title="bbox 210 1838 918 1943">
    <p class='ocr_par' dir='ltr' id='par_1_7' title="bbox 210 1838 918 1943">
     <span class='ocr_line' id='line_1_26' title="bbox 210 1838 918 1871; baseline 0.006 -10"><span class='ocrx_word' id='word_1_134' title='bbox 210 1839 254 1868; x_wconf 80' lang='lat' dir='ltr'>Et,</span> <span class='ocrx_word' id='word_1_135' title='bbox 272 1838 373 1863; x_wconf 77' lang='lat' dir='ltr'>sessum</span> <span class='ocrx_word' id='word_1_136' title='bbox 387 1840 491 1870; x_wconf 87' lang='lat' dir='ltr'>quoties</span> <span class='ocrx_word' id='word_1_137' title='bbox 503 1844 593 1865; x_wconf 87' lang='lat' dir='ltr'>mutet</span> <span class='ocrx_word' id='word_1_138' title='bbox 605 1841 683 1871; x_wconf 88' lang='lat' dir='ltr'>latus,</span> <span class='ocrx_word' id='word_1_139' title='bbox 702 1841 848 1866; x_wconf 87' lang='lat' dir='ltr'>intremere</span> <span class='ocrx_word' id='word_1_140' title='bbox 859 1848 918 1865; x_wconf 87' lang='lat' dir='ltr'>om-</span> 
     </span>
     <span class='ocr_line' id='line_1_27' title="bbox 313 1886 375 1903; baseline 0.016 -1"><span class='ocrx_word' id='word_1_141' title='bbox 313 1886 375 1903; x_wconf 84' lang='lat' dir='ltr'>nem</span> 
     </span>
     <span class='ocr_line' id='line_1_28' title="bbox 212 1918 569 1943; baseline 0.003 -1"><span class='ocrx_word' id='word_1_142' title='bbox 212 1920 346 1942; x_wconf 76' lang='lat' dir='ltr'>Murmure</span> <span class='ocrx_word' id='word_1_143' title='bbox 358 1918 569 1943; x_wconf 81' lang='lat' dir='ltr'>Trinacriam—.</span> 
     </span>
    </p>
   </div>
   <div class='ocr_carea' id='block_1_7' title="bbox 171 1985 917 2429">
    <p class='ocr_par' dir='ltr' id='par_1_8' title="bbox 185 1985 914 2068">
     <span class='ocr_line' id='line_1_29' title="bbox 234 1985 914 2028; baseline 0.009 -15"><span class='ocrx_word' id='word_1_144' title='bbox 234 1985 307 2014; x_wconf 91' lang='lat' dir='ltr'>Ver.</span> <span class='ocrx_word' id='word_1_145' title='bbox 326 1989 396 2016; x_wconf 77' lang='lat'>724.</span> <span class='ocrx_word' id='word_1_146' title='bbox 420 1998 541 2017; x_wconf 74' lang='lat' dir='ltr'>rursum</span> <span class='ocrx_word' id='word_1_147' title='bbox 555 1998 603 2017; x_wconf 74' lang='lat' dir='ltr'>se:</span> <span class='ocrx_word' id='word_1_148' title='bbox 623 1988 662 2018; x_wconf 90' lang='lat' dir='ltr'>B.</span> <span class='ocrx_word' id='word_1_149' title='bbox 676 1999 859 2028; x_wconf 80' lang='lat' dir='ltr'>rursumque</span> <span class='ocrx_word' id='word_1_150' title='bbox 868 1999 914 2019; x_wconf 81' lang='lat' dir='ltr'>se:</span> 
     </span>
     <span class='ocr_line' id='line_1_30' title="bbox 185 2038 484 2068; baseline 0.007 -2"><span class='ocrx_word' id='word_1_151' title='bbox 185 2042 217 2066; x_wconf 87' lang='lat' dir='ltr'>et</span> <span class='ocrx_word' id='word_1_152' title='bbox 230 2047 260 2067; x_wconf 85' lang='lat' dir='ltr'>se</span> <span class='ocrx_word' id='word_1_153' title='bbox 276 2038 362 2067; x_wconf 81' lang='lat' dir='ltr'>abest</span> <span class='ocrx_word' id='word_1_154' title='bbox 380 2038 419 2067; x_wconf 91' lang='lat' dir='ltr'>G.</span> <span class='ocrx_word' id='word_1_155' title='bbox 438 2038 484 2068; x_wconf 88' lang='grc' dir='ltr'>Μ.</span> 
     </span>
    </p>

    <p class='ocr_par' dir='ltr' id='par_1_9' title="bbox 171 2087 917 2429">
     <span class='ocr_line' id='line_1_31' title="bbox 230 2087 912 2129; baseline 0.004 -12"><span class='ocrx_word' id='word_1_156' title='bbox 230 2087 314 2118; x_wconf 90' lang='lat' dir='ltr'>Ibid.</span> <span class='ocrx_word' id='word_1_157' title='bbox 328 2090 533 2129; x_wconf 74' lang='lat' dir='ltr'>flammarum</span> <span class='ocrx_word' id='word_1_158' title='bbox 551 2092 623 2120; x_wconf 80' lang='lat' dir='ltr'>iras.</span> <span class='ocrx_word' id='word_1_159' title='bbox 670 2090 841 2126; x_wconf 86' lang='lat' dir='ltr'>Arnobius,</span> <span class='ocrx_word' id='word_1_160' title='bbox 864 2090 912 2120; x_wconf 90' lang='lat' dir='ltr'>in-</span> 
     </span>
     <span class='ocr_line' id='line_1_32' title="bbox 185 2139 912 2180; baseline 0.003 -12"><span class='ocrx_word' id='word_1_161' title='bbox 185 2139 273 2169; x_wconf 67' lang='lat' dir='ltr'>versa</span> <span class='ocrx_word' id='word_1_162' title='bbox 294 2140 410 2178; x_wconf 82' lang='lat' dir='ltr'>phrasi,</span> <span class='ocrx_word' id='word_1_163' title='bbox 433 2140 486 2170; x_wconf 91' lang='lat' dir='ltr'>lib.</span> <span class='ocrx_word' id='word_1_164' title='bbox 503 2141 545 2170; x_wconf 92' lang='lat' dir='ltr'>iii.</span> <span class='ocrx_word' id='word_1_165' title='bbox 570 2152 601 2180; x_wconf 91' lang='lat' dir='ltr'>p.</span> <span class='ocrx_word' id='word_1_166' title='bbox 624 2144 693 2173; x_wconf 86' lang='lat'>109.</span> <span class='ocrx_word' id='word_1_167' title='bbox 721 2145 741 2159; x_wconf 90' lang='lat'>“</span> <span class='ocrx_word' id='word_1_168' title='bbox 759 2142 912 2179; x_wconf 85' lang='lat' dir='ltr'>Quantas,</span> 
     </span>
     <span class='ocr_line' id='line_1_33' title="bbox 186 2192 914 2233; baseline 0.001 -12"><span class='ocrx_word' id='word_1_169' title='bbox 186 2195 208 2210; x_wconf 74' lang='lat'>‘⁴</span> <span class='ocrx_word' id='word_1_170' title='bbox 225 2192 366 2232; x_wconf 88' lang='lat' dir='ltr'>inquam,</span> <span class='ocrx_word' id='word_1_171' title='bbox 415 2194 534 2222; x_wconf 79' lang='lat' dir='ltr'>irarum</span> <span class='ocrx_word' id='word_1_172' title='bbox 563 2194 714 2233; x_wconf 61' lang='grc' dir='ltr'>ιίείιῑηηιαε</span> <span class='ocrx_word' id='word_1_173' title='bbox 752 2192 914 2223; x_wconf 86' lang='lat' dir='ltr'>suffunde·</span> 
     </span>
     <span class='ocr_line' id='line_1_34' title="bbox 171 2243 914 2284; baseline 0.005 -12"><span class='ocrx_word' id='word_1_174' title='bbox 171 2243 378 2275; x_wconf 86' lang='lat' dir='ltr'>-“rent—?”</span> <span class='ocrx_word' id='word_1_175' title='bbox 403 2250 495 2284; x_wconf 87' lang='lat' dir='ltr'>atque</span> <span class='ocrx_word' id='word_1_176' title='bbox 525 2244 620 2274; x_wconf 85' lang='lat' dir='ltr'>etiam</span> <span class='ocrx_word' id='word_1_177' title='bbox 653 2253 704 2284; x_wconf 89' lang='lat' dir='ltr'>pp.</span> <span class='ocrx_word' id='word_1_178' title='bbox 740 2249 811 2283; x_wconf 81' lang='lat'>1‘21,</span> <span class='ocrx_word' id='word_1_179' title='bbox 843 2249 914 2276; x_wconf 68' lang='lat'>222.</span> 
     </span>
     <span class='ocr_line' id='line_1_35' title="bbox 190 2295 916 2335; baseline 0 -9"><span class='ocrx_word' id='word_1_180' title='bbox 190 2295 333 2326; x_wconf 81' lang='lat' dir='ltr'>Multum</span> <span class='ocrx_word' id='word_1_181' title='bbox 349 2295 461 2325; x_wconf 86' lang='lat' dir='ltr'>similis</span> <span class='ocrx_word' id='word_1_182' title='bbox 486 2302 532 2325; x_wconf 88' lang='lat' dir='ltr'>est</span> <span class='ocrx_word' id='word_1_183' title='bbox 547 2296 674 2334; x_wconf 80' lang='lat' dir='ltr'>insuper</span> <span class='ocrx_word' id='word_1_184' title='bbox 696 2296 794 2335; x_wconf 77' lang='lat' dir='ltr'>po&#39;etae</span> <span class='ocrx_word' id='word_1_185' title='bbox 810 2302 916 2326; x_wconf 86' lang='lat' dir='ltr'>nostro</span> 
     </span>
     <span class='ocr_line' id='line_1_36' title="bbox 190 2346 917 2389; baseline 0.003 -13"><span class='ocrx_word' id='word_1_186' title='bbox 190 2346 320 2383; x_wconf 62' lang='lat' dir='ltr'>Statim,</span> <span class='ocrx_word' id='word_1_187' title='bbox 345 2346 410 2376; x_wconf 83' lang='lat' dir='ltr'>silv.</span> <span class='ocrx_word' id='word_1_188' title='bbox 428 2347 466 2377; x_wconf 81' lang='lat' dir='ltr'>iv,</span> <span class='ocrx_word' id='word_1_189' title='bbox 491 2352 520 2377; x_wconf 85' lang='lat'>4.</span> <span class='ocrx_word' id='word_1_190' title='bbox 546 2350 594 2379; x_wconf 87' lang='lat'>79.</span> <span class='ocrx_word' id='word_1_191' title='bbox 617 2348 650 2377; x_wconf 85' lang='lat' dir='ltr'>in</span> <span class='ocrx_word' id='word_1_192' title='bbox 674 2348 770 2378; x_wconf 86' lang='lat' dir='ltr'>simili</span> <span class='ocrx_word' id='word_1_193' title='bbox 792 2359 917 2389; x_wconf 87' lang='lat' dir='ltr'>quoque</span> 
     </span>
     <span class='ocr_line' id='line_1_37' title="bbox 187 2397 331 2429; baseline -0.014 0"><span class='ocrx_word' id='word_1_194' title='bbox 187 2397 331 2429; x_wconf 83' lang='lat' dir='ltr'>materie:</span> 
     </span>
    </p>
   </div>
   <div class='ocr_carea' id='block_1_8' title="bbox 219 2478 884 2550">
    <p class='ocr_par' dir='ltr' id='par_1_10' title="bbox 219 2478 884 2550">
     <span class='ocr_line' id='line_1_38' title="bbox 445 2478 884 2512; baseline 0.005 -9"><span class='ocrx_word' id='word_1_195' title='bbox 445 2478 544 2504; x_wconf 82' lang='lat' dir='ltr'>fractas</span> <span class='ocrx_word' id='word_1_196' title='bbox 555 2480 602 2504; x_wconf 89' lang='lat' dir='ltr'>ubi</span> <span class='ocrx_word' id='word_1_197' title='bbox 613 2480 722 2504; x_wconf 78' lang='lat' dir='ltr'>Vesbius</span> <span class='ocrx_word' id='word_1_198' title='bbox 733 2481 810 2512; x_wconf 81' lang='lat' dir='ltr'>erigit</span> <span class='ocrx_word' id='word_1_199' title='bbox 821 2481 884 2511; x_wconf 82' lang='lat' dir='ltr'>iras,</span> 
     </span>
     <span class='ocr_line' id='line_1_39' title="bbox 219 2519 867 2550; baseline 0.002 -7"><span class='ocrx_word' id='word_1_200' title='bbox 219 2520 329 2544; x_wconf 80' lang='lat' dir='ltr'>AEmula</span> <span class='ocrx_word' id='word_1_201' title='bbox 339 2519 484 2543; x_wconf 85' lang='lat' dir='ltr'>Trinacriis</span> <span class='ocrx_word' id='word_1_202' title='bbox 497 2519 607 2544; x_wconf 86' lang='lat' dir='ltr'>volvens</span> <span class='ocrx_word' id='word_1_203' title='bbox 617 2520 867 2550; x_wconf 75' lang='lat' dir='ltr'>incendiaflammis.</span> 
     </span>
    </p>
   </div>
   <div class='ocr_carea' id='block_1_9' title="bbox 188 2591 914 2684">
    <p class='ocr_par' dir='ltr' id='par_1_11' title="bbox 188 2591 914 2684">
     <span class='ocr_line' id='line_1_40' title="bbox 190 2591 914 2634; baseline 0.004 -12"><span class='ocrx_word' id='word_1_204' title='bbox 190 2592 251 2623; x_wconf 86' lang='lat' dir='ltr'>Sed</span> <span class='ocrx_word' id='word_1_205' title='bbox 268 2592 345 2622; x_wconf 88' lang='lat' dir='ltr'>illud</span> <span class='ocrx_word' id='word_1_206' title='bbox 350 2591 477 2633; x_wconf 79' lang='lat' dir='ltr'>fractas</span> <span class='ocrx_word' id='word_1_207' title='bbox 493 2592 544 2621; x_wconf 82' lang='lat' dir='ltr'>vix</span> <span class='ocrx_word' id='word_1_208' title='bbox 562 2593 704 2630; x_wconf 85' lang='lat' dir='ltr'>probent,</span> <span class='ocrx_word' id='word_1_209' title='bbox 720 2594 842 2634; x_wconf 87' lang='lat' dir='ltr'>opinor,</span> <span class='ocrx_word' id='word_1_210' title='bbox 859 2605 914 2625; x_wconf 89' lang='lat' dir='ltr'>na-</span> 
     </span>
     <span class='ocr_line' id='line_1_41' title="bbox 188 2643 649 2684; baseline 0 -10"><span class='ocrx_word' id='word_1_211' title='bbox 188 2645 326 2674; x_wconf 75' lang='lat' dir='ltr'>sutiores.</span> <span class='ocrx_word' id='word_1_212' title='bbox 375 2644 427 2673; x_wconf 83' lang='lat' dir='ltr'>An</span> <span class='ocrx_word' id='word_1_213' title='bbox 443 2643 530 2674; x_wconf 81' lang='lat' dir='ltr'>dedit</span> <span class='ocrx_word' id='word_1_214' title='bbox 541 2644 649 2684; x_wconf 87' lang='lat' dir='ltr'>igitur,</span> 
     </span>
    </p>
   </div>
   <div class='ocr_carea' id='block_1_10' title="bbox 215 2723 402 2730">
    <p class='ocr_par' dir='ltr' id='par_1_12' title="bbox 215 2723 402 2730">
     <span class='ocr_line' id='line_1_42' title="bbox 215 2723 402 2730; baseline 0 0"><span class='ocrx_word' id='word_1_215' title='bbox 215 2723 402 2730; x_wconf 95' lang='lat' dir='ltr'> </span> 
     </span>
    </p>
   </div>
   <div class='ocr_carea' id='block_1_11' title="bbox 188 2711 917 2864">
    <p class='ocr_par' dir='ltr' id='par_1_13' title="bbox 188 2711 917 2864">
     <span class='ocr_line' id='line_1_43' title="bbox 412 2711 840 2744; baseline 0.009 -10"><span class='ocrx_word' id='word_1_216' title='bbox 412 2718 504 2735; x_wconf 78' lang='lat' dir='ltr'>raucas</span> <span class='ocrx_word' id='word_1_217' title='bbox 514 2711 559 2735; x_wconf 92' lang='lat' dir='ltr'>ubi</span> <span class='ocrx_word' id='word_1_218' title='bbox 571 2712 678 2737; x_wconf 84' lang='lat' dir='ltr'>Vesbius</span> <span class='ocrx_word' id='word_1_219' title='bbox 689 2713 766 2744; x_wconf 81' lang='lat' dir='ltr'>erigit</span> <span class='ocrx_word' id='word_1_220' title='bbox 777 2714 840 2738; x_wconf 86' lang='lat' dir='ltr'>iras?</span> 
     </span>
     <span class='ocr_line' id='line_1_44' title="bbox 189 2769 917 2812; baseline 0.007 -14"><span class='ocrx_word' id='word_1_221' title='bbox 189 2769 253 2799; x_wconf 90' lang='lat' dir='ltr'>Ubi</span> <span class='ocrx_word' id='word_1_222' title='bbox 280 2776 361 2799; x_wconf 87' lang='lat' dir='ltr'>recte</span> <span class='ocrx_word' id='word_1_223' title='bbox 386 2769 557 2808; x_wconf 82' lang='lat' dir='ltr'>praeferunt</span> <span class='ocrx_word' id='word_1_224' title='bbox 578 2770 636 2800; x_wconf 78' lang='lat' dir='ltr'>viri</span> <span class='ocrx_word' id='word_1_225' title='bbox 659 2771 742 2801; x_wconf 89' lang='lat' dir='ltr'>docti</span> <span class='ocrx_word' id='word_1_226' title='bbox 768 2786 800 2803; x_wconf 73' lang='grc' dir='ltr'>τα</span> <span class='ocrx_word' id='word_1_227' title='bbox 826 2774 917 2812; x_wconf 76' lang='lat' dir='ltr'>erigit</span> 
     </span>
     <span class='ocr_line' id='line_1_45' title="bbox 188 2820 915 2864; baseline 0.008 -15"><span class='ocrx_word' id='word_1_228' title='bbox 188 2820 333 2850; x_wconf 83' lang='lat' dir='ltr'>usitatius</span> <span class='ocrx_word' id='word_1_229' title='bbox 348 2828 472 2861; x_wconf 86' lang='lat' dir='ltr'>recepto</span> <span class='ocrx_word' id='word_1_230' title='bbox 487 2825 599 2862; x_wconf 75' lang='lat' dir='ltr'>egerit;</span> <span class='ocrx_word' id='word_1_231' title='bbox 624 2834 686 2864; x_wconf 91' lang='lat' dir='ltr'>quo</span> <span class='ocrx_word' id='word_1_232' title='bbox 709 2830 814 2854; x_wconf 84' lang='lat' dir='ltr'>tamen</span> <span class='ocrx_word' id='word_1_233' title='bbox 843 2826 915 2855; x_wconf 83' lang='lat' dir='ltr'>Ma-</span> 
     </span>
    </p>
   </div>
   <div class='ocr_carea' id='block_1_12' title="bbox 188 2871 916 2952">
    <p class='ocr_par' dir='ltr' id='par_1_14' title="bbox 188 2871 916 2952">
     <span class='ocr_line' id='line_1_46' title="bbox 188 2871 916 2918; baseline 0.012 -19"><span class='ocrx_word' id='word_1_234' title='bbox 188 2871 253 2900; x_wconf 82' lang='lat' dir='ltr'>rius</span> <span class='ocrx_word' id='word_1_235' title='bbox 281 2873 390 2904; x_wconf 86' lang='lat' dir='ltr'>Victor</span> <span class='ocrx_word' id='word_1_236' title='bbox 419 2876 515 2914; x_wconf 87' lang='lat' dir='ltr'>probe</span> <span class='ocrx_word' id='word_1_237' title='bbox 539 2886 614 2906; x_wconf 77' lang='lat' dir='ltr'>usus</span> <span class='ocrx_word' id='word_1_238' title='bbox 644 2883 700 2914; x_wconf 84' lang='lat' dir='ltr'>cst,</span> <span class='ocrx_word' id='word_1_239' title='bbox 725 2877 759 2908; x_wconf 85' lang='lat' dir='ltr'>in</span> <span class='ocrx_word' id='word_1_240' title='bbox 786 2887 856 2918; x_wconf 87' lang='lat' dir='ltr'>gen.</span> <span class='ocrx_word' id='word_1_241' title='bbox 884 2878 916 2909; x_wconf 85' lang='lat' dir='ltr'>ii.</span> 
     </span>
     <span class='ocr_line' id='line_1_47' title="bbox 191 2924 259 2952; baseline 0.015 -1"><span class='ocrx_word' id='word_1_242' title='bbox 191 2924 259 2952; x_wconf 75' lang='lat'>128.</span> 
     </span>
    </p>
   </div>
   <div class='ocr_carea' id='block_1_13' title="bbox 963 602 1694 715">
    <p class='ocr_par' dir='ltr' id='par_1_15' title="bbox 963 602 1694 715">
     <span class='ocr_line' id='line_1_48' title="bbox 963 602 1629 639; baseline 0.009 -11"><span class='ocrx_word' id='word_1_243' title='bbox 963 602 1095 629; x_wconf 73' lang='lat' dir='ltr'>sulfurea:</span> <span class='ocrx_word' id='word_1_244' title='bbox 1107 605 1222 630; x_wconf 85' lang='lat' dir='ltr'>volitant</span> <span class='ocrx_word' id='word_1_245' title='bbox 1235 606 1351 631; x_wconf 86' lang='lat' dir='ltr'>nemoris</span> <span class='ocrx_word' id='word_1_246' title='bbox 1362 613 1410 638; x_wconf 87' lang='lat' dir='ltr'>per</span> <span class='ocrx_word' id='word_1_247' title='bbox 1421 614 1504 639; x_wconf 87' lang='lat' dir='ltr'>opaca</span> <span class='ocrx_word' id='word_1_248' title='bbox 1515 607 1629 634; x_wconf 79' lang='lat' dir='ltr'>favillae:</span> 
     </span>
     <span class='ocr_line' id='line_1_49' title="bbox 964 643 1694 677; baseline 0.011 -10"><span class='ocrx_word' id='word_1_249' title='bbox 964 645 1022 667; x_wconf 88' lang='lat' dir='ltr'>Non</span> <span class='ocrx_word' id='word_1_250' title='bbox 1031 643 1118 674; x_wconf 81' lang='lat' dir='ltr'>aliter,</span> <span class='ocrx_word' id='word_1_251' title='bbox 1127 651 1209 675; x_wconf 86' lang='lat' dir='ltr'>quam</span> <span class='ocrx_word' id='word_1_252' title='bbox 1219 644 1284 668; x_wconf 84' lang='lat' dir='ltr'>dum</span> <span class='ocrx_word' id='word_1_253' title='bbox 1298 646 1382 677; x_wconf 84' lang='lat' dir='ltr'>ruptis</span> <span class='ocrx_word' id='word_1_254' title='bbox 1394 646 1478 671; x_wconf 82' lang='lat' dir='ltr'>Sicula</span> <span class='ocrx_word' id='word_1_255' title='bbox 1491 650 1571 673; x_wconf 82' lang='lat' dir='ltr'>AEtna</span> <span class='ocrx_word' id='word_1_256' title='bbox 1583 649 1694 674; x_wconf 80' lang='lat' dir='ltr'>caminis</span> 
     </span>
     <span class='ocr_line' id='line_1_50' title="bbox 965 683 1597 715; baseline 0.011 -8"><span class='ocrx_word' id='word_1_257' title='bbox 965 683 1049 715; x_wconf 78' lang='lat' dir='ltr'>Egerit</span> <span class='ocrx_word' id='word_1_258' title='bbox 1061 684 1195 709; x_wconf 83' lang='lat' dir='ltr'>immixtis</span> <span class='ocrx_word' id='word_1_259' title='bbox 1207 685 1347 710; x_wconf 75' lang='lat' dir='ltr'>stridentia</span> <span class='ocrx_word' id='word_1_260' title='bbox 1359 686 1460 711; x_wconf 80' lang='lat' dir='ltr'>sulfura</span> <span class='ocrx_word' id='word_1_261' title='bbox 1473 688 1597 714; x_wconf 79' lang='lat' dir='ltr'>flammis.</span> 
     </span>
    </p>
   </div>
   <div class='ocr_carea' id='block_1_14' title="bbox 960 755 1694 1260">
    <p class='ocr_par' dir='ltr' id='par_1_16' title="bbox 964 755 1694 839">
     <span class='ocr_line' id='line_1_51' title="bbox 965 755 1694 800; baseline 0.012 -16"><span class='ocrx_word' id='word_1_262' title='bbox 965 755 1015 785; x_wconf 86' lang='lat' dir='ltr'>Sic</span> <span class='ocrx_word' id='word_1_263' title='bbox 1041 756 1259 794; x_wconf 89' lang='lat' dir='ltr'>reponendum</span> <span class='ocrx_word' id='word_1_264' title='bbox 1283 757 1347 788; x_wconf 83' lang='lat' dir='ltr'>aio:</span> <span class='ocrx_word' id='word_1_265' title='bbox 1383 764 1418 788; x_wconf 88' lang='lat' dir='ltr'>ut</span> <span class='ocrx_word' id='word_1_266' title='bbox 1448 760 1593 800; x_wconf 84' lang='lat' dir='ltr'>Ovidius,</span> <span class='ocrx_word' id='word_1_267' title='bbox 1619 768 1694 793; x_wconf 84' lang='lat' dir='ltr'>met.</span> 
     </span>
     <span class='ocr_line' id='line_1_52' title="bbox 964 807 1117 839; baseline 0.02 -3"><span class='ocrx_word' id='word_1_268' title='bbox 964 807 1027 838; x_wconf 83' lang='lat' dir='ltr'>xiii.</span> <span class='ocrx_word' id='word_1_269' title='bbox 1046 812 1117 839; x_wconf 86' lang='lat'>770.</span> 
     </span>
    </p>

    <p class='ocr_par' dir='ltr' id='par_1_17' title="bbox 965 879 1630 977">
     <span class='ocr_line' id='line_1_53' title="bbox 1220 879 1630 910; baseline 0.02 -8"><span class='ocrx_word' id='word_1_270' title='bbox 1220 879 1331 904; x_wconf 79' lang='lat' dir='ltr'>Siculam</span> <span class='ocrx_word' id='word_1_271' title='bbox 1344 881 1446 906; x_wconf 82' lang='lat' dir='ltr'>delatus</span> <span class='ocrx_word' id='word_1_272' title='bbox 1458 884 1491 907; x_wconf 80' lang='lat' dir='ltr'>ad</span> <span class='ocrx_word' id='word_1_273' title='bbox 1504 885 1630 910; x_wconf 80' lang='lat' dir='ltr'>AEtnam:</span> 
     </span>
     <span class='ocr_line' id='line_1_54' title="bbox 965 937 1483 977; baseline 0.014 -11"><span class='ocrx_word' id='word_1_274' title='bbox 965 942 1058 977; x_wconf 88' lang='lat' dir='ltr'>atque</span> <span class='ocrx_word' id='word_1_275' title='bbox 1073 937 1234 977; x_wconf 85' lang='lat' dir='ltr'>Lucanus,</span> <span class='ocrx_word' id='word_1_276' title='bbox 1252 940 1359 970; x_wconf 82' lang='lat' dir='ltr'>Phars.</span> <span class='ocrx_word' id='word_1_277' title='bbox 1376 941 1395 971; x_wconf 90' lang='lat' dir='ltr'>i.</span> <span class='ocrx_word' id='word_1_278' title='bbox 1412 945 1483 973; x_wconf 63' lang='lat'>545.</span> 
     </span>
    </p>

    <p class='ocr_par' dir='ltr' id='par_1_18' title="bbox 960 1004 1691 1260">
     <span class='ocr_line' id='line_1_55' title="bbox 1010 1004 1626 1037; baseline 0.016 -10"><span class='ocrx_word' id='word_1_279' title='bbox 1010 1005 1062 1028; x_wconf 84' lang='lat' dir='ltr'>Ora</span> <span class='ocrx_word' id='word_1_280' title='bbox 1073 1004 1152 1029; x_wconf 81' lang='lat' dir='ltr'>ferox</span> <span class='ocrx_word' id='word_1_281' title='bbox 1164 1005 1256 1030; x_wconf 54' lang='lat' dir='ltr'>Siculae</span> <span class='ocrx_word' id='word_1_282' title='bbox 1266 1006 1370 1032; x_wconf 79' lang='lat' dir='ltr'>laxavit</span> <span class='ocrx_word' id='word_1_283' title='bbox 1381 1009 1511 1035; x_wconf 84' lang='lat' dir='ltr'>Mulciber</span> <span class='ocrx_word' id='word_1_284' title='bbox 1524 1013 1626 1037; x_wconf 78' lang='lat' dir='ltr'>AEtnae.</span> 
     </span>
     <span class='ocr_line' id='line_1_56' title="bbox 963 1059 1691 1108; baseline 0.016 -20"><span class='ocrx_word' id='word_1_285' title='bbox 963 1059 1050 1089; x_wconf 90' lang='lat' dir='ltr'>Libri</span> <span class='ocrx_word' id='word_1_286' title='bbox 1074 1060 1151 1091; x_wconf 79' lang='lat' dir='ltr'>dant</span> <span class='ocrx_word' id='word_1_287' title='bbox 1176 1064 1257 1093; x_wconf 77' lang='lat' dir='ltr'>sicca</span> <span class='ocrx_word' id='word_1_288' title='bbox 1276 1065 1394 1095; x_wconf 78' lang='lat' dir='ltr'>AEtna:</span> <span class='ocrx_word' id='word_1_289' title='bbox 1421 1066 1475 1096; x_wconf 84' lang='lat' dir='ltr'>sed</span> <span class='ocrx_word' id='word_1_290' title='bbox 1500 1067 1531 1096; x_wconf 90' lang='lat' dir='ltr'>in</span> <span class='ocrx_word' id='word_1_291' title='bbox 1559 1070 1691 1108; x_wconf 89' lang='lat' dir='ltr'>propriis</span> 
     </span>
     <span class='ocr_line' id='line_1_57' title="bbox 963 1113 1691 1155; baseline 0.015 -14"><span class='ocrx_word' id='word_1_292' title='bbox 963 1113 1143 1143; x_wconf 84' lang='lat' dir='ltr'>nominibus</span> <span class='ocrx_word' id='word_1_293' title='bbox 1161 1114 1253 1155; x_wconf 87' lang='lat' dir='ltr'>longe</span> <span class='ocrx_word' id='word_1_294' title='bbox 1277 1119 1551 1150; x_wconf 82' lang='lat' dir='ltr'>numerosissimos</span> <span class='ocrx_word' id='word_1_295' title='bbox 1573 1132 1691 1153; x_wconf 86' lang='lat' dir='ltr'>errores</span> 
     </span>
     <span class='ocr_line' id='line_1_58' title="bbox 962 1165 1691 1208; baseline 0.015 -15"><span class='ocrx_word' id='word_1_296' title='bbox 962 1169 1054 1204; x_wconf 86' lang='lat' dir='ltr'>atque</span> <span class='ocrx_word' id='word_1_297' title='bbox 1069 1165 1277 1195; x_wconf 85' lang='lat' dir='ltr'>crassissimos</span> <span class='ocrx_word' id='word_1_298' title='bbox 1292 1167 1409 1197; x_wconf 86' lang='lat' dir='ltr'>librarii</span> <span class='ocrx_word' id='word_1_299' title='bbox 1426 1170 1588 1208; x_wconf 82' lang='lat' dir='ltr'>scriptores</span> <span class='ocrx_word' id='word_1_300' title='bbox 1608 1184 1691 1204; x_wconf 81' lang='lat' dir='ltr'>erra—</span> 
     </span>
     <span class='ocr_line' id='line_1_59' title="bbox 960 1216 1691 1260; baseline 0.015 -16"><span class='ocrx_word' id='word_1_301' title='bbox 960 1225 1038 1245; x_wconf 84' lang='lat' dir='ltr'>vere.</span> <span class='ocrx_word' id='word_1_302' title='bbox 1087 1216 1188 1257; x_wconf 86' lang='lat' dir='ltr'>Cujus</span> <span class='ocrx_word' id='word_1_303' title='bbox 1203 1217 1291 1247; x_wconf 84' lang='lat' dir='ltr'>alteri</span> <span class='ocrx_word' id='word_1_304' title='bbox 1308 1219 1347 1248; x_wconf 90' lang='lat' dir='ltr'>sit</span> <span class='ocrx_word' id='word_1_305' title='bbox 1362 1221 1505 1260; x_wconf 82' lang='lat' dir='ltr'>exemplo</span> <span class='ocrx_word' id='word_1_306' title='bbox 1523 1223 1691 1255; x_wconf 82' lang='lat' dir='ltr'>Claudiani</span> 
     </span>
    </p>
   </div>
   <div class='ocr_carea' id='block_1_15' title="bbox 960 1267 1691 1350">
    <p class='ocr_par' dir='ltr' id='par_1_19' title="bbox 960 1267 1691 1350">
     <span class='ocr_line' id='line_1_60' title="bbox 960 1267 1691 1309; baseline 0.015 -13"><span class='ocrx_word' id='word_1_307' title='bbox 960 1267 1093 1308; x_wconf 85' lang='lat' dir='ltr'>insignis</span> <span class='ocrx_word' id='word_1_308' title='bbox 1109 1268 1207 1307; x_wconf 88' lang='lat' dir='ltr'>locus,</span> <span class='ocrx_word' id='word_1_309' title='bbox 1224 1275 1325 1309; x_wconf 84' lang='lat' dir='ltr'>nuptt.</span> <span class='ocrx_word' id='word_1_310' title='bbox 1362 1272 1450 1303; x_wconf 89' lang='lat' dir='ltr'>Hon.</span> <span class='ocrx_word' id='word_1_311' title='bbox 1478 1279 1509 1303; x_wconf 90' lang='lat' dir='ltr'>et</span> <span class='ocrx_word' id='word_1_312' title='bbox 1532 1275 1613 1307; x_wconf 84' lang='lat' dir='ltr'>Mar.</span> <span class='ocrx_word' id='word_1_313' title='bbox 1631 1287 1691 1308; x_wconf 84' lang='lat' dir='ltr'>ver.</span> 
     </span>
     <span class='ocr_line' id='line_1_61' title="bbox 961 1322 1032 1350; baseline 0.014 -1"><span class='ocrx_word' id='word_1_314' title='bbox 961 1322 1032 1350; x_wconf 74' lang='lat'><strong>278.</strong></span> 
     </span>
    </p>
   </div>
   <div class='ocr_carea' id='block_1_16' title="bbox 988 1400 1692 1511">
    <p class='ocr_par' dir='ltr' id='par_1_20' title="bbox 988 1400 1692 1511">
     <span class='ocr_line' id='line_1_62' title="bbox 1246 1400 1618 1430; baseline 0.016 -7"><span class='ocrx_word' id='word_1_315' title='bbox 1246 1400 1306 1430; x_wconf 84' lang='lat' dir='ltr'>Jam</span> <span class='ocrx_word' id='word_1_316' title='bbox 1318 1402 1346 1425; x_wconf 87' lang='lat' dir='ltr'>te</span> <span class='ocrx_word' id='word_1_317' title='bbox 1355 1402 1526 1426; x_wconf 85' lang='lat' dir='ltr'>venerabitur</span> <span class='ocrx_word' id='word_1_318' title='bbox 1538 1404 1618 1429; x_wconf 84' lang='lat' dir='ltr'>Ister:</span> 
     </span>
     <span class='ocr_line' id='line_1_63' title="bbox 988 1437 1692 1476; baseline 0.014 -16"><span class='ocrx_word' id='word_1_319' title='bbox 988 1437 1093 1461; x_wconf 87' lang='lat' dir='ltr'>Nomen</span> <span class='ocrx_word' id='word_1_320' title='bbox 1105 1437 1257 1463; x_wconf 85' lang='lat' dir='ltr'>adorabunt</span> <span class='ocrx_word' id='word_1_321' title='bbox 1265 1440 1351 1472; x_wconf 75' lang='lat' dir='ltr'>populi</span> <span class='ocrx_word' id='word_1_322' title='bbox 1362 1441 1436 1472; x_wconf 83' lang='lat' dir='ltr'>:jam</span> <span class='ocrx_word' id='word_1_323' title='bbox 1447 1442 1564 1473; x_wconf 80' lang='lat' dir='ltr'>Rhenus,</span> <span class='ocrx_word' id='word_1_324' title='bbox 1574 1447 1601 1469; x_wconf 86' lang='lat' dir='ltr'>et</span> <span class='ocrx_word' id='word_1_325' title='bbox 1610 1445 1692 1476; x_wconf 81' lang='lat' dir='ltr'>Albis,</span> 
     </span>
     <span class='ocr_line' id='line_1_64' title="bbox 988 1475 1598 1511; baseline 0.015 -12"><span class='ocrx_word' id='word_1_326' title='bbox 988 1475 1106 1500; x_wconf 80' lang='lat' dir='ltr'>serviet:</span> <span class='ocrx_word' id='word_1_327' title='bbox 1124 1476 1152 1500; x_wconf 88' lang='lat' dir='ltr'>in</span> <span class='ocrx_word' id='word_1_328' title='bbox 1163 1477 1266 1502; x_wconf 87' lang='lat' dir='ltr'>medios</span> <span class='ocrx_word' id='word_1_329' title='bbox 1277 1479 1324 1503; x_wconf 85' lang='lat' dir='ltr'>ibis</span> <span class='ocrx_word' id='word_1_330' title='bbox 1336 1480 1427 1511; x_wconf 83' lang='lat' dir='ltr'>regina</span> <span class='ocrx_word' id='word_1_331' title='bbox 1440 1481 1598 1508; x_wconf 78' lang='lat' dir='ltr'>sicambros.</span> 
     </span>
    </p>
   </div>
   <div class='ocr_carea' id='block_1_17' title="bbox 960 1546 1692 1749">
    <p class='ocr_par' dir='ltr' id='par_1_21' title="bbox 960 1546 1692 1749">
     <span class='ocr_line' id='line_1_65' title="bbox 961 1546 1691 1589; baseline 0.016 -14"><span class='ocrx_word' id='word_1_332' title='bbox 961 1546 1012 1576; x_wconf 83' lang='lat' dir='ltr'>Ex</span> <span class='ocrx_word' id='word_1_333' title='bbox 1029 1547 1111 1577; x_wconf 87' lang='lat' dir='ltr'>notis</span> <span class='ocrx_word' id='word_1_334' title='bbox 1127 1548 1306 1580; x_wconf 84' lang='lat' dir='ltr'>Burmanni</span> <span class='ocrx_word' id='word_1_335' title='bbox 1322 1551 1417 1589; x_wconf 83' lang='lat' dir='ltr'>disco,</span> <span class='ocrx_word' id='word_1_336' title='bbox 1435 1563 1508 1583; x_wconf 90' lang='lat' dir='ltr'>eum</span> <span class='ocrx_word' id='word_1_337' title='bbox 1524 1555 1618 1586; x_wconf 87' lang='lat' dir='ltr'>etiam</span> <span class='ocrx_word' id='word_1_338' title='bbox 1633 1557 1691 1587; x_wconf 87' lang='lat' dir='ltr'>ali-</span> 
     </span>
     <span class='ocr_line' id='line_1_66' title="bbox 960 1598 1692 1645; baseline 0.018 -18"><span class='ocrx_word' id='word_1_339' title='bbox 960 1598 1038 1638; x_wconf 92' lang='lat' dir='ltr'>quid</span> <span class='ocrx_word' id='word_1_340' title='bbox 1053 1599 1177 1630; x_wconf 87' lang='lat' dir='ltr'>mendae</span> <span class='ocrx_word' id='word_1_341' title='bbox 1193 1602 1345 1642; x_wconf 86' lang='lat' dir='ltr'>sagaciter</span> <span class='ocrx_word' id='word_1_342' title='bbox 1359 1604 1524 1638; x_wconf 86' lang='lat' dir='ltr'>odoratum</span> <span class='ocrx_word' id='word_1_343' title='bbox 1541 1618 1623 1645; x_wconf 89' lang='lat' dir='ltr'>esse;</span> <span class='ocrx_word' id='word_1_344' title='bbox 1638 1609 1692 1639; x_wconf 86' lang='lat' dir='ltr'>sed</span> 
     </span>
     <span class='ocr_line' id='line_1_67' title="bbox 961 1649 1692 1695; baseline 0.016 -17"><span class='ocrx_word' id='word_1_345' title='bbox 961 1660 993 1679; x_wconf 89' lang='lat' dir='ltr'>se</span> <span class='ocrx_word' id='word_1_346' title='bbox 1008 1649 1149 1681; x_wconf 86' lang='lat' dir='ltr'>tollendo</span> <span class='ocrx_word' id='word_1_347' title='bbox 1164 1662 1228 1681; x_wconf 91' lang='lat' dir='ltr'>non</span> <span class='ocrx_word' id='word_1_348' title='bbox 1251 1663 1359 1691; x_wconf 86' lang='lat' dir='ltr'>parem</span> <span class='ocrx_word' id='word_1_349' title='bbox 1374 1655 1513 1695; x_wconf 85' lang='lat' dir='ltr'>ingenue</span> <span class='ocrx_word' id='word_1_350' title='bbox 1528 1657 1629 1695; x_wconf 85' lang='lat' dir='ltr'>fateri,</span> <span class='ocrx_word' id='word_1_351' title='bbox 1656 1664 1692 1690; x_wconf 84' lang='lat' dir='ltr'>ut</span> 
     </span>
     <span class='ocr_line' id='line_1_68' title="bbox 961 1701 1579 1749; baseline 0.016 -19"><span class='ocrx_word' id='word_1_352' title='bbox 961 1701 1125 1732; x_wconf 89' lang='lat' dir='ltr'>hominem</span> <span class='ocrx_word' id='word_1_353' title='bbox 1142 1703 1302 1734; x_wconf 85' lang='lat' dir='ltr'>liberalem</span> <span class='ocrx_word' id='word_1_354' title='bbox 1318 1706 1431 1737; x_wconf 85' lang='lat' dir='ltr'>decuit.</span> <span class='ocrx_word' id='word_1_355' title='bbox 1476 1708 1579 1749; x_wconf 85' lang='lat' dir='ltr'>Lego:</span> 
     </span>
    </p>
   </div>
   <div class='ocr_carea' id='block_1_18' title="bbox 1025 1770 1391 1796">
    <p class='ocr_par' dir='ltr' id='par_1_22' title="bbox 1025 1770 1391 1796">
     <span class='ocr_line' id='line_1_69' title="bbox 1025 1770 1391 1796; baseline 0.005 -3"><span class='ocrx_word' id='word_1_356' title='bbox 1025 1770 1129 1794; x_wconf 85' lang='lat' dir='ltr'>Nomen</span> <span class='ocrx_word' id='word_1_357' title='bbox 1142 1770 1291 1794; x_wconf 79' lang='lat' dir='ltr'>adorabunt</span> <span class='ocrx_word' id='word_1_358' title='bbox 1304 1771 1391 1796; x_wconf 73' lang='lat' dir='ltr'>colchi.</span> 
     </span>
    </p>
   </div>
   <div class='ocr_carea' id='block_1_19' title="bbox 963 1827 1691 1969">
    <p class='ocr_par' dir='ltr' id='par_1_23' title="bbox 963 1827 1691 1969">
     <span class='ocr_line' id='line_1_70' title="bbox 964 1827 1690 1871; baseline 0.015 -15"><span class='ocrx_word' id='word_1_359' title='bbox 964 1827 1109 1868; x_wconf 88' lang='lat' dir='ltr'>Hujusce</span> <span class='ocrx_word' id='word_1_360' title='bbox 1125 1839 1197 1859; x_wconf 87' lang='lat' dir='ltr'>vero</span> <span class='ocrx_word' id='word_1_361' title='bbox 1212 1831 1337 1870; x_wconf 86' lang='lat' dir='ltr'>generis</span> <span class='ocrx_word' id='word_1_362' title='bbox 1359 1831 1619 1871; x_wconf 87' lang='lat' dir='ltr'>depravationum</span> <span class='ocrx_word' id='word_1_363' title='bbox 1641 1836 1690 1867; x_wconf 88' lang='lat' dir='ltr'>in-</span> 
     </span>
     <span class='ocr_line' id='line_1_71' title="bbox 963 1878 1691 1928; baseline 0.015 -21"><span class='ocrx_word' id='word_1_364' title='bbox 963 1878 1084 1918; x_wconf 89' lang='lat' dir='ltr'>signius</span> <span class='ocrx_word' id='word_1_365' title='bbox 1100 1879 1202 1910; x_wconf 89' lang='lat' dir='ltr'>adhuc</span> <span class='ocrx_word' id='word_1_366' title='bbox 1225 1881 1406 1921; x_wconf 83' lang='lat' dir='ltr'>exemplum</span> <span class='ocrx_word' id='word_1_367' title='bbox 1432 1884 1523 1923; x_wconf 87' lang='lat' dir='ltr'>dabo,</span> <span class='ocrx_word' id='word_1_368' title='bbox 1548 1897 1586 1916; x_wconf 84' lang='lat' dir='ltr'>ex</span> <span class='ocrx_word' id='word_1_369' title='bbox 1610 1887 1691 1928; x_wconf 84' lang='lat' dir='ltr'>ejus-</span> 
     </span>
     <span class='ocr_line' id='line_1_72' title="bbox 963 1929 1612 1969; baseline 0.017 -10"><span class='ocrx_word' id='word_1_370' title='bbox 963 1929 1037 1959; x_wconf 88' lang='lat' dir='ltr'>dem</span> <span class='ocrx_word' id='word_1_371' title='bbox 1055 1930 1222 1961; x_wconf 86' lang='lat' dir='ltr'>Claudiani</span> <span class='ocrx_word' id='word_1_372' title='bbox 1237 1933 1276 1962; x_wconf 89' lang='lat' dir='ltr'>de</span> <span class='ocrx_word' id='word_1_373' title='bbox 1291 1943 1374 1964; x_wconf 87' lang='lat' dir='ltr'>cons.</span> <span class='ocrx_word' id='word_1_374' title='bbox 1393 1933 1460 1965; x_wconf 82' lang='lat' dir='ltr'>Stil.</span> <span class='ocrx_word' id='word_1_375' title='bbox 1478 1936 1520 1967; x_wconf 87' lang='lat' dir='ltr'>iii.</span> <span class='ocrx_word' id='word_1_376' title='bbox 1540 1940 1612 1969; x_wconf 87' lang='lat'>158.</span> 
     </span>
    </p>
   </div>
   <div class='ocr_carea' id='block_1_20' title="bbox 958 2015 1642 2094">
    <p class='ocr_par' dir='ltr' id='par_1_24' title="bbox 958 2015 1642 2094">
     <span class='ocr_line' id='line_1_73' title="bbox 963 2015 1558 2052; baseline 0.013 -14"><span class='ocrx_word' id='word_1_377' title='bbox 963 2015 1046 2045; x_wconf 87' lang='lat' dir='ltr'>Hujus</span> <span class='ocrx_word' id='word_1_378' title='bbox 1058 2015 1174 2047; x_wconf 85' lang='lat' dir='ltr'>pacificis</span> <span class='ocrx_word' id='word_1_379' title='bbox 1186 2017 1315 2042; x_wconf 84' lang='lat' dir='ltr'>dehemus</span> <span class='ocrx_word' id='word_1_380' title='bbox 1326 2019 1444 2044; x_wconf 87' lang='lat' dir='ltr'>moribus</span> <span class='ocrx_word' id='word_1_381' title='bbox 1454 2027 1558 2052; x_wconf 89' lang='lat' dir='ltr'>omnes,</span> 
     </span>
     <span class='ocr_line' id='line_1_74' title="bbox 958 2055 1642 2094; baseline 0.015 -16"><span class='ocrx_word' id='word_1_382' title='bbox 958 2055 1047 2086; x_wconf 78' lang='lat' dir='ltr'>Quod,</span> <span class='ocrx_word' id='word_1_383' title='bbox 1060 2056 1146 2080; x_wconf 85' lang='lat' dir='ltr'>veluti</span> <span class='ocrx_word' id='word_1_384' title='bbox 1156 2057 1257 2088; x_wconf 74' lang='lat' dir='ltr'>patriis,</span> <span class='ocrx_word' id='word_1_385' title='bbox 1269 2058 1421 2089; x_wconf 86' lang='lat' dir='ltr'>regionibus</span> <span class='ocrx_word' id='word_1_386' title='bbox 1432 2060 1520 2085; x_wconf 87' lang='lat' dir='ltr'>utitur</span> <span class='ocrx_word' id='word_1_387' title='bbox 1530 2062 1642 2094; x_wconf 87' lang='lat' dir='ltr'>hospes;</span> 
     </span>
    </p>
   </div>
   <div class='ocr_carea' id='block_1_21' title="bbox 956 2098 1693 2286">
    <p class='ocr_par' dir='ltr' id='par_1_25' title="bbox 958 2098 1683 2132">
     <span class='ocr_line' id='line_1_75' title="bbox 958 2098 1683 2132; baseline 0.014 -11"><span class='ocrx_word' id='word_1_388' title='bbox 958 2098 1037 2128; x_wconf 76' lang='lat' dir='ltr'>Quod</span> <span class='ocrx_word' id='word_1_389' title='bbox 1049 2099 1140 2123; x_wconf 83' lang='lat' dir='ltr'>sedem</span> <span class='ocrx_word' id='word_1_390' title='bbox 1153 2102 1259 2125; x_wconf 77' lang='lat' dir='ltr'>mutare</span> <span class='ocrx_word' id='word_1_391' title='bbox 1272 2100 1351 2131; x_wconf 80' lang='lat' dir='ltr'>licet3</span> <span class='ocrx_word' id='word_1_392' title='bbox 1370 2102 1443 2132; x_wconf 84' lang='lat' dir='ltr'>quod</span> <span class='ocrx_word' id='word_1_393' title='bbox 1455 2109 1564 2128; x_wconf 83' lang='lat' dir='ltr'>cernere</span> <span class='ocrx_word' id='word_1_394' title='bbox 1572 2105 1683 2131; x_wconf 86' lang='lat' dir='ltr'>Thulen</span> 
     </span>
    </p>

    <p class='ocr_par' dir='ltr' id='par_1_26' title="bbox 956 2138 1692 2208">
     <span class='ocr_line' id='line_1_76' title="bbox 956 2138 1692 2173; baseline 0.014 -13"><span class='ocrx_word' id='word_1_395' title='bbox 956 2138 1051 2168; x_wconf 84' lang='lat' dir='ltr'>Lusus,</span> <span class='ocrx_word' id='word_1_396' title='bbox 1069 2142 1107 2168; x_wconf 82' lang='lat' dir='ltr'>et,</span> <span class='ocrx_word' id='word_1_397' title='bbox 1119 2138 1266 2164; x_wconf 85' lang='lat' dir='ltr'>horrendos</span> <span class='ocrx_word' id='word_1_398' title='bbox 1282 2141 1431 2171; x_wconf 87' lang='lat' dir='ltr'>quondam,</span> <span class='ocrx_word' id='word_1_399' title='bbox 1450 2146 1591 2173; x_wconf 85' lang='lat' dir='ltr'>penetrare</span> <span class='ocrx_word' id='word_1_400' title='bbox 1607 2152 1692 2170; x_wconf 85' lang='lat' dir='ltr'>reces-</span> 
     </span>
     <span class='ocr_line' id='line_1_77' title="bbox 1051 2184 1111 2208; baseline 0 -7"><span class='ocrx_word' id='word_1_401' title='bbox 1051 2184 1093 2201; x_wconf 86' lang='lat' dir='ltr'>sus</span> <span class='ocrx_word' id='word_1_402' title='bbox 1102 2186 1111 2208; x_wconf 90' lang='lat'>;</span> 
     </span>
    </p>

    <p class='ocr_par' dir='ltr' id='par_1_27' title="bbox 959 2217 1693 2286">
     <span class='ocr_line' id='line_1_78' title="bbox 959 2217 1693 2253; baseline 0.012 -13"><span class='ocrx_word' id='word_1_403' title='bbox 959 2217 1038 2248; x_wconf 77' lang='lat' dir='ltr'>Quod</span> <span class='ocrx_word' id='word_1_404' title='bbox 1051 2218 1165 2243; x_wconf 86' lang='lat' dir='ltr'>bibimus</span> <span class='ocrx_word' id='word_1_405' title='bbox 1184 2219 1280 2251; x_wconf 77' lang='lat' dir='ltr'>passim</span> <span class='ocrx_word' id='word_1_406' title='bbox 1297 2219 1457 2250; x_wconf 86' lang='lat' dir='ltr'>Rhodanum,</span> <span class='ocrx_word' id='word_1_407' title='bbox 1475 2225 1592 2253; x_wconf 81' lang='lat' dir='ltr'>potamus</span> <span class='ocrx_word' id='word_1_408' title='bbox 1613 2225 1693 2248; x_wconf 84' lang='lat' dir='ltr'>Oron-</span> 
     </span>
     <span class='ocr_line' id='line_1_79' title="bbox 1051 2261 1119 2286; baseline 0 -5"><span class='ocrx_word' id='word_1_409' title='bbox 1051 2261 1100 2281; x_wconf 84' lang='lat' dir='ltr'>tem</span> <span class='ocrx_word' id='word_1_410' title='bbox 1107 2266 1119 2286; x_wconf 92' lang='lat'><em>;</em></span> 
     </span>
    </p>
   </div>
   <div class='ocr_carea' id='block_1_22' title="bbox 961 2298 1692 2443">
    <p class='ocr_par' dir='ltr' id='par_1_28' title="bbox 961 2298 1394 2330">
     <span class='ocr_line' id='line_1_80' title="bbox 961 2298 1394 2330; baseline 0.009 -10"><span class='ocrx_word' id='word_1_411' title='bbox 961 2298 1041 2328; x_wconf 83' lang='lat' dir='ltr'>Quod</span> <span class='ocrx_word' id='word_1_412' title='bbox 1052 2298 1145 2322; x_wconf 86' lang='lat' dir='ltr'>cuncti</span> <span class='ocrx_word' id='word_1_413' title='bbox 1154 2306 1219 2330; x_wconf 84' lang='lat' dir='ltr'>gens</span> <span class='ocrx_word' id='word_1_414' title='bbox 1230 2306 1283 2323; x_wconf 85' lang='lat' dir='ltr'>una</span> <span class='ocrx_word' id='word_1_415' title='bbox 1293 2307 1394 2324; x_wconf 87' lang='lat' dir='ltr'>sumus.</span> 
     </span>
    </p>

    <p class='ocr_par' dir='ltr' id='par_1_29' title="bbox 961 2337 1642 2369">
     <span class='ocr_line' id='line_1_81' title="bbox 961 2337 1642 2369; baseline 0.009 -9"><span class='ocrx_word' id='word_1_416' title='bbox 961 2338 1018 2368; x_wconf 80' lang='lat' dir='ltr'>lpse</span> <span class='ocrx_word' id='word_1_417' title='bbox 1030 2337 1101 2361; x_wconf 86' lang='lat' dir='ltr'>nitor</span> <span class='ocrx_word' id='word_1_418' title='bbox 1112 2338 1173 2362; x_wconf 84' lang='lat' dir='ltr'>haec</span> <span class='ocrx_word' id='word_1_419' title='bbox 1186 2338 1320 2363; x_wconf 85' lang='lat' dir='ltr'>fedissima</span> <span class='ocrx_word' id='word_1_420' title='bbox 1331 2339 1408 2369; x_wconf 81' lang='lat' dir='ltr'>fient,</span> <span class='ocrx_word' id='word_1_421' title='bbox 1419 2340 1439 2364; x_wconf 77' lang='grc' dir='ltr'>εἰ</span> <span class='ocrx_word' id='word_1_422' title='bbox 1450 2341 1486 2365; x_wconf 75' lang='lat' dir='ltr'>sic</span> <span class='ocrx_word' id='word_1_423' title='bbox 1498 2342 1642 2367; x_wconf 85' lang='lat' dir='ltr'>emundes:</span> 
     </span>
    </p>

    <p class='ocr_par' dir='ltr' id='par_1_30' title="bbox 961 2377 1692 2443">
     <span class='ocr_line' id='line_1_82' title="bbox 961 2377 1692 2411; baseline 0.008 -10"><span class='ocrx_word' id='word_1_424' title='bbox 961 2377 1040 2408; x_wconf 78' lang='lat' dir='ltr'>Quod</span> <span class='ocrx_word' id='word_1_425' title='bbox 1052 2378 1178 2409; x_wconf 80' lang='lat' dir='ltr'>bibimus,</span> <span class='ocrx_word' id='word_1_426' title='bbox 1189 2379 1277 2403; x_wconf 83' lang='lat' dir='ltr'>Phasis</span> <span class='ocrx_word' id='word_1_427' title='bbox 1287 2380 1460 2411; x_wconf 83' lang='lat' dir='ltr'>Rhodanum,</span> <span class='ocrx_word' id='word_1_428' title='bbox 1470 2383 1597 2406; x_wconf 83' lang='lat' dir='ltr'>Romanus</span> <span class='ocrx_word' id='word_1_429' title='bbox 1608 2383 1692 2408; x_wconf 83' lang='lat' dir='ltr'>Oron-</span> 
     </span>
     <span class='ocr_line' id='line_1_83' title="bbox 1053 2421 1120 2443; baseline 0 -1"><span class='ocrx_word' id='word_1_430' title='bbox 1053 2421 1120 2443; x_wconf 87' lang='lat' dir='ltr'>tem.</span> 
     </span>
    </p>
   </div>
   <div class='ocr_carea' id='block_1_23' title="bbox 959 2493 1693 2733">
    <p class='ocr_par' dir='ltr' id='par_1_31' title="bbox 959 2493 1693 2733">
     <span class='ocr_line' id='line_1_84' title="bbox 962 2493 1691 2534; baseline 0.01 -12"><span class='ocrx_word' id='word_1_431' title='bbox 962 2494 1073 2524; x_wconf 71' lang='lat' dir='ltr'>Phasis</span> <span class='ocrx_word' id='word_1_432' title='bbox 1090 2493 1239 2533; x_wconf 87' lang='lat' dir='ltr'>oppidum</span> <span class='ocrx_word' id='word_1_433' title='bbox 1253 2501 1298 2525; x_wconf 84' lang='lat' dir='ltr'>est</span> <span class='ocrx_word' id='word_1_434' title='bbox 1310 2495 1343 2525; x_wconf 88' lang='lat' dir='ltr'>in</span> <span class='ocrx_word' id='word_1_435' title='bbox 1355 2495 1430 2534; x_wconf 85' lang='lat' dir='ltr'>ripis</span> <span class='ocrx_word' id='word_1_436' title='bbox 1441 2495 1552 2526; x_wconf 90' lang='lat' dir='ltr'>eodem</span> <span class='ocrx_word' id='word_1_437' title='bbox 1562 2498 1691 2529; x_wconf 87' lang='lat' dir='ltr'>nomine</span> 
     </span>
     <span class='ocr_line' id='line_1_85' title="bbox 960 2547 1691 2590; baseline 0.007 -13"><span class='ocrx_word' id='word_1_438' title='bbox 960 2547 1047 2577; x_wconf 89' lang='lat' dir='ltr'>fluvii</span> <span class='ocrx_word' id='word_1_439' title='bbox 1062 2548 1212 2587; x_wconf 79' lang='lat' dir='ltr'>positum,</span> <span class='ocrx_word' id='word_1_440' title='bbox 1239 2556 1270 2579; x_wconf 87' lang='lat' dir='ltr'>et</span> <span class='ocrx_word' id='word_1_441' title='bbox 1296 2550 1413 2580; x_wconf 87' lang='lat' dir='ltr'>incolas</span> <span class='ocrx_word' id='word_1_442' title='bbox 1439 2550 1577 2590; x_wconf 83' lang='lat' dir='ltr'>regionis</span> <span class='ocrx_word' id='word_1_443' title='bbox 1599 2552 1691 2583; x_wconf 77' lang='lat' dir='ltr'>istius</span> 
     </span>
     <span class='ocr_line' id='line_1_86' title="bbox 959 2602 1693 2642; baseline 0.004 -13"><span class='ocrx_word' id='word_1_444' title='bbox 959 2607 1166 2638; x_wconf 66' lang='lat' dir='ltr'>repraesentat.</span> <span class='ocrx_word' id='word_1_445' title='bbox 1212 2602 1404 2631; x_wconf 84' lang='lat' dir='ltr'>Probissirne</span> <span class='ocrx_word' id='word_1_446' title='bbox 1429 2613 1502 2632; x_wconf 86' lang='lat' dir='ltr'>vero</span> <span class='ocrx_word' id='word_1_447' title='bbox 1526 2613 1693 2642; x_wconf 80' lang='lat' dir='ltr'>opponun-</span> 
     </span>
     <span class='ocr_line' id='line_1_87' title="bbox 959 2655 1692 2695; baseline 0.01 -14"><span class='ocrx_word' id='word_1_448' title='bbox 959 2658 1011 2681; x_wconf 89' lang='lat' dir='ltr'>tur</span> <span class='ocrx_word' id='word_1_449' title='bbox 1029 2655 1189 2683; x_wconf 77' lang='lat' dir='ltr'>Romanus</span> <span class='ocrx_word' id='word_1_450' title='bbox 1205 2659 1235 2683; x_wconf 83' lang='lat' dir='ltr'>et</span> <span class='ocrx_word' id='word_1_451' title='bbox 1265 2655 1395 2684; x_wconf 77' lang='lat' dir='ltr'>Orontes.</span> <span class='ocrx_word' id='word_1_452' title='bbox 1440 2655 1620 2695; x_wconf 82' lang='lat' dir='ltr'>Juvenalis,</span> <span class='ocrx_word' id='word_1_453' title='bbox 1646 2658 1692 2689; x_wconf 83' lang='lat' dir='ltr'>iii.</span> 
     </span>
     <span class='ocr_line' id='line_1_88' title="bbox 960 2707 1010 2733; baseline 0 0"><span class='ocrx_word' id='word_1_454' title='bbox 960 2707 1010 2733; x_wconf 74' lang='lat'><em>6⁴2.</em></span> 
     </span>
    </p>
   </div>
   <div class='ocr_carea' id='block_1_24' title="bbox 990 2769 1667 2801">
    <p class='ocr_par' dir='ltr' id='par_1_32' title="bbox 990 2769 1667 2801">
     <span class='ocr_line' id='line_1_89' title="bbox 990 2769 1667 2801; baseline 0.01 -9"><span class='ocrx_word' id='word_1_455' title='bbox 990 2770 1049 2799; x_wconf 79' lang='lat' dir='ltr'>Jam</span> <span class='ocrx_word' id='word_1_456' title='bbox 1059 2769 1162 2800; x_wconf 84' lang='lat' dir='ltr'>pridem</span> <span class='ocrx_word' id='word_1_457' title='bbox 1176 2771 1254 2801; x_wconf 69' lang='lat' dir='ltr'>Syrus</span> <span class='ocrx_word' id='word_1_458' title='bbox 1265 2770 1291 2794; x_wconf 87' lang='lat' dir='ltr'>in</span> <span class='ocrx_word' id='word_1_459' title='bbox 1308 2771 1414 2796; x_wconf 76' lang='lat' dir='ltr'>Tiberim</span> <span class='ocrx_word' id='word_1_460' title='bbox 1425 2772 1542 2798; x_wconf 84' lang='lat' dir='ltr'>defluxit</span> <span class='ocrx_word' id='word_1_461' title='bbox 1553 2775 1667 2800; x_wconf 78' lang='lat' dir='ltr'>Orontes.</span> 
     </span>
    </p>
   </div>
   <div class='ocr_carea' id='block_1_25' title="bbox 960 2825 1692 2976">
    <p class='ocr_par' dir='ltr' id='par_1_33' title="bbox 960 2825 1692 2976">
     <span class='ocr_line' id='line_1_90' title="bbox 961 2825 1692 2870; baseline 0.011 -15"><span class='ocrx_word' id='word_1_462' title='bbox 961 2825 1144 2863; x_wconf 86' lang='lat' dir='ltr'>Enimvero,</span> <span class='ocrx_word' id='word_1_463' title='bbox 1162 2826 1267 2857; x_wconf 60' lang='lat' dir='ltr'>laetitia</span> <span class='ocrx_word' id='word_1_464' title='bbox 1280 2838 1332 2858; x_wconf 88' lang='lat' dir='ltr'>me</span> <span class='ocrx_word' id='word_1_465' title='bbox 1345 2839 1407 2858; x_wconf 89' lang='lat' dir='ltr'>non</span> <span class='ocrx_word' id='word_1_466' title='bbox 1424 2830 1573 2861; x_wconf 81' lang='lat' dir='ltr'>mediocri</span> <span class='ocrx_word' id='word_1_467' title='bbox 1585 2838 1692 2870; x_wconf 76' lang='lat' dir='ltr'>postea</span> 
     </span>
     <span class='ocr_line' id='line_1_91' title="bbox 960 2878 1689 2921; baseline 0.011 -15"><span class='ocrx_word' id='word_1_468' title='bbox 960 2878 1100 2917; x_wconf 85' lang='lat' dir='ltr'>perfudit</span> <span class='ocrx_word' id='word_1_469' title='bbox 1115 2879 1211 2910; x_wconf 86' lang='lat' dir='ltr'>editio</span> <span class='ocrx_word' id='word_1_470' title='bbox 1224 2882 1462 2912; x_wconf 76' lang='lat' dir='ltr'>Burmanniana</span> <span class='ocrx_word' id='word_1_471' title='bbox 1470 2895 1479 2921; x_wconf 78' lang='lat'>3</span> <span class='ocrx_word' id='word_1_472' title='bbox 1495 2883 1581 2914; x_wconf 87' lang='lat' dir='ltr'>unde</span> <span class='ocrx_word' id='word_1_473' title='bbox 1593 2883 1689 2914; x_wconf 84' lang='lat' dir='ltr'>didici</span> 
     </span>
     <span class='ocr_line' id='line_1_92' title="bbox 961 2932 1688 2976; baseline 0.01 -15"><span class='ocrx_word' id='word_1_474' title='bbox 961 2941 998 2961; x_wconf 80' lang='lat' dir='ltr'>ex</span> <span class='ocrx_word' id='word_1_475' title='bbox 1014 2932 1170 2963; x_wconf 84' lang='lat' dir='ltr'>variarum</span> <span class='ocrx_word' id='word_1_476' title='bbox 1189 2933 1361 2967; x_wconf 84' lang='lat' dir='ltr'>lectionum</span> <span class='ocrx_word' id='word_1_477' title='bbox 1386 2937 1577 2976; x_wconf 83' lang='lat' dir='ltr'>recensione,</span> <span class='ocrx_word' id='word_1_478' title='bbox 1604 2939 1688 2968; x_wconf 66' lang='lat' dir='ltr'>Plea-</span> 
     </span>
    </p>
   </div>
  </div>
 </body>
</html>
