1894 3253
551 585 675 639 AD
757 583 1340 643 LECTOREM.

189 935 525 1008 DEBITUM‚
561 958 658 1000 scite
690 958 843 1000 Lector
872 967 913 1001 et
945 958 1129 1002 erudite!
1166 958 1513 1001 Lucretianorum
1546 957 1693 999 carmi-

187 1047 305 1083 num,
328 1032 435 1074 curis
464 1032 566 1073 meis
596 1033 888 1088 expolitorimi,
919 1042 1057 1090 atque,
1082 1035 1207 1089 justae
1236 1033 1484 1074 recensionis
1511 1048 1606 1089 ope,
1637 1031 1692 1073 ad

183 1108 405 1164 pristinum
424 1107 580 1149 cultiun
612 1108 884 1164 nitoremque,
917 1109 961 1150 in
992 1116 1193 1164 quantum
1223 1123 1298 1163 per
1328 1108 1500 1163 scriptos
1530 1107 1692 1148 codices

182 1191 305 1239 atque
325 1182 650 1223 mediocritatem
671 1183 899 1239 sagacitatis
935 1198 1039 1224 meae
1060 1191 1101 1224 et
1130 1182 1332 1223 doctrinae
1362 1182 1536 1231 licuerit,
1558 1180 1688 1222 refor-

185 1266 407 1307 matorum,
440 1256 599 1298 dudum
628 1257 901 1312 promissione
931 1265 1180 1312 susceptum,
1213 1256 1383 1298 tandem
1412 1255 1504 1307 tibi,
1526 1255 1597 1297 sed
1629 1271 1690 1297 se-

184 1332 268 1374 rius
288 1330 539 1387 aliquantulo
560 1346 684 1386 quam
714 1331 873 1382 vellem,
897 1346 968 1388 spe
995 1331 1198 1386 trepidus,
1221 1339 1277 1382 et,
1300 1331 1333 1371 si
1363 1331 1454 1386 quis
1484 1345 1685 1386 unquam,

183 1405 372 1447 diffidens
401 1406 498 1456 mei,
530 1414 793 1461 repraesento.
856 1407 924 1449 Sic
965 1405 1151 1461 profecto
1193 1421 1235 1447 se
1279 1421 1343 1447 res
1373 1405 1512 1447 habet:
1557 1420 1686 1460 quum

180 1481 366 1522 animum
387 1479 440 1522 ad
460 1479 534 1522 has
554 1480 864 1535 pretiosissimas
886 1480 1134 1522 Latinarum
1163 1481 1375 1522 literarum
1404 1479 1594 1536 reliquias
1615 1493 1686 1522 ex-

182 1555 390 1597 ornandas
409 1555 599 1610 primitus
626 1554 875 1610 adjecissem,
903 1555 1102 1611 jucundae
1121 1555 1254 1613 magis
1269 1554 1546 1605 relaxationis,
1562 1569 1688 1610 quam

182 1630 408 1688 negotiosae
428 1629 577 1671 virium
613 1630 904 1681 contentionis,
941 1630 1044 1671 mihi
1079 1645 1231 1672 munus
1257 1630 1480 1685 spondens,
1502 1644 1589 1670 non
1609 1629 1688 1670 nisi

182 1704 235 1746 de
265 1704 452 1745 breviore
496 1705 796 1746 commentario
830 1705 1080 1761 cogitabam:
1112 1712 1256 1760 postea
1287 1712 1442 1755 tamen,
1475 1703 1610 1758 operis
1640 1703 1687 1743 li-

181 1778 294 1819 mine
324 1779 397 1820 vix
426 1778 545 1829 inito,
577 1778 690 1820 hunc
720 1788 760 1820 et
794 1779 1091 1834 amplissimum
1120 1777 1431 1833 philosophum,
1463 1786 1505 1817 et
1532 1776 1688 1833 gravis-

182 1853 331 1893 simum
361 1855 543 1906 poetam,
575 1852 688 1894 tanta
719 1853 1096 1894 commentitiarum
1126 1851 1350 1892 lectionum
1379 1850 1546 1892 feditate
1565 1850 1687 1891 deve-

182 1932 393 1966 nustatum
423 1925 691 1980 deprehendi,
729 1926 775 1967 ea
806 1926 1026 1968 adulterini
1066 1925 1323 1967 scabitudine
1362 1925 1561 1966 sermonis
1581 1924 1688 1966 mul-

182 2000 232 2040 tis
265 1999 317 2039 de
337 1999 485 2039 caussis
517 2000 803 2049 incrustatum,
830 2008 876 2040 ut
908 1999 1182 2049 occasionem,
1213 1998 1326 2040 haud
1346 1998 1556 2040 instrenue
1586 1999 1684 2040 obe-

181 2072 353 2122 undam,
388 2072 458 2113 sed
493 2072 613 2126 plane
645 2072 928 2129 dignissimam
961 2073 1064 2113 mihi
1097 2072 1267 2114 videbar
1298 2080 1458 2121 nactus,
1490 2073 1534 2113 in
1560 2088 1686 2129 quam

179 2146 388 2188 facultates
408 2161 551 2187 omnes
571 2146 887 2203 qualescunque,
910 2155 999 2189 tum
1020 2147 1265 2189 eruditionis
1286 2154 1376 2188 tum
1406 2147 1562 2204 ingenii
1582 2148 1681 2198 mei,

180 2220 470 2262 studiosissime
500 2219 761 2270 coHocarem3
794 2220 924 2262 nullos
960 2221 1119 2262 labores
1151 2220 1422 2278 defugiendos
1455 2237 1554 2272 esse,
1592 2222 1683 2263 nul-

179 2296 261 2338 lam
282 2309 366 2336 non
386 2294 560 2336 libenter
578 2294 828 2336 efferendam
849 2311 934 2336 esse
955 2295 1273 2345 solicitudinem,
1297 2310 1461 2337 mecum
1481 2303 1678 2347 statuens,

180 2370 213 2410 si
234 2369 360 2410 modo
379 2368 533 2410 fructus
551 2369 649 2410 inde
670 2369 813 2426 aliquis
833 2370 952 2411 bonis
973 2370 1098 2411 literis
1128 2369 1234 2411 forte
1263 2369 1430 2412 fortuna
1459 2371 1680 2425 provenire

179 2451 327 2498 posset.
388 2443 580 2485 Tandem
600 2459 712 2494 vero,
747 2459 791 2486 re
822 2445 1026 2502 gradatim
1059 2444 1324 2500 procedente,
1362 2460 1410 2486 ac
1434 2445 1605 2486 materia
1639 2461 1681 2487 se

180 2518 314 2566 latius,
356 2525 402 2558 ut
436 2517 500 2568 fit,
545 2518 589 2559 in
628 2533 771 2560 omnes
805 2527 942 2574 partes
981 2520 1206 2575 aperiente,
1242 2534 1338 2560 cum
1373 2526 1435 2560 tot
1473 2519 1678 2575 tantisque

181 2590 486 2634 difficultatibus
505 2591 608 2632 mihi
628 2607 713 2633 esse
743 2593 1064 2635 conflictandum
1095 2594 1193 2644 vidi,
1216 2602 1301 2635 tam
1331 2601 1502 2648 propter
1530 2593 1678 2635 moles-

181 2667 257 2708 tias
277 2665 393 2721 operi
413 2673 529 2706 tanto
549 2667 751 2722 proprias,
775 2684 900 2724 quam
920 2668 1240 2710 innumerabiles
1261 2667 1506 2709 adventitias
1522 2682 1576 2709 ex
1592 2668 1678 2709 edi-

181 2750 320 2782 torum
339 2740 525 2795 priorum
541 2741 603 2782 vel
623 2742 825 2794 socordia,
849 2744 911 2785 vel
930 2743 1106 2794 inscitia,
1141 2743 1204 2784 vel
1235 2742 1464 2784 temeritate
1483 2742 1678 2798 denique,

182 2821 262 2869 {meg
280 2832 376 2868 μοςον
408 2815 647 2866 cumulatas,
681 2825 726 2858 ut
745 2817 797 2859 de
816 2817 987 2859 conatus
1008 2818 1089 2859 mei
1113 2832 1315 2867 successu,
1338 2816 1531 2858 adhibitis
1552 2818 1676 2859 etiam

182 2891 317 2934 studio
337 2891 640 2946 improbissimo
660 2899 701 2934 et
720 2892 932 2936 sedulitate
951 2892 1241 2945 morosissima,
1258 2892 1675 2948 plane.despe1·a1·en1;
