1894 3253
174 255 235 296 98

685 246 747 293 Τ.
788 241 1170 292 LUCRETII

319 379 407 421 Nec
428 379 531 419 clam
551 377 745 417 durateus
767 374 962 416 Troianis
984 375 1188 432 Pergama
1207 381 1330 429 partu

315 453 613 494 Inflammasset
633 464 761 505 equus
781 457 988 490 nocturno
1011 448 1365 505 Graiugenarum:

315 525 551 580 perspicere
572 531 618 565 ut
637 523 782 579 possis,
805 538 869 564 res
888 532 1022 581 gestas
1042 522 1228 563 funditus
1247 521 1406 563 omneis

197 607 280 643 480
312 601 410 642 Non
432 600 503 649 ita,
526 598 610 640 utei
631 613 795 654 corpuS,
817 613 893 654 per
913 613 956 640 se
975 606 1179 648 constare,
1202 612 1336 654 neque
1357 611 1459 638 esse:

314 674 404 715 Nec
424 672 584 713 ratione
602 672 736 713 cluere
756 671 916 723 eadem,
938 671 1019 728 qua
1041 680 1202 713 constat
1220 672 1364 713 inane:

317 748 400 790 Sed
419 747 550 805 magis
570 755 617 789 ut
636 748 784 789 merito
804 748 934 803 possis
955 755 1100 789 eventa
1120 761 1268 788 vocare

171 911 192 925 ‘⁶
208 905 307 942 illam,
337 915 438 945 neque
462 903 610 944 figuram,
642 910 762 934 tantam
784 904 849 934 vim
870 904 904 934 in

171 963 192 977 “
209 968 273 987 sese
289 957 402 986 habere
410 969 419 994 3
443 956 498 986 sed
524 954 677 986 memoria
702 966 807 985 rerum
834 965 903 996 ges-

171 1013 314 1039 “tarum
337 1019 406 1038 eam
423 1010 590 1050 flammam
617 1007 754 1048 egregiis
774 1006 848 1036 viris
870 1006 903 1036 in

171 1067 192 1080 “
200 1068 321 1101 pectore
329 1062 468 1100 gliscere,
479 1070 580 1100 neque
590 1059 678 1098 prius
687 1057 798 1094 sedari,
809 1068 905 1099 quam

173 1119 194 1133 “
210 1115 307 1144 virtus
319 1124 429 1144 eorum
440 1113 559 1143 famam
571 1119 664 1153 atque
675 1111 809 1152 gloriam
821 1111 904 1141 adae-

173 1170 194 1184 ‘⁴
211 1165 383 1206 quaverit.²'
423 1165 544 1206 VulgO,
560 1175 708 1199 crescere‚·
734 1174 771 1193 ex
788 1162 902 1203 glossa,

172 1225 208 1249 ut
222 1224 346 1258 putem;
370 1227 445 1246 nam
461 1218 589 1256 phrases
604 1215 809 1245 Lucretianas
824 1214 903 1244 ada-

174 1275 250 1305 mat,
276 1274 312 1298 ut
339 1274 385 1297 est
399 1267 583 1308 antiquioris
598 1266 748 1296 orationis
763 1271 903 1301 sectator,

172 1319 429 1360 castigatissimus
444 1317 617 1348 historicus
662 1316 746 1346 Vide
763 1316 907 1346 Nonium

174 1373 207 1404 in
224 1382 298 1402 voce
310 1373 427 1411 gliscit,
444 1370 463 1400 i.
482 1374 532 1400 83.

216 1425 291 1454 Ver.
307 1427 381 1454 476.
407 1425 517 1454 Clara.-
542 1422 561 1452 i.
583 1432 609 1451 e.
631 1420 906 1460 splendida—ful-

175 1476 294 1517 gentia,
317 1481 353 1505 ut
375 1481 496 1505 constet
510 1484 582 1504 cum
600 1476 682 1513 ignis
698 1480 729 1503 et
744 1475 907 1505 adcendis-

176 1536 229 1561 δεῖ.
275 1528 442 1570 Virgilius,
462 1529 536 1559 [En.
554 1528 586 1558 ii.
603 1531 677 1559 705.

438 1600 465 1622 et
473 1598 529 1628 jam
542 1603 588 1628 per
600 1596 702 1620 moenia
711 1594 803 1619 clarior
814 1593 879 1626 ignis

207 1637 335 1666 Auditur,
347 1636 510 1668 propiusque
521 1640 603 1660 aestus
613 1635 730 1660 incendia
741 1635 868 1660 volvunt.

171 1719 175 1721 .
220 1694 303 1725 Ibid.
326 1697 519 1726 adcendisset
542 1696 615 1725 saevz'
638 1695 807 1725 certamina
828 1695 909 1724 belli.

179 1745 284 1784 Idem,
303 1746 379 1776 AEn.
395 1746 446 1776 vii.
465 1749 537 1775 482.

377 1817 492 1849 belloque
503 1817 607 1841 animos
618 1815 735 1840 adcendit
746 1815 871 1848 agrestis:

179 1882 212 1906 et
226 1887 342 1912 rursus,
359 1875 433 1906 ibid.
451 1886 479 1906 x.
500 1878 568 1905 146.

564 1940 624 1964 duri
634 1939 772 1964 certamina
783 1938 839 1962 belli
850 1947 858 1962 .-

182 2004 220 2027 ut
234 1997 308 2027 alibi
325 1997 438 2036 saepius
452 1997 598 2027 similiter
605 2009 614 2034 ;
638 2003 669 2027 et
691 2008 768 2027 sceva
788 1997 915 2036 praelz'a,

178 2048 220 2079 xi.
238 2051 312 2079 727.

223 2099 298 2129 Ver.
323 2101 395 2129 477.
419 2100 512 2129 clam.
545 2104 586 2128 Π.
608 2104 690 2133 tam5
718 2098 807 2127 abest
833 2097 919 2126 B.—

182 2153 348 2182 durateus.-
378 2157 417 2180 Π.
441 2152 522 2180 clara
550 2161 635 2185 reus;
663 2155 697 2180 Σ.
721 2152 798 2179 dura
822 2155 919 2179 tenus.

182 2204 394 2233 ——Troianz's:
420 2202 464 2231 sic
489 2202 526 2231 P.
550 2202 588 2232 Β.
611 2201 708 2231 vind.
736 2201 772 2231 L.
800 2200 848 2230 M.
879 2200 918 2230 O.

185 2262 227 2286 Π.
244 2259 278 2285 Σ.
295 2261 326 2284 et
342 2253 575 2294 elegantissime
591 2253 705 2284 dicitur
720 2254 916 2294 inflammare

189 2307 349 2348 Trqjanis5
377 2312 413 2336 ut
435 2316 569 2336 summae
585 2306 646 2335 sint
660 2305 792 2335 inscitiae
808 2310 918 2344 postu-

181 2359 280 2397 landi,
309 2359 365 2399 qui
386 2358 538 2388 librorum
561 2358 754 2398 reliquorum
778 2356 916 2394 lectioni,

190 2411 297 2451 Trqy‘u'i
313 2410 440 2448 scilicet,
457 2415 596 2439 nostram
608 2408 851 2448 posthabuerint.
876 2408 917 2438 V.

185 2462 234 2492 ed.
257 2463 422 2493 Troianus.

230 2513 310 2543 Ibid.
343 2515 499 2543 durateus.
551 2511 683 2542 Civitate
715 2510 821 2541 Roma
851 2521 917 2541 non

186 2569 343 2594 mutatam
359 2563 497 2594 Homeri
513 2562 685 2593 dictionem
701 2562 830 2593 donavit
845 2573 918 2593 nos-

185 2620 241 2645 ter.
288 2615 349 2646 Od.
367 2621 405 2646 Θ.
421 2619 493 2647 495.

226 2687 292 2714 Αλλ“
306 2697 354 2718 αγε
365 2689 394 2717 ὃν,
404 2687 536 2721 μετοιὲκθι,
549 2699 596 2715 και
607 2688 669 2715 lea-eru
681 2698 775 2722 κού-μον
787 2697 866 2714 aalma

228 2735 456 2766 ΔΟΥΡΑΤΕΟΥ,
467 2747 506 2762 τον
519 2739 602 2765 Eram
613 2746 705 2766 επωησε
716 2746 757 2763 συν
769 2736 860 2772 Αθηνῃ·

185 2797 209 2829 i.
226 2807 254 2827 e.
271 2796 381 2836 lignei,
397 2803 432 2826 ut
448 2798 637 2836 Propertius,
654 2798 698 2829 iii.
718 2801 745 2829 7.
761 2802 815 2829 42.

282 2861 509 2887 victorPanadiae
523 2863 619 2894 ligneus
630 2865 696 2889 arcis
707 2872 793 2897 equus.

193 2919 341 2960 Euripidi
371 2926 417 2951 est
445 2920 542 2963 ὂψεως
576 2923 676 2961 ἱππίας,
713 2917 829 2954 Troad.
870 2925 918 2953 14.

947 913 1044 943 quam
1070 903 1206 933 formam
1229 901 1370 942 sequitur
1388 900 1542 931 Aurelius
1558 900 1683 938 Victor,

948 954 1025 994 orig.
1050 959 1137 994 gent.
1159 955 1256 984 Rom.
1282 953 1302 983 i.
1330 955 1426 983 7.—“
1450 952 1490 982 de
1515 961 1679 982 enumera-

950 1009 970 1024 “
986 1006 1072 1036 tione
1088 1015 1210 1043 eorum,
1233 1004 1287 1045 qui
1309 1015 1385 1044 equo
1409 1005 1499 1034 durio
1526 1003 1682 1044 digredie-

950 1060 972 1075 “
988 1056 1133 1086 bantur.‘'

994 1108 1075 1138 Ibid.
1092 1114 1199 1148 partu.

950 1163 1021 1190 258.

1246 1106 1336 1136 Hine
1358 1105 1529 1146 Virgilius,
1554 1105 1630 1135 AEn.
1652 1104 1684 1136 ii.

1177 1220 1285 1245 scandit
1297 1219 1385 1244 fatalis
1399 1218 1528 1244 machina
1539 1225 1643 1250 muros,

1012 1263 1068 1284 Feta
1080 1260 1158 1284 armis
1167 1269 1176 1284 .-

952 1309 1092 1339 conferas
1118 1308 1191 1338 ibid.
1216 1318 1280 1338 ver.
1305 1312 1355 1338 20.
1390 1308 1466 1338 AEn.
1481 1307 1523 1338 vi.
1542 1310 1613 1338 516.
1636 1307 1692 1348 qui

952 1365 1114 1391 auctorem
1130 1360 1240 1389 habuit
1255 1358 1454 1398 Euripidem,
1472 1358 1493 1388 1.
1510 1368 1536 1389 c.

1107 1422 1236 1456 Eyzvpoor'
1247 1422 1316 1448 [tre-‘ov
1327 1433 1335 1449 .·

955 1482 985 1506 et
1000 1476 1220 1516 Lycophrona,
1236 1485 1297 1504 ver.
1312 1477 1388 1504 542.

1160 1549 1200 1564 ταν
1212 1538 1328 1563 ωδινοντω
1337 1547 1468 1573 ,ιωρμωτον
1482 1542 1565 1572 zazou.

956 1592 1029 1622 Hac
1055 1591 1219 1621 tralatione
1235 1590 1382 1620 licentius
1393 1590 1533 1620 abutitur
1543 1589 1699 1630 Tryphio-

955 1643 1062 1682 dorus,
1079 1653 1139 1673 ver.
1160 1645 1343 1673 582-589.
1359 1641 1486 1682 elegans
1495 1647 1600 1671 tamen
1610 1641 1698 1671 locus

957 1702 1015 1734 est,
1041 1705 1145 1736 neque
1169 1694 1333 1735 indignus,
1371 1693 1425 1734 qui
1454 1693 1488 1723 in
1518 1699 1698 1724 transcursu

957 1747 1157 1778 emendetur:

979 1813 1055 1840 Tm,-
1067 1821 1187 1846 αριστκων
1202 1815 1280 1844 λοχος
1293 1819 1404 1845 ερχεταιι,
1416 1809 1453 1838 οὖς
1466 1818 1504 1835 em
1517 1819 1632 1845 χαρμην,

979 1861 1101 1894 Τευχεσιν
1116 1869 1313 1894 αστροιπτοντας
1325 1857 1597 1892 αμαυροτατην“ΥΠΟ
1610 1867 1702 1888 voveat,

985 1909 1093 1938 ngmu
1105 1904 1206 1941 ὥριμος
1218 1905 1298 1934 itraeog'
1311 1915 1347 1931 em
1361 1905 1444 1939 χθιναι
1455 1904 1477 1930 δ’
1489 1915 1547 1940 αρτι
1559 1904 1672 1940 θοροντες,

981 1956 1014 1982 Ες
1027 1954 1101 1988 μοθσν
1117 1954 1240 1989 ὁρμκσενι
1255 1958 1405 1979 naam-wrm
1417 1956 1579 1986 πολεμισται.

968 2016 1092 2056 VulgO,
1111 2029 1165 2046 επι.
1212 2016 1257 2046 Et
1281 2015 1424 2056 ejusdem
1448 2015 1557 2055 figurae
1583 2020 1630 2044 est
1645 2024 1686 2043 ro

968 2073 1099 2111 θορσνιτες,
1128 2075 1159 2099 et
1181 2075 1246 2099 tota
1262 2069 1382 2107 phrasis
1405 2081 1451 2099 επι
1465 2071 1558 2108 χθονα
1573 2071 1704 2109 θοροντες·

966 2120 1038 2150 vide
1073 2121 1148 2150 Stat.
1175 2120 1239 2150 silv.
1267 2121 1287 2150 i.
1317 2124 1346 2150 2.
1372 2123 1442 2150 109.
1472 2119 1558 2150 unde
1581 2119 1706 2160 egregie

968 2171 1182 2201 illustrabitur
1197 2177 1313 2209 noster,
1329 2181 1356 2201 v.
1373 2174 1445 2201 224.

1002 2243 1077 2266 Tum
1091 2246 1170 2272 porro
1184 2247 1260 2271 puer,
1273 2243 1304 2263 ut
1315 2239 1393 2263 saevis
1399 2239 1524 2271 projectus
1534 2240 1567 2263 ab
1578 2240 1656 2264 undis

1006 2281 1112 2310 Navita,
1124 2281 1212 2304 nudus
1221 2279 1379 2311 humijacet,
1391 2279 1488 2309 infans,
1500 2279 1604 2311 indigus
1615 2279 1692 2304 omni

993 2320 1072 2344 Vitali
1083 2320 1194 2344 auxilio.

971 2382 1084 2418 Porro,
1104 2378 1248 2417 Ovidius,
1265 2384 1320 2409 art.
1337 2388 1399 2408 am.
1414 2377 1433 2408 i.
1450 2381 1523 2408 564.
1540 2377 1580 2408 de
1590 2377 1700 2418 Trojzi:

1029 2441 1156 2466 Militibus
1163 2438 1310 2472 gravidum
1322 2438 1387 2462 laeta
1398 2438 1499 2468 recepit
1510 2444 1611 2468 equum.

971 2492 1138 2533 Denique,
1160 2501 1234 2522 cum
1250 2490 1386 2530 potiores
1400 2489 1565 2519 videantur
1580 2487 1704 2527 dactyli,

972 2545 1096 2586 legibus
1111 2544 1203 2574 metri
1224 2553 1288 2573 non
1305 2541 1508 2576 obstantibus,
1532 2539 1704 2570 consultius

971 2597 1106 2627 fortasse
1122 2594 1344 2626 excudendum
1359 2592 1546 2623 curavissem
1561 2601 1616 2630 per
1627 2590 1701 2620 diac-

968 2649 1051 2680 resin
1073 2650 1233 2685 Tro'iam's,
1249 2652 1285 2677 ut
1302 2646 1431 2683 Seneca,
1448 2643 1562 2674 Troad.
1577 2646 1649 2673 824.

1121 2708 1192 2733 Misit
1204 2707 1314 2732 infestos
1330 2705 1411 2730 Troiae
1421 2703 1510 2727 ruinis.

1011 2761 1088 2791 Ver.
1107 2763 1178 2791 478.
1202 2769 1295 2799 equus
1305 2769 1315 2787 .·
1342 2757 1380 2786 G.
1398 2755 1445 2785 M.
1468 2764 1557 2794 equos
1562 2767 1573 2788 ;
1600 2758 1699 2783 veter-

964 2814 1083 2844 rimam
1098 2812 1295 2851 scripturam,
1311 2814 1341 2838 et
1355 2806 1492 2837 fortassis
1505 2805 1539 2835 in
1551 2805 1701 2835 Lucretio

966 2866 1162 2897 verissimam
1177 2871 1312 2904 quoque,
1328 2859 1510 2889 retinentes.

1009 2918 1084 2951 Ver.
1101 2920 1141 2947 47
1146 2920 1173 2948 9.
1198 2914 1392 2954 Perqu'cere:
1430 2917 1470 2942 Π.
1498 2912 1697 2952 Perspice.—
