1894 3253
613 281 851 331 LIBER

893 280 1204 331 PRIMUS.
1604 289 1667 330 55

299 413 432 455 Haud
453 414 578 471 igitur
596 423 769 470 possunt
788 414 842 456 ad
862 414 1036 456 nihilum
1057 428 1232 471 quaeque
1251 413 1416 456 revorti.

354 489 563 545 Denique,
586 504 650 530 res
669 489 827 530 omneis
847 489 992 530 eadem
1012 490 1072 530 vis
1092 503 1315 545 caussaque
1333 488 1456 546 volgo

179 565 262 604 240
296 563 545 614 Conficeret‚
568 565 645 604 nisi
665 564 855 605 materies
875 572 1032 605 aeterna
1051 571 1210 605 teneret

294 637 409 679 Inter
429 653 471 678 se
491 651 619 688 nexu,
646 638 782 679 minus
803 645 875 679 aut

894 638 1026 694 magis
1048 637 1309 692 indupedita;

291 712 446 753 Tactus
465 711 576 753 enim
596 712 664 754 leti
686 713 781 754 satis
801 721 904 754 esset
925 727 1067 754 caussa
1085 711 1293 768 profecto;

144 866 355 904 Nasonianus,
382 872 456 897 met.
482 877 531 897 xv'.
559 870 632 898 252.
657 867 711 908 qui
736 868 875 898 multum

142 920 222 950 lucis
237 920 395 959 impertiet
410 920 575 950 Lucretio:

467 995 612 1019 rerumque
622 989 751 1014 novatrix

171 1029 214 1053 Ex
225 1029 280 1052 aliis
289 1029 352 1053 alias
362 1032 467 1059 reparat
480 1030 580 1053 Natura
592 1028 705 1060 figuras:

172 1068 226 1092 Nec
248 1067 316 1099 perit
337 1068 364 1091 'm
389 1071 466 1092 tanto
489 1068 647 1099 quidquam,
674 1068 742 1092 mihi
761 1069 872 1098 credite,

267 1108 386 1137 rnumlo;

171 1147 222 1172 Sed
234 1147 329 1178 variat,
341 1147 492 1179 faciemque
502 1151 599 1179 novat3
619 1149 745 1179 nascique
755 1154 869 1173 vocatur

172 1188 292 1219 Incipere
303 1195 358 1213 csse
373 1188 455 1217 aliud,
472 1195 553 1219 quam
565 1189 637 1219 quod
655 1188 707 1213 suit
718 1192 798 1218 ante3
816 1196 874 1213 mo-

298 1235 372 1258 nque

172 1268 298 1292 Desinere
309 1267 372 1291 illud
383 1267 454 1292 idem
466 1275 472 1291 :
493 1274 556 1291 cum
567 1267 620 1291 sint
632 1268 685 1292 huc
696 1267 807 1293 forsitan
819 1268 873 1298 illa,

171 1309 238 1333 Haec
249 1308 375 1332 translata
386 1307 459 1337 illuc,
476 1307 583 1331 summa
600 1311 693 1333 tamen
707 1309 798 1333 omnia
810 1316 874 1334 con-

297 1350 379 1371 stant.

181 1405 259 1435 Ver.
287 1407 359 1434 258.
383 1411 513 1444 possunt
538 1407 665 1441 revorti5
693 1416 769 1436 nam
796 1416 872 1436 con-

139 1457 278 1488 tenditur
303 1467 340 1486 ea
363 1457 510 1496 primitus
535 1468 573 1487 ex
602 1457 703 1488 nihilo
727 1458 867 1489 venisse:

137 1509 212 1540 hinc
227 1510 345 1540 reverti.
389 1508 556 1548 Virgilius,
577 1519 644 1550 geo.
660 1509 692 1539 ii.
708 1513 782 1541 512.

138 1581 222 1605 Hocc’
232 1580 288 1611 ubi,
301 1586 355 1605 non
366 1587 382 1604 a
392 1580 473 1611 stirpe
484 1579 586 1609 valent,
599 1585 734 1610 caesaeque
746 1579 845 1604 reverti

139 1622 256 1644 Possunt.

137 1680 278 1709 Versum
292 1689 364 1710 vero
379 1679 423 1709 sic
439 1685 660 1719 repraesentant
677 1684 714 1710 A.
731 1685 763 1709 et
779 1684 813 1711 Σ.

136 1730 239 1761 Haud
254 1730 351 1771 igitur
360 1742 447 1771 posse
461 1730 502 1761 ad
518 1731 664 1768 nihilum,
679 1737 769 1770 puto,
785 1741 870 1771 quae-

135 1793 196 1824 que
210 1783 339 1813 reverti:
366 1792 454 1812 more
468 1782 602 1812 minime
617 1782 817 1812 Lucretiano.

179 1835 256 1864 Ver.
282 1836 355 1864 259.
384 1835 488 1863 eadem
516 1835 578 1863 vis:
604 1832 660 1862 illa
685 1843 799 1871 nempe
824 1833 870 1862 vis

134 1884 231 1915 modo
255 1889 436 1919 memorata,
465 1893 526 1913 ver.
549 1886 620 1914 254.
646 1884 814 1920 vetustatis,
839 1890 870 1914 et

133 1936 270 1968 anteacti
284 1935 446 1974 temporis,
463 1935 595 1965 exitium
606 1935 784 1966 inevitabile
798 1941 867 1966 tan-

133 1990 208 2021 dem
236 1989 422 2020 inducentis.
478 1989 568 2019 Hinc
597 1989 693 2019 etiam
723 1989 869 2020 elucescit

132 2043 303 2084 proprietas
319 2054 356 2072 τε
371 2043 542 2085 conficeret,
565 2042 647 2071 vocis
662 2041 736 2071 huic
752 2042 797 2071 rei
812 2053 867 2082 po-

131 2095 293 2126 tissimum
308 2093 426 2124 dicatae.
472 2092 600 2132 Noster,
616 2093 660 2123 iii.
678 2096 750 2124 959.

162 2163 189 2187 Si
197 2163 247 2187 tibi
257 2168 312 2187 non
323 2161 399 2186 annis
410 2168 506 2193 corpus
515 2162 574 2192 jam
586 2165 701 2192 marcet,
713 2166 740 2187 et
752 2165 825 2186 artus

161 2202 268 2234 Confecti
285 2201 425 2233 languent.

133 2255 186 2285 Ita
198 2253 364 2294 Virgilius,
382 2253 459 2283 AEn.
476 2253 516 2283 iv.
533 2256 606 2285 599.

163 2323 252 2354 Quem
272 2322 379 2346 subiisse
399 2321 529 2351 humeris,
552 2320 691 2352 confectum
713 2323 798 2351 aetate,
819 2327 865 2352 pa-

286 2365 402 2386 rentem·

132 2420 240 2451 Adeas
265 2419 360 2449 etiam
381 2419 456 2449 AEn.
476 2419 518 2449 xi.
546 2422 595 2451 85.
620 2425 652 2448 et
674 2418 775 2448 Ennii
797 2429 865 2449 ver-

131 2482 203 2502 sum
226 2481 327 2510 nuper
346 2469 519 2506 admotum,
545 2471 604 2500 sub
627 2480 689 2500 ver.
707 2473 777 2499 254.

174 2524 249 2553 Ver.
268 2526 338 2552 240.
361 2523 442 2552 nisi:
467 2521 508 2551 V.
525 2520 574 2550 ed.
593 2521 631 2550 B.
652 2527 692 2550 Π.
708 2531 772 2551 nec.

173 2575 249 2604 Ver.
276 2576 347 2603 241.
370 2583 457 2602 nexu.
505 2571 555 2601 Sic
570 2571 668 2601 vind.
697 2577 733 2601 A.
762 2577 805 2601 Π.
823 2576 857 2604 Σ.

132 2625 186 2666 qui
216 2625 310 2654 habet
345 2635 455 2654 nexum
486 2623 520 2652 in
550 2623 706 2662 margine:
748 2623 864 2661 caeteri,

128 2687 234 2714 nexus,
259 2676 309 2705 vel
331 2686 431 2706 ueras.
490 2673 599 2704 Placet
628 2673 714 2714 quod
736 2674 770 2703 in
789 2684 863 2704 con-

128 2734 218 2758 textu
235 2727 443 2759 exhibuimus
488 2726 650 2762 Lucanus,
671 2725 710 2755 iv.
729 2729 799 2758 189.

161 2797 238 2821 Nunc
250 2796 323 2826 ades,
333 2799 426 2820 eterno
439 2795 623 2827 complectens
634 2795 725 2819 omnia
735 2801 815 2819 nexu.

130 2853 298 2893 Manilius,
324 2854 356 2886 ii.
376 2858 444 2886 165.
463 2860 499 2885 ut
513 2854 692 2884 acutissime
707 2852 862 2892 rescripsit

130 2904 306 2937 Bentleius:

162 2973 206 2997 His
216 2974 350 3005 conjuncta
361 2979 453 3002 meant
463 2976 568 3002 alterno
579 2975 687 3001 brachia
698 2981 779 3000 nexu.

177 3021 269 3053 Vox..
289 3022 316 3053 1.

921 867 1095 904 Arnobius‚
1122 866 1178 898 lib.
1204 867 1226 897 i.
1256 876 1285 906 p.
1312 869 1362 896 28.
1391 869 1413 885 “
1432 866 1656 898 Christus-ea

922 926 944 941 ‘⁴
960 922 1051 952 solvit
1066 928 1097 952 et
1112 922 1198 960 vicit,
1223 932 1294 962 quae
1311 924 1468 962 perpetuis
1485 924 1611 954 nexibus
1625 928 1658 952 et

920 974 1111 1004 “immobili
1144 974 1271 1004 fuerant
1308 974 1491 1005 necessitate
1528 976 1652 1006 devinc-

919 1030 942 1044 “
958 1026 1022 1057 ίη.”

921 1080 1012 1109 Nem
1040 1084 1145 1108 autem
1161 1083 1285 1114 teneret,
1313 1082 1350 1107 ut
1366 1077 1461 1107 Maro
1481 1087 1546 1107 non
1562 1076 1654 1107 dissi-

919 1130 1046 1167 militer,
1064 1131 1139 1160 AEn.
1156 1129 1219 1158 viii.
1236 1132 1310 1160 582.
1360 1131 1522 1169 Complctu
1538 1136 1633 1160 teneo.

964 1181 1043 1211 Ibid.
1068 1182 1262 1220 indupedita.
1310 1179 1361 1209 Sic
1386 1181 1425 1210 G.
1443 1180 1479 1210 P.
1497 1180 1595 1210 vind.
1612 1180 1655 1209 V.

919 1231 966 1262 ed.
984 1233 1021 1262 B.
1045 1232 1083 1262 L.
1108 1232 1156 1261 M.
1177 1237 1212 1261 Δ.
1240 1237 1280 1261 Π.
1307 1230 1362 1260 alii
1386 1232 1582 1269 endopedita,
1606 1229 1657 1261 vei

918 1285 1108 1323 z‘ndchedz'te,
1136 1289 1172 1313 ut
1199 1288 1234 1314 Σ.
1261 1283 1332 1313 vide
1355 1293 1412 1313 nos
1434 1283 1586 1322 superius,
1615 1282 1656 1313 ad

917 1344 978 1365 ver.
1010 1338 1059 1365 85.
1109 1335 1153 1365 Et
1182 1341 1275 1365 rectae
1305 1335 1547 1365 constructionis
1574 1335 1656 1365 foret

916 1387 1126 1427 indupedzffis,
1154 1398 1269 1426 nempe
1285 1399 1342 1425 res,
1367 1398 1428 1418 ver.
1452 1391 1523 1419 259.
1551 1387 1655 1417 sedin

916 1445 1066 1469 neutrum
1094 1450 1196 1480 genus
1226 1440 1271 1470 ita
1300 1439 1416 1477 delabi,
1447 1444 1479 1469 et
1504 1439 1651 1478 vicissim,

914 1491 994 1521 solet
1020 1492 1052 1522 in
1079 1492 1128 1522 his
1154 1497 1267 1523 noster.
1316 1492 1461 1522 Similem
1475 1491 1580 1522 videre
1607 1498 1655 1522 est

915 1543 1121 1574 variationem
1135 1544 1170 1574 in
1185 1555 1263 1576 verr,
1282 1548 1355 1580 216,
1380 1547 1453 1575 217.
1479 1555 1554 1575 nam
1577 1545 1654 1575 ordo

915 1601 974 1626 est:
1003 1600 1025 1614 ‘⁴
1043 1597 1115 1626 Nisi
1129 1596 1276 1627 materies
1292 1603 1409 1627 aeterna
1423 1603 1544 1628 teneret
1558 1597 1655 1628 indu-

916 1651 940 1666 “
955 1648 1062 1687 pedita
1076 1659 1161 1679 nexu
1178 1649 1285 1679 minus
1297 1655 1351 1679 aut
1366 1650 1468 1690 magis
1483 1650 1565 1679 inter
1579 1649 1653 1679 se:'’

915 1699 959 1728 ita
974 1706 1012 1730 ut
1032 1701 1064 1730 vi
1086 1700 1208 1740 majore
1230 1700 1279 1730 vel
1294 1701 1418 1730 minore
1439 1699 1566 1730 dissolvi
1581 1710 1652 1739 pos-

915 1755 979 1784 sint
993 1756 1092 1785 resin
1120 1765 1176 1784 sua
1191 1754 1375 1794 primordia,
1398 1764 1473 1784 mox
1499 1754 1533 1783 in
1557 1761 1653 1785 novas

914 1806 1032 1845 species
1066 1805 1238 1844 coaliturae,
1277 1806 1332 1836 sed
1362 1805 1537 1835 interiturae
1565 1816 1650 1836 nun-

913 1868 1017 1898 quam.

957 1911 1031 1940 Ver.
1060 1914 1131 1940 242.
1181 1912 1314 1941 Tactus:
1342 1916 1382 1940 Π.
1411 1916 1524 1945 τεσιιιες
1552 1909 1590 1940 P.
1606 1910 1650 1941 V.

912 1962 962 1993 ed.
980 1963 1017 1993 B.
1044 1968 1079 1993 A.
1101 1969 1237 1993 tractus:
1263 1972 1329 1992 non
1350 1962 1464 2001 probo;
1496 1962 1650 1993 succurrit

912 2022 1017 2045 tamen
1050 2015 1217 2053 Horatius,
1255 2025 1351 2056 quem
1380 2024 1547 2054 apponam,
1585 2016 1649 2046 huc

912 2068 1055 2109 quamvis
1078 2078 1161 2109 azgre
1185 2068 1453 2109 obtorquendum,
1479 2073 1535 2099 sat.
1557 2067 1590 2099 ii.
1617 2072 1647 2099 6.

912 2119 965 2151 fin.

1356 2186 1404 2211 sed
1414 2193 1461 2211 me

971 2235 1117 2267 Imperiosa
1127 2234 1206 2259 trahit
1218 2234 1378 2267 Proserpina.

910 2299 986 2329 Hoc
1000 2299 1077 2330 dicit
1091 2306 1209 2330 noster:
1237 2304 1260 2319 “
1278 2300 1311 2330 Si
1322 2300 1371 2330 vel
1385 2305 1528 2340 tangeret
1539 2300 1645 2339 Mors,

910 2353 933 2368 ‘⁶
950 2351 1059 2381 omnia
1073 2351 1226 2390 perirent:
1253 2357 1284 2381 et
1305 2357 1441 2382 mortem
1456 2351 1572 2381 valeret
1593 2352 1643 2381 in-

912 2406 933 2420 “
948 2402 1029 2433 serre
1044 2404 1136 2433 rebus
1152 2413 1219 2433 non
1235 2404 1358 2434 aeternis
1372 2403 1420 2434 vel
1432 2409 1578 2442 vetustaS,
1596 2403 1646 2434 vel

911 2456 933 2472 “
948 2454 1010 2484 alia
1024 2454 1157 2485 demum
1172 2455 1288 2496 quaevis
1303 2455 1445 2485 caussa.”

951 2508 1034 2538 Ibid.
1050 2510 1127 2539 satis
1141 2519 1269 2540 caussa:
1294 2508 1314 2538 i.
1330 2519 1358 2538 e.
1382 2509 1537 2549 szffciens
1551 2517 1642 2538 caus-

907 2569 952 2596 sa,
977 2558 1108 2597 idonea;
1131 2570 1208 2589 nam
1224 2559 1413 2589 vocabulum
1437 2561 1513 2589 satis
1539 2558 1643 2600 adjec-

908 2611 964 2641 tivi
979 2611 1082 2642 officio
1096 2611 1253 2652 fungitur,
1277 2611 1421 2640 omnium
1436 2620 1590 2650 generum
1605 2622 1645 2642 ac

907 2672 1127 2693 numerorum:
1155 2662 1248 2692 adeas
1263 2672 1312 2699 ea,
1339 2672 1409 2702 quae
1432 2663 1589 2702 congessit
1609 2668 1642 2693 et

908 2714 1076 2753 disputavit
1108 2714 1294 2743 staverenus
1330 2713 1370 2743 ad
1403 2713 1527 2745 Comel.
1558 2715 1639 2754 Nep.

907 2765 1121 2805 Epaminond.
1148 2775 1213 2804 cap.
1235 2768 1264 2795 4.
1309 2765 1399 2796 Hinc
1423 2766 1643 2798 emendandus

907 2824 954 2848 est
968 2817 1145 2853 Terentius,
1165 2816 1249 2847 And.
1266 2817 1287 2848 i.
1307 2821 1334 2848 1.
1350 2821 1380 2849 5.

1055 2887 1145 2912 Redeo
1156 2886 1218 2912 inde
1229 2887 1322 2918 iratus,
1333 2890 1416 2919 atque
1426 2894 1501 2920 aegre
1511 2887 1612 2913 ferens:

921 2928 975 2951 Nec
985 2926 1048 2950 satis
1057 2926 1091 2950 ad
1103 2927 1299 2958 objurgandum
1311 2933 1410 2952 caussa.
1444 2927 1566 2957 Diceret„

921 2966 993 2997 Quid
1004 2965 1074 2991 fecie

875 3023 906 3053 Ε
