1894 3253
237 272 292 310 18

732 259 792 308 Τ.
846 257 1233 306 LUCRETII

291 398 344 435 55
378 393 597 448 Adpellare
617 392 794 439 suemus,
817 396 858 430 et
876 388 968 430 haec
988 389 1131 430 eadem
1151 403 1348 444 usurpare

374 468 562 522 Corpora
581 465 731 520 prima,
755 463 867 519 quod
887 478 940 504 ex
959 463 1035 504 illis
1056 470 1151 504 sunt
1170 463 1310 504 omnia
1328 462 1483 518 primis.

369 541 539 594 [Omnis
560 540 670 581 enim
690 553 764 594 per
785 553 826 578 se
846 536 986 578 divom
1006 545 1338 578 naturamecesse
1358 545 1420 579 est

370 615 584 657 Inmortali
604 629 694 655 aevo
714 612 873 655 summa
904 627 998 653 cum
1017 627 1119 667 pace
1136 611 1312 662 fruatur,

370 691 539 732 Sernota
558 689 609 730 ab
630 689 779 730 nostris
800 688 935 737 rebus,
961 687 1220 743 sejunctaque
1239 686 1380 744 longe3

287 769 342 804 60
375 764 501 814 Nam,
526 764 687 819 privata
706 763 849 805 dolore
869 763 999 812 omni,
1023 762 1182 817 privata
1201 761 1376 816 periclis,

370 838 466 893 Ipsa
486 838 567 879 suis
586 838 742 893 pollens
763 837 925 893 opibus,
947 835 1051 876 nihil
1069 835 1213 892 indiga
1231 835 1378 884 nostri,

368 912 459 954 Nec
479 913 584 953 bene
604 912 837 966 promeritis
859 911 1034 966 capitur,
1057 925 1133 951 nec
1154 910 1337 966 tangitur
1355 907 1452 961 ira]

634 1049 771 1082 plagisque
780 1052 904 1081 perempto

251 1095 345 1118 Tunsa
355 1099 402 1124 per
413 1092 546 1123 'integram
558 1091 701 1115 solvuntur
714 1090 815 1115 viscera
826 1089 934 1121 pellem.

265 1151 339 1182 Ver.
360 1155 409 1186 55,
432 1154 482 1181 54.
494 1152 646 1189 genitalia
662 1149 949 1188 corpora—semina

379 1201 472 1232 Idem
487 1202 592 1236 IMaro,
609 1199 682 1229 ibid.
698 1199 731 1229 ii.
749 1202 821 1228 324.

253 1264 321 1288 Vere
329 1264 437 1286 tument
449 1264 541 1289 tei-rat,
553 1263 579 1284 et
585 1258 707 1291 genitalia
718 1258 812 1282 semina
824 1262 948 1290 poscunt.

221 1312 304 1342 Haec
319 1316 436 1347 autem,
461 1319 534 1339 cum
559 1309 655 1338 Vacui
683 1307 834 1345 doctrina,
859 1313 949 1337 erant

218 1373 238 1393 e
254 1361 429 1392 Democriti
452 1359 606 1390 thesauris
630 1360 771 1398 Epicuro
794 1365 948 1398 prompta;

220 1424 295 1444 nam
313 1414 351 1444 de
368 1413 422 1443 illo
445 1413 488 1443 sic
505 1412 667 1452 Diogenes
691 1411 836 1442 La‘e'rtius
858 1411 947 1441 lucu-

219 1466 331 1504 lenter,
348 1467 388 1496 ix.
406 1469 454 1495 44.
491 1470 575 1495 Δοκει
600 1463 626 1495 δε
643 1477 723 1504 αμα-ῳ
740 1463 821 1494 nxz·
843 1469 949 1506 Αξχας

895 1521 951 1545 Ka!

220 1583 275 1604 *Τάς
303 1581 415 1609 ατσμὲς
442 1568 470 1599 δὲ
491 1581 607 1610 απεΙξὲς
635 1581 700 1598 ΕΙναΙ
725 1580 808 1598 κατα
833 1570 950 1608 μέγξρθς

220 1215 333 1234 rerum·

220 1531 285 1549 ξλναί
314 1532 369 1548 ‘rom
394 1518 465 1547 ὅλων
496 1529 620 1555 ατομξίς,
649 1529 698 1546 καί
723 1529 804 1546 κενον.

218 1637 269 1654 και
286 1625 404 1656 πλῆθος·
420 1624 546 1665 φεξεσθαι
562 1621 588 1652 δε
607 1635 630 1652 εν
654 1634 695 1660 τῳ
721 1621 779 1661 ὅλῳ
799 1621 951 1660 δινεμενας,

219 1689 270 1706 xa!
283 1676 355 1706 Ot‘tffcd
372 1687 474 1705 stava-d
490 1688 530 1705 ⁴7·oe
546 1687 740 1716 συγκξλματα
757 1686 867 1714 γεννᾳν)
882 1687 949 1716 Vtile,

219 1727 298 1769 ὕδωρ,
315 1739 397 1769 αερα,
415 1740 478 1766 γῆν.

258 1779 334 1808 Ver.
351 1780 403 1808 55.
422 1787 588 1816 usurpare:
615 1776 634 1806 i.
651 1786 676 1805 e.
692 1776 949 1806 vocare—nomi-

217 1839 528 1867 nare—nuncupare.
553 1827 672 1863 Cicero,
687 1827 720 1856 in
731 1827 847 1857 Timaei
863 1827 947 1867 frag-

216 1887 335 1917 mento,
352 1891 419 1919 cap.
435 1881 477 1910 xi.
505 1884 526 1898 “
544 1879 703 1918 Deinceps
724 1879 839 1910 Jovem
854 1885 948 1919 atque

219 1937 242 1952 “
258 1934 281 1964 J
283 1943 433 1968 unonem‚
451 1932 598 1972 reliquos,
608 1942 685 1971 quos
694 1931 803 1960 fratres
812 1932 893 1960 inter
904 1942 946 1966 se,

217 1987 240 2003 ‘⁶
255 1989 459 2024 agnatosque,
495 1984 643 2022 usurpari
672 1988 765 2021 atque
795 1984 948 2021 amiellarz'

217 2040 240 2055 ‘⁶
255 2034 429 2065 videmus-”
478 2034 570 2064 Idem
596 2033 635 2064 de
666 2033 745 2063 offic.
776 2033 808 2064 ii.
848 2037 944 2063 ll.—-

216 2091 240 2106 ‘⁵
255 2097 349 2128 quem
368 2087 401 2116 C.
418 2085 546 2123 Laelius,
562 2085 599 2123 is,
616 2084 669 2125 qui
682 2084 803 2123 sapiens
816 2095 946 2124 usurpa-

216 2141 240 2158 “
256 2145 318 2176 tur,
345 2137 469 2178 fregit.’'
515 2136 640 2166 Ennius
671 2135 755 2175 apud
789 2135 945 2174 Nonium,

216 2201 290 2222 voce
312 2191 469 2221 Tumulti:

247 2248 316 2281 Quid
327 2249 379 2272 hoc
386 2247 428 2271 hic
438 2246 584 2271 clamoris‘?
598 2246 661 2277 quid
670 2245 782 2270 tumulti
792 2247 846 2271 est?
858 2252 946 2271 nomen

341 2288 386 2319 qui
398 2290 504 2319 usurpat
516 2293 608 2311 meum
618 2288 626 2311 ἒ

216 2338 279 2374 Sic,
296 2338 416 2377 opinor,
439 2336 619 2367 scribendus
645 2342 691 2366 est
707 2341 737 2366 et
754 2336 948 2366 ordinandus

216 2401 333 2428 versus,
349 2396 385 2420 ut
397 2389 450 2430 qui
463 2389 502 2419 sit
514 2389 665 2419 iambicus
677 2394 856 2419 tetrameter
865 2403 942 2420 ακιι-

218 2449 383 2475 ιταλκκτος.
432 2439 618 2477 Columella,
632 2450 658 2470 V.
675 2444 703 2470 6.
723 2443 839 2470 11.—-“
855 2441 944 2470 tabu-

217 2498 238 2512 “
253 2493 316 2522 lata
328 2491 520 2522 instituenda
534 2497 620 2521 sunt:
648 2492 707 2521 hoc
723 2491 809 2521 enim
826 2494 946 2523 nomine

217 2547 238 2562 “
251 2550 402 2583 usurpant
411 2543 555 2584 agricolae
565 2553 668 2573 ramos
676 2548 863 2583 truncosque
873 2554 943 2583 pro-

218 2597 240 2614 “
255 2594 440 2625 minentes.''

263 2646 336 2675 Ver.
353 2650 402 2676 56.
425 2649 522 2686 quod:
561 2653 601 2677 Π.
634 2648 778 2687 quidem:
812 2656 896 2676 error
925 2657 944 2677 a

219 2709 307 2739 quom
337 2699 486 2736 manavit.
512 2699 765 2738 interpretatione
792 2712 830 2730 τε
854 2701 943 2740 quod,

218 2749 341 2781 brevius
356 2755 388 2779 et
401 2749 579 2781 indistincte
594 2750 714 2791 scripta.

262 2801 339 2830 Ver·
371 2803 421 2831 57.
467 2801 620 2832 Alienum
654 2803 760 2833 locum
790 2809 944 2842 occupant

217 2851 304 2884 haud
318 2851 413 2882 dubie
428 2852 460 2882 hi
475 2864 526 2883 sex
539 2865 654 2892 versuS,
671 2861 702 2885 et
716 2857 822 2886 abesse
833 2855 943 2886 dicun-

219 2910 272 2935 tur
297 2903 484 2945 quibusdam
505 2904 591 2935 libris
614 2911 683 2936 tum
698 2917 796 2936 manu
811 2906 941 2946 scriptis,

219 2961 291 2986 tum
315 2955 405 2986 editis
432 2956 671 2988 recentioribus:
698 2963 779 2988 certe
801 2968 867 2989 non
892 2958 944 2988 hic

995 1048 1144 1089 leguntur
1167 1048 1201 1077 in
1222 1048 1263 1078 V.
1287 1047 1336 1078 ed.
1363 1051 1400 1077 Δ.
1420 1053 1461 1077 Π.
1477 1051 1512 1078 Σ.
1558 1046 1592 1076 Si
1615 1046 1647 1076 in
1670 1048 1728 1078 hac

995 1100 1127 1130 statione
1146 1110 1251 1129 revera
1266 1099 1405 1138 posuerit
1416 1098 1516 1138 po'eta,
1533 1098 1576 1128 ita
1586 1105 1631 1129 est
1645 1099 1729 1138 capi-

995 1154 1087 1192 enda,
1114 1165 1179 1184 non
1205 1154 1279 1184 satis
1295 1153 1465 1194 sequaciter
1482 1153 1643 1192 continua,
1667 1165 1730 1184 ser-

994 1206 1097 1236 monis
1112 1207 1216 1243 series,
1233 1212 1263 1236 et
1279 1212 1415 1245 potestas
1430 1206 1623 1246 argumenti:
1643 1210 1664 1224 “
1677 1207 1729 1237 Ex

996 1263 1015 1275 ‘⁴
1031 1257 1104 1295 illis,
1121 1258 1261 1298 inquam,
1278 1258 1387 1296 primis
1403 1258 1584 1297 corporibus
1601 1257 1682 1287 fiunt
1697 1264 1730 1288 et

994 1312 1016 1327 “
1033 1309 1217 1339 exoriuntur
1233 1309 1339 1339 omnia
1345 1321 1355 1346 3
1379 1319 1443 1339 non
1455 1319 1493 1338 ex
1504 1308 1637 1339 artificio
1652 1308 1726 1339 deo-

994 1363 1014 1377 “
1031 1370 1102 1390 rum
1114 1360 1235 1391 ducunt
1247 1360 1413 1400 originem,
1427 1361 1465 1390 ab
1474 1360 1623 1389 humanis
1635 1361 1729 1390 rebus

996 1415 1016 1429 “
1032 1411 1127 1452 longe
1142 1411 1298 1452 longeque
1314 1411 1540 1451 sejunctorum,
1564 1421 1639 1450 pace
1661 1410 1727 1440 fru-

995 1467 1017 1481 “
1034 1464 1158 1493 entium
1173 1463 1356 1499 immortali,
1380 1473 1437 1493 nec
1462 1474 1494 1493 se
1517 1462 1648 1492 terrenis
1664 1461 1730 1492 ulla

995 1518 1017 1533 “
1034 1521 1125 1545 tenus
1141 1514 1417 1545 immiscentium.”
1452 1514 1532 1544 Erat
1546 1513 1643 1543 etiam
1658 1524 1728 1543 sen-

996 1567 1094 1597 tentia
1121 1567 1270 1605 Bentleii,
1303 1567 1440 1596 intrusos
1462 1576 1527 1596 esse
1549 1565 1624 1595 huic
1646 1565 1728 1604 loco,

996 1618 1084 1648 nulla
1099 1629 1173 1648 cum
1188 1618 1440 1657 tempestivitate,
1457 1623 1646 1647 memoratos
1660 1627 1727 1647 ver-

996 1680 1056 1699 sus,
1094 1669 1137 1699 Et
1148 1669 1283 1709 margini
1301 1669 1374 1698 MS.
1393 1675 1437 1699 Ω.
1454 1678 1568 1698 manus
1579 1668 1730 1698 vetustior

995 1722 1061 1751 haec
1076 1721 1187 1751 illevit:
1217 1725 1237 1738 ‘⁶
1255 1720 1303 1750 Hi
1324 1731 1377 1750 sex
1401 1730 1508 1750 versus
1530 1730 1568 1749 ex
1591 1720 1729 1750 secundo

996 1775 1017 1789 “
1032 1772 1111 1802 libro
1126 1772 1159 1802 in
1175 1773 1259 1801 hunc
1279 1771 1385 1801 locum
1402 1771 1545 1802 translati
1561 1777 1646 1809 sunt,
1663 1781 1728 1800 non

994 1827 1015 1841 “
1032 1825 1131 1862 po'e'tae
1157 1822 1263 1863 opera,
1290 1823 1344 1854 sed
1369 1823 1559 1862 scriptomm
1574 1823 1725 1863 ignoran-

994 1879 1014 1893 “
1030 1874 1104 1905 ῐίῖι.”

1037 1926 1109 1956 Ver.
1133 1930 1182 1957 65.
1195 1925 1281 1967 fede.
1327 1926 1484 1964 Isidorus,
1508 1925 1607 1966 origg.
1631 1927 1650 1957 i.
1677 1932 1728 1959 26.

992 1980 1014 1996 “
1031 1979 1145 2012 Γαίας,
1169 1977 1254 2017 quod
1276 1983 1322 2007 est
1337 1977 1498 2015 deformis,
1529 1988 1583 2016 per
1596 1989 1612 2008 e
1628 1979 1728 2009 solam

994 2031 1016 2045 “
1032 2027 1245 2057 scribendum:
1262 2027 1382 2067 foedus,
1406 2028 1491 2067 quod
1519 2035 1564 2057 est
1586 2035 1726 2068 pactum,

993 2080 1015 2096 ‘⁶
1030 2088 1104 2108 cum
1126 2089 1152 2107 α’
1175 2078 1369 2118 diphthongo
1385 2078 1625 2108 scribendum:''
1650 2081 1722 2120 qui-

991 2130 1048 2159 bus
1078 2129 1263 2168 astipulatur
1302 2128 1389 2159 Beda
1419 2129 1457 2159 de
1487 2131 1725 2170 orthographia,

990 2181 1075 2220 apud
1091 2181 1233 2211 Putschii
1248 2181 1448 2219 collectanea,
1465 2192 1495 2220 p·
1514 2185 1608 2213 2535.

1035 2233 1107 2263 Ver.
1125 2237 1174 2264 64.
1193 2235 1361 2272 Religione.
1393 2233 1532 2263 Literam
1547 2244 1613 2264 non
1622 2235 1725 2275 gemi-

992 2296 1107 2316 namus
1121 2285 1154 2315 in
1171 2285 1316 2315 similiter
1332 2285 1513 2324 compositis
1526 2296 1581 2325 per
1597 2297 1726 2317 omnem

991 2336 1185 2372 Lucretium,
1218 2336 1387 2376 antiquiori
1410 2337 1633 2367 consuetudini
1655 2348 1723 2369 mo-

992 2399 1058 2420 rem
1081 2394 1231 2429 gerentes.
1275 2389 1403 2427 Fabius,
1427 2389 1511 2419 instt.
1535 2396 1612 2420 orat.
1639 2390 1658 2419 i.
1692 2393 1722 2422 7.

991 2446 1013 2461 “
1032 2440 1242 2471 Semivocales
1279 2451 1343 2471 non
1371 2441 1545 2481 geminare,
1577 2441 1634 2472 diu
1663 2441 1725 2471 fuit

991 2498 1013 2513 “
1029 2493 1225 2524 usitatissimi
1238 2493 1362 2523 moris.'’
1393 2492 1484 2523 Adeo
1493 2499 1529 2523 ut
1538 2481 1726 2534 neutiquam

990 2550 1030 2579 sit
1059 2547 1218 2579 audienda
1252 2547 1372 2577 Donati
1398 2547 1505 2586 opinio
1534 2546 1568 2576 in
1597 2546 1723 2576 Terent.

992 2603 1077 2633 And.
1093 2602 1169 2642 prol.
1187 2604 1239 2632 25.
1264 2600 1304 2631 ad
1317 2611 1421 2641 quem,
1437 2600 1462 2630 si
1475 2599 1554 2629 tanti
1565 2598 1615 2636 sit,
1632 2604 1663 2629 te
1672 2608 1721 2629 re-

987 2654 1090 2693 cipias.

990 2707 1071 2736 Haec
1095 2704 1317 2746 orthographia
1342 2713 1407 2734 non
1428 2701 1598 2742 geminatae
1620 2701 1719 2731 literae

988 2757 1101 2788 fefellit
1115 2757 1256 2788 librarios
1268 2756 1309 2787 ad
1324 2753 1460 2786 Homeri
1475 2754 1582 2793 hymn.
1600 2752 1633 2782 in
1648 2753 1718 2784 Cer.

987 2819 1048 2839 ver·
1066 2813 1094 2840 7.

1027 2865 1108 2890 Ανθεοι
1117 2863 1139 2890 τ’
1152 2872 1286 2897 οιανυμενκν,
1297 2861 1366 2896 ῥοδα,
1378 2870 1425 2886 και
1437 2870 1532 2895 κξοκον,
1545 2858 1582 2888 ηδ’
1592 2869 1621 2885 ¹oe
1629 2864 1716 2890 κοιλω,

1026 2911 1128 2945 Auium?
1139 2915 1280 2945 οιμοιλαικον
1288 2916 1299 2935 .·

986 2968 1056 2998 quae
1071 2963 1160 2987 vetus
1174 2961 1240 2986 erat
1256 2954 1420 2993 scriptura,
1444 2952 1665 2993 posterioribus
1679 2952 1712 2982 in
