1894 3253
219 246 311 294 276

725 238 784 284 T.
822 232 1200 283 LUCRETII

357 374 413 415 Et
432 370 575 413 validei
595 369 738 418 silices,
760 382 807 408 ac
827 366 920 408 duri
940 365 1090 406 robora
1108 362 1221 413 ferri,

245 453 328 489 450
360 446 561 500 AEraque,
584 458 677 499 quae
697 442 879 484 claustris
899 439 1093 481 restantia
1114 436 1397 479 vociferantur.

357 521 432 562 Illa
452 519 619 575 quidem
639 517 790 558 debent
810 531 862 557 ex
880 514 1048 556 laevibus
1069 522 1190 569 atque
1210 512 1397 554 rotundis

358 595 458 636 Esse
477 593 621 650 magis,
643 591 771 632 fluido
791 606 883 646 quae
904 603 1076 644 corpore
1095 587 1248 643 liquida
1268 593 1474 636 constant3

360 667 551 723 Namque
569 665 781 721 papaveris
800 664 968 705 haustus
988 663 1086 703 item
1106 669 1165 702 est
1185 660 1309 701 facilis
1329 659 1440 716 quod
1461 673 1673 716 aquarumz

359 742 448 783 Nec
469 741 695 781 retinentur
715 739 824 780 enim
845 739 951 778 inter
971 752 1012 778 se
1032 735 1325 793 glomeramina
1345 749 1536 790 quaeque,

359 816 415 857 Et
433 829 652 870 procursus
673 814 770 854 item
790 811 969 867 proclive
989 809 1173 851 volubilis
1195 816 1337 849 exstat.

214 990 451 1021 tri—robustum
467 992 616 1022 aratrum,
629 991 665 1016 ut
675 987 770 1025 probe
780 984 934 1025 Heynius:

214 1042 285 1073 vide
300 1048 452 1078 nostrum,
469 1039 488 1070 i.
505 1042 576 1069 881.
602 1039 675 1068 Hoc
686 1038 781 1068 etiam
793 1037 940 1067 Valerius

215 1094 346 1125 Flaccus
361 1092 534 1123 imitatione
549 1090 605 1121 sua
619 1092 740 1130 probat,
757 1090 878 1130 Argon.
889 1089 938 1120 vii.

215 1148 286 1176 555.

347 1210 405 1235 pars
417 1203 466 1227 diri
475 1206 584 1234 portant
593 1209 679 1234 grave
696 1201 772 1226 robur
782 1201 863 1225 aratri
874 1210 883 1226 .-

215 1254 412 1285 αιίαπιαηιίηί
420 1252 540 1292 utique,
550 1251 708 1291 velfi’rrei.
726 1249 830 1289 Apoll.
838 1249 939 1279 Rhod.

216 1305 258 1334 iii.
278 1307 367 1334 1285.
414 1302 506 1332 Pind.
527 1302 619 1341 Pyth.
641 1301 681 1330 iv.
700 1304 771 1330 418.
817 1300 939 1329 Admo-

215 1356 292 1386 dum
308 1360 436 1384 venuste
449 1353 602 1390 Avienus,
617 1353 679 1382 orb.
697 1351 776 1382 desc.
792 1354 864 1382 554.

245 1425 360 1447 vomere
372 1428 434 1453 quae
446 1422 523 1450 duro,
533 1426 594 1451 quae
605 1419 677 1451 longi
687 1419 795 1451 pondere
805 1418 898 1448 aratri,

246 1462 391 1487 solicitavit
402 1460 527 1484 humum.

256 1526 331 1555 Ver.
349 1527 419 1556 450.
442 1535 526 1564 quae:
552 1523 595 1553 V.
617 1523 665 1553 ed.
694 1529 733 1553 Π.
762 1533 940 1563 querque.—

215 1577 436 1617 wcifizrancur:
464 1576 504 1605 V.
522 1574 568 1604 ed.
587 1575 625 1604 Ο.
644 1581 684 1604 Π.
701 1578 734 1604 Σ.
754 1573 939 1613 voceferan-

215 1636 282 1665 tur5
300 1634 330 1658 et
341 1628 445 1658 forsan
461 1637 543 1664 vere,
555 1627 579 1656 si
595 1628 686 1656 verba
699 1626 942 1666 conjungantur-3

214 1691 314 1721 quum
329 1680 444 1720 passim
460 1680 628 1721 αρχαϊσμες
653 1678 881 1718 orthographiae
904 1678 942 1707 li-

216 1733 308 1763 brarii
325 1732 567 1768 obliteraverint‚
583 1740 717 1770 quorum
733 1740 790 1760 nos
804 1735 943 1759 tantum-

216 1784 312 1814 modo
322 1784 509 1824 perpaucula
519 1782 662 1823 quaedam
675 1782 856 1821 specimina,
866 1792 943 1821 quo-

216 1836 274 1866 ties
302 1834 471 1865 scintillula
492 1834 572 1864 forte
601 1832 729 1863 fortuna
758 1833 875 1874 quaevis
906 1843 944 1862 ex

215 1887 372 1917 codicibus
385 1886 542 1923 emicaret,
556 1885 623 1915 ausi
635 1895 743 1915 sumus
754 1884 943 1915 resuscitare.

216 1939 301 1969 Vide
326 1938 474 1968 Vossium
497 1937 537 1967 ad
563 1935 676 1966 Catull.
701 1946 729 1975 p.
759 1939 826 1967 170.
851 1946 945 1976 quem

218 1990 326 2020 laudat
343 1990 517 2030 PreigeruS.

221 2042 389 2079 Caeterum,
406 2040 573 2070 illustrabit
589 2045 729 2069 nostrum
746 2040 850 2077 Maro,
868 2040 943 2069 AEn.

219 2093 237 2122 i.
255 2095 326 2122 449.

436 2148 539 2180 foribus
550 2148 630 2173 cardo
642 2147 761 2172 stridebat
771 2148 869 2172 ahenis.-

219 2212 314 2243 quam
331 2201 491 2230 notionem
508 2210 563 2238 pro
578 2198 706 2239 ingenio
721 2209 778 2228 suo
800 2198 942 2228 sublimi-

218 2264 256 2283 us
278 2251 390 2282 cxtulit
406 2251 562 2281 Miltonus
590 2255 719 2285 nostras,
745 2249 815 2279 Par.
840 2249 942 2278 amiss.

218 2303 248 2334 ii.
266 2307 335 2333 881.

629 2379 663 2397 on
675 2372 744 2397 their
756 2371 848 2403 hinges
856 2374 929 2403 grate

250 2414 332 2437 Harrh
345 2413 463 2437 munder.

219 2471 357 2509 Interea,
373 2470 597 2501 divinationem
617 2469 752 2500 Bentleii
768 2470 873 2499 minus
888 2480 941 2499 ne-

218 2521 382 2552 cessariam
397 2527 484 2561 puto,
508 2521 561 2561 qni
583 2521 812 2551 rescribendum
829 2521 940 2551 voluit:

244 2584 370 2613 AEraque,
381 2589 438 2614 φιτ
448 2582 567 2606 claustris
577 2581 724 2606 restantihu’
736 2581 927 2605 vociferantur.

261 2632 339 2662 Ver.
357 2634 428 2662 451.
444 2634 583 2671 quidem:
604 2631 701 2662 Vind.
720 2637 759 2661 Π.
774 2637 818 2661 Ω.
835 2637 944 2661 autem.

221 2683 400 2713 —laevz‘bus:
429 2682 469 2712 O.
487 2689 526 2712 Π.
542 2684 668 2713 lenibus.

265 2732 338 2763 Ver.
354 2736 426 2763 452.
438 2735 561 2774 fluido:
588 2735 629 2764 V.
645 2733 693 2763 ed.
698 2735 944 2774 fluvido.—con-

222 2788 320 2812 stant:
348 2782 387 2812 Ο.
405 2790 445 2813 Π.
462 2790 497 2815 Σ.
513 2790 638 2816 constat.

223 2832 335 2869 Porro,
351 2833 404 2872 qui
419 2836 566 2874 sequitur,
584 2847 689 2867 versus
705 2836 866 2867 communi
882 2836 947 2867 fere

223 2882 379 2917 editorum
388 2893 540 2918 consensu
551 2898 608 2927 pro
619 2887 793 2919 adulterino
805 2889 947 2927 habetur,

982 989 1074 1023 atque
1084 982 1121 1011 ab
1131 981 1262 1021 hujusce
1273 979 1333 1010 loci
1342 978 1494 1009 sententia
1503 978 1701 1010 alienissimm

982 1043 1081 1074 quum
1096 1042 1168 1062 vero
1182 1032 1216 1061 in
1231 1030 1378 1061 omnibus
1392 1030 1479 1060 libris
1490 1030 1585 1060 MSS.
1602 1036 1632 1060 et
1643 1031 1706 1069 pri-

983 1085 1042 1114 mis
1058 1083 1254 1118 editionibus,
1267 1088 1303 1112 ut
1317 1081 1449 1119 videtur,
1466 1086 1653 1120 compareat,
1669 1081 1709 1112 de

983 1140 1129 1166 contextu
1142 1133 1231 1164 nolui
1247 1133 1393 1173 ejectum,
1409 1138 1446 1162 ut
1460 1132 1593 1162 aliorum
1608 1132 1708 1163 edito-

983 1197 1055 1216 rum
1065 1184 1231 1216 consilium
1241 1184 1311 1221 fuit,
1323 1183 1376 1214 sed
1387 1183 1586 1213 solummodo
1597 1193 1709 1214 nume-

984 1248 1091 1268 rorum
1107 1236 1215 1267 ordine
1231 1242 1407 1275 exceptum,
1425 1245 1464 1265 ne
1480 1235 1554 1265 hinc
1565 1236 1709 1266 omnium

983 1288 1183 1329 sequentium
1220 1287 1311 1317 series
1355 1287 1540 1317 turbaretur.
1600 1286 1711 1327 Neque

984 1342 1128 1383 equidem
1145 1352 1216 1371 cum
1232 1341 1293 1370 illis
1308 1341 1416 1377 sentim
1433 1341 1485 1381 qui
1496 1351 1570 1371 eum
1579 1342 1712 1373 omnino

984 1393 1145 1432 illepidum
1164 1399 1194 1423 et
1210 1393 1463 1431 intempestivum
1478 1392 1636 1432 judicant3
1660 1393 1715 1424 sed

984 1445 1084 1475 tacitae
1115 1443 1281 1484 objectioni
1304 1449 1413 1482 putem
1441 1443 1626 1473 Lucretium
1655 1445 1715 1475 hoc

984 1496 1167 1535 interposito
1179 1496 1222 1524 ire
1233 1495 1355 1524 obviam
1365 1493 1514 1530 voluisse;
1529 1494 1616 1534 quasi
1628 1495 1716 1526 dixe-

986 1554 1047 1578 rat:
1076 1553 1097 1567 “
1118 1549 1157 1579 In
1184 1548 1393 1587 superioribus
1413 1546 1564 1576 affirmavi
1579 1547 1716 1587 quidem,

988 1605 1010 1619 “
1029 1611 1065 1630 ea
1082 1611 1222 1640 corpora,
1238 1599 1350 1639 quibus
1365 1598 1463 1628 nostri
1478 1608 1586 1628 sensns
1601 1598 1718 1630 diverse

989 1655 1011 1671 ‘⁶
1029 1652 1129 1682 solent
1144 1652 1234 1687 affici,
1258 1662 1295 1681 ex
1312 1650 1489 1690 primordiis
1509 1655 1648 1681 constare
1669 1651 1719 1681 di-

990 1708 1012 1723 “
1028 1715 1113 1734 verse
1143 1704 1295 1744 figuratis:
1331 1703 1452 1732 mireris
1478 1712 1553 1742 ergo
1579 1702 1717 1740 sortasse,

990 1761 1012 1775 “
1030 1767 1081 1786 me
1096 1757 1241 1786 laevorem
1258 1762 1350 1795 atque
1365 1753 1587 1784 rotunditatem
1602 1754 1718 1793 princi-

989 1812 1011 1827 “
1027 1809 1086 1848 piis
1098 1808 1268 1839 fluidorum
1281 1807 1440 1845 omnium,
1453 1812 1547 1847 gustu
1559 1811 1719 1845 tantopere

990 1864 1012 1879 “
1029 1859 1284 1898 discrepantium,
1301 1858 1463 1898 assignare
1478 1868 1582 1897 posse:
1602 1858 1655 1888 sed
1670 1868 1723 1889 me

989 1915 1010 1930 “
1026 1911 1166 1947 facilitas,
1190 1910 1251 1951 qua
1276 1909 1385 1940 omnia
1404 1909 1553 1940 labuntur
1568 1916 1598 1940 et
1612 1909 1716 1941 devol-

990 1967 1011 1982 “
1027 1968 1154 1998 vuntur,
1184 1962 1224 1992 ad
1250 1963 1310 1991 hoc
1336 1961 1436 2001 cogit3
1459 1961 1537 1992 adeo
1563 1967 1599 1992 ut
1617 1953 1721 2002 liquor

991 2018 1012 2033 “
1028 2024 1226 2053 papavemus,
1242 2012 1377 2052 exempli
1395 2012 1506 2052 gratia,
1533 2023 1608 2043 cum
1622 2013 1722 2043 solido

989 2073 1011 2087 “
1028 2068 1135 2109 quovis
1150 2073 1357 2106 comparatus,
1381 2076 1504 2096 necesse
1519 2072 1564 2096 est
1579 2076 1617 2096 ex
1633 2066 1716 2095 laevi-

990 2123 1011 2138 “
1027 2122 1086 2150 bus
1101 2129 1188 2158 aeque
1203 2118 1242 2147 sit
1257 2124 1287 2147 et
1302 2117 1444 2147 rotundis
1462 2116 1660 2156 generaliter,
1685 2126 1721 2146 ac

988 2174 1010 2188 “
1026 2169 1158 2208 simplex
1172 2179 1251 2209 aqua
1258 2180 1267 2205 ;
1289 2167 1431 2207 quamvis
1458 2167 1588 2196 fortasse
1610 2167 1717 2197 minus

988 2225 1010 2240 “
1027 2227 1168 2252 accurate
1190 2231 1244 2259 per
1270 2230 1301 2249 se
1322 2218 1493 2258 specialiter
1508 2218 1659 2259 laevigatis
1679 2225 1710 2249 et

989 2277 1010 2291 “
1028 2272 1232 2303 rotundatis.''
1280 2271 1360 2300 Haec
1372 2276 1478 2300 autem
1493 2270 1616 2300 lectoris
1628 2269 1715 2310 judi-

988 2325 1036 2355 cio
1052 2324 1271 2355 submittimus.

1031 2377 1105 2407 Ver.
1121 2380 1192 2407 455.
1205 2377 1443 2414 glomeramina:
1462 2375 1482 2405 i.
1499 2385 1524 2405 e.
1541 2385 1631 2415 aquae
1645 2373 1713 2414 glo-

987 2426 1088 2464 bulos,
1116 2437 1193 2466 quos
1207 2427 1350 2457 videmus
1365 2426 1485 2457 lubrica
1502 2437 1575 2457 cum
1591 2426 1716 2456 mobili-

986 2483 1049 2508 tate
1064 2476 1104 2507 ad
1119 2477 1360 2508 destillationem
1375 2477 1517 2517 separ:.ri.
1560 2479 1715 2509 Glomera-

987 2541 1056 2560 men
1072 2535 1118 2559 est
1133 2540 1170 2559 ex
1186 2530 1294 2560 multis
1308 2530 1469 2569 particulis
1483 2529 1628 2570 quaedam
1641 2538 1714 2558 con-

988 2581 1138 2621 globatio:
1166 2581 1234 2612 vide
1250 2591 1334 2617 mort,
1351 2591 1410 2612 ver.
1427 2584 1498 2612 685.
1522 2587 1662 2622 συστροφῇ
1685 2584 1716 2607 et

989 2636 1179 2675 συναθροισμος
1196 2633 1340 2672 partium.

1031 2685 1106 2714 Ver.
1123 2687 1195 2715 454.
1213 2695 1395 2724 procursus:
1415 2683 1458 2713 ita
1470 2681 1566 2713 Vind.
1578 2682 1604 2710 si
1620 2680 1714 2711 colla-

989 2737 1048 2766 tori
1064 2736 1104 2766 sit
1118 2736 1279 2767 fidendum
1285 2748 1294 2774 ;
1320 2736 1355 2766 P.
1375 2736 1414 2765 G.
1431 2735 1471 2764 V.
1487 2733 1534 2763 ed.
1557 2733 1595 2762 B.
1612 2732 1648 2762 L.
1666 2733 1714 2763 M.

992 2787 1031 2818 O.
1050 2794 1089 2817 Π.
1108 2794 1152 2818 Ω.
1172 2789 1330 2827 perculsus
1337 2803 1348 2823 ;
1373 2785 1424 2816 Pii
1439 2783 1566 2824 quidam
1582 2782 1715 2822 codices,

985 2849 1146 2878 percussus
1153 2854 1163 2874 ,·
1189 2845 1223 2869 Δ.
1241 2843 1274 2870 Σ.
1285 2838 1460 2877 proculsus:
1486 2844 1523 2863 ex
1539 2833 1652 2873 quibus
1661 2844 1712 2864 va-

991 2889 1174 2921 riationibus
1197 2894 1320 2920 tantum
1342 2896 1405 2917 non
1428 2885 1634 2916 certissimum
1659 2891 1714 2924 est,
