1894 3253
205 258 268 305 74

694 249 755 297 T.
805 246 1187 296 LUCRETII

352 382 542 424 Annulus
562 380 605 420 in
627 379 759 436 digito
780 379 919 421 subter
939 387 1132 421 tenuatur
1151 378 1360 422 habendo:

354 455 555 499 Stillicidii
576 469 691 495 casus
711 454 891 509 lapidem
911 462 1044 496 cavat:
1077 470 1207 496 uncus
1232 455 1357 496 aratri

237 536 317 573 315
352 531 526 571 Ferreus
548 527 710 570 obculte
732 528 930 571 decrescit
950 544 1093 570 vomer
1120 530 1163 570 in
1184 530 1305 570 arvis:

355 605 573 659 Strataque
587 604 674 659 jam
695 603 805 661 volgi
825 604 998 660 pedibus
1020 605 1169 646 detrita
1189 605 1349 645 viarum

558 758 604 782 ubi
614 757 726 790 frigidus
738 758 816 782 imber

269 799 355 823 Altius
366 799 399 823 ad
413 798 507 822 vivum
520 797 639 830 persedit,

210 852 343 891 Plinius,
369 858 432 883 nat.
459 852 528 882 hist.
545 852 614 882 xvii.
631 855 682 882 57.
699 855 728 882 4.
774 855 795 870 “
813 850 941 882 Pruinae

208 907 230 921 ‘⁴
246 904 447 942 perniciosior
463 910 588 941 natura,
606 903 757 943 quoniam
772 902 858 941 lapsa
868 914 941 942 per-

207 957 228 972 “
244 957 334 992 sidet,
361 954 538 995 gelatque.”
585 953 725 984 Accedat
741 954 837 983 etiam
866 953 941 984 Ovi-

206 1006 289 1045 dIus,
306 1018 404 1039 amor.
422 1007 453 1037 ii.
471 1011 501 1038 6.
519 1010 570 1037 52.

252 1066 424 1098 Pellebatque
435 1066 507 1090 sitim
519 1065 644 1097 simplicis
656 1065 746 1089 humor
756 1071 840 1096 oquae.

246 1114 322 1145 Ver.
337 1119 411 1147 509.
464 1117 566 1146 Visum
589 1121 642 1146 est.
691 1115 741 1144 Sic
764 1121 808 1145 Ω.
833 1113 938 1153 plene:

211 1174 252 1198 Π.
287 1169 373 1198 Visus
389 1174 448 1198 est:
475 1168 640 1198 nobiscum
662 1167 737 1196 facit
753 1167 842 1201 Pius,
866 1166 943 1196 dum

206 1219 309 1248 caeteri
326 1219 459 1249 editores
484 1221 555 1249 Vz'su
570 1225 613 1250 est
629 1218 788 1256 exhibent,
813 1218 942 1257 ecthlip-

208 1271 234 1300 si
258 1270 355 1300 literae
381 1281 446 1300 non
473 1270 684 1300 subindicata:
720 1276 751 1299 at
776 1276 882 1309 pravo,
910 1269 944 1299 ni

210 1322 364 1360 fallimur,
381 1322 519 1353 consilio.
554 1323 592 1352 B.
607 1322 745 1363 fugeret.
781 1322 818 1352 P.
834 1328 924 1353 cestus
931 1337 941 1356 ,-

208 1372 328 1412 volens,
341 1379 377 1403 ut
392 1373 526 1412 videtur,
539 1380 687 1415 quartum
701 1384 809 1404 casum
821 1373 945 1404 numeri

209 1424 351 1463 pluralis:
378 1424 471 1455 male.

252 1475 325 1505 Ver.
351 1479 424 1506 510.
453 1478 670 1516 disspargitur.
716 1477 812 1506 Hanc
838 1478 942 1507 ortho-

207 1527 373 1566 graphiam
388 1527 598 1568 antiquiorem
619 1527 710 1558 nobis
725 1537 945 1558 conservavere

208 1577 250 1608 V.
268 1578 315 1608 ed.
342 1578 381 1608 O.
407 1585 442 1609 Δ.
472 1585 512 1609 Π.
537 1578 641 1608 caeteri
665 1589 774 1608 omnes
793 1581 943 1619 dispergi-

208 1635 278 1659 tur:
306 1629 329 1658 si
350 1629 456 1668 modo,
484 1629 569 1670 quod
584 1630 634 1659 vix
658 1635 780 1668 putem,
803 1635 839 1659 ut
863 1630 896 1658 in
913 1640 945 1660 re

210 1680 251 1710 ad
275 1691 382 1710 eorum
411 1681 570 1720 judicium
601 1681 748 1711 levissimi
780 1683 945 1720 momenti,

208 1743 281 1763 suas
304 1738 408 1772 partes
433 1733 615 1764 lustratores
641 1734 788 1763 codicum
815 1733 946 1764 fideliter

208 1783 504 1814 administraverint.
553 1784 662 1814 Codex
677 1784 844 1815 Leidensis
865 1795 946 1823 vere,

208 1842 245 1866 ut
260 1842 386 1875 exputo‚
403 1835 509 1865 scribit
524 1835 564 1865 ad
583 1835 658 1866 AEn.
675 1835 715 1865 xi.
732 1838 804 1866 617.

466 1897 493 1919 et
505 1894 590 1918 vitam
602 1894 725 1926 dispargit
736 1894 763 1917 in
775 1901 861 1918 auras.

210 1943 296 1973 Vide
312 1953 369 1973 nos
384 1953 488 1982 supra,
501 1943 541 1973 ad
558 1953 617 1973 ver.
638 1947 685 1973 14.
724 1944 890 1983 Vegetius,
906 1943 945 1974 de

209 2005 243 2025 re
259 1994 323 2025 mil.
347 1995 391 2024 iii.
411 1998 458 2025 15.
504 2000 524 2012 “
542 1995 604 2024 Sed
630 1994 746 2024 melius
770 2000 817 2024 est
843 1994 948 2033 plures

211 2049 234 2064 “
251 2045 332 2075 acies
346 2045 460 2082 facere,
483 2055 581 2085 quam
603 2045 718 2074 milites
739 2045 947 2085 exspargere.”

212 2097 257 2128 Et
271 2097 314 2127 ita
328 2096 381 2127 ille
397 2096 480 2126 alibi.

251 2149 327 2179 Ver.
353 2152 426 2184 512,
450 2150 572 2179 multis:
600 2148 636 2178 P.
654 2148 695 2178 V.
720 2147 767 2178 ed.
797 2154 838 2178 Π.
865 2150 945 2179 mul-

211 2206 294 2231 tum:
320 2199 478 2229 mendose.

264 2250 346 2281 Ibid.
368 2252 439 2281 solis
463 2252 576 2281 annis:
605 2256 719 2281 ornatu
746 2261 784 2282 ex
814 2250 946 2290 poetico,

213 2313 289 2334 cum
304 2303 351 2333 sol
361 2303 401 2332 sit
415 2303 491 2332 anni
506 2301 655 2333 dominus
671 2308 703 2332 et
717 2309 825 2333 rector.
857 2303 947 2333 Hinc

215 2355 383 2396 Virgilius,
406 2365 474 2395 geo.
490 2355 511 2386 i.
529 2357 559 2385 5.

504 2415 555 2438 vos
568 2414 590 2438 O
602 2414 607 2437 !
627 2413 767 2438 clarissima
779 2414 875 2438 muudi

243 2456 369 2486 Numina,
380 2456 517 2480 labentem
529 2455 601 2480 coelo
612 2461 676 2486 quae
688 2455 785 2479 ducitis
796 2462 894 2480 annum
903 2464 912 2481 :

213 2515 254 2545 ad
268 2526 365 2556 quem
375 2516 482 2546 locum
494 2515 708 2555 conjecturam
723 2514 817 2545 Fabri
833 2514 866 2544 in
881 2524 948 2544 ver-

215 2578 253 2597 su
267 2568 420 2606 Lucretii,
443 2570 515 2598 olim
532 2577 588 2607 pro
608 2568 689 2602 solis,
713 2566 874 2607 quondam
888 2566 948 2596 im-

214 2620 356 2657 probavi;
381 2626 411 2650 et
426 2620 590 2650 sententiae
604 2630 669 2649 non
686 2619 822 2658 poenitet.
859 2619 950 2649 Idem

219 2669 322 2705 Maro,
341 2670 415 2701 AEn.
432 2671 476 2700 iii.
491 2675 561 2701 284.

247 2730 362 2759 Interea,
374 2737 504 2762 magnum
517 2731 552 2756 sol
562 2730 786 2756 circumvolvitur
797 2737 905 2755 annum.

219 2787 292 2826 Ipse
307 2788 472 2820 Lucretius
487 2791 636 2830 apposite,
652 2802 679 2822 V.
697 2795 768 2823 929.

250 2846 390 2877 Multaque
401 2855 447 2879 per
458 2849 560 2874 coelum
577 2851 634 2875 solis
646 2850 785 2876 volventia
795 2849 886 2874 lustra.

221 2894 301 2925 Ibid.
328 2897 524 2927 redeuntibus
549 2901 651 2930 anm‘s.
697 2899 790 2930 Idem
817 2899 949 2930 Mantu-

218 2957 308 2986 anus,
334 2948 408 2979 AEn.
424 2948 485 2979 viii.
503 2951 552 2980 47.

1150 762 1192 784 ter
1204 758 1277 784 denis
1288 759 1382 783 urbem
1396 757 1556 784 redeuntibus
1567 760 1682 785 annis—.

985 808 1096 846 Porro,
1121 810 1206 838 hunc
1232 808 1338 838 locum
1369 808 1528 848 integrum
1561 809 1719 849 Sulpicius

986 860 1125 890 imitatus
1140 866 1196 897 est,
1223 860 1308 900 apud
1332 860 1450 891 anthol.
1477 861 1546 892 Lat.
1563 862 1718 892 Burman.

985 912 1027 942 iii.
1045 916 1094 943 97.

1049 971 1180 995 Decidens
1190 972 1314 995 scabrum
1326 975 1405 995 cavat
1417 971 1489 995 unda
1500 971 1590 996 tofum
1602 981 1610 1002 ;

1050 1010 1159 1034 Ferreus
1170 1009 1256 1033 vomis
1267 1013 1389 1033 tenuatur
1399 1010 1466 1041 agris
1476 1019 1484 1040 3

1050 1050 1177 1081 Splendet
1188 1049 1292 1079 adtrito,
1303 1049 1400 1082 digitos
1411 1050 1556 1080 honorans,

1111 1089 1232 1114 Annulus
1242 1096 1317 1113 auro.

991 1139 1040 1169 Sic
1056 1145 1087 1169 et
1115 1139 1181 1178 ipse
1205 1138 1345 1169 videram
1371 1138 1533 1168 sibilantes
1558 1139 1726 1170 versiculos

988 1191 1059 1220 tersi
1076 1191 1175 1229 po’etae
1198 1190 1397 1231 castigandos
1421 1201 1496 1220 esse.
1536 1190 1656 1231 Vulgo,
1681 1197 1724 1221 te-

987 1249 1112 1278 meatus,
1126 1248 1157 1272 et
1171 1253 1208 1272 ac
1225 1245 1309 1280 trito,
1325 1242 1525 1272 distinctione
1537 1242 1578 1272 ad
1593 1244 1728 1282 splendet

988 1293 1096 1333 posita.

1032 1347 1107 1376 Ver.
1124 1349 1195 1376 513.
1219 1347 1354 1376 habendo
1366 1359 1375 1375 .·
1401 1345 1420 1375 i.
1438 1355 1464 1375 e.
1486 1345 1565 1375 dum
1580 1346 1727 1384 habetur,

990 1397 1038 1428 vel
1053 1403 1202 1437 gestatur.
1247 1397 1414 1437 Virgilius,
1434 1407 1503 1437 geo.
1518 1396 1549 1427 ii.
1566 1400 1639 1428 520.

1005 1457 1055 1482 Sed
1066 1457 1130 1488 picis
1141 1457 1167 1481 in
1179 1464 1285 1481 morem
1297 1457 1331 1480 ad
1344 1456 1441 1488 digitos
1453 1455 1577 1480 lentescit
1586 1456 1710 1481 hahendo.

1033 1507 1108 1536 Ver.
1124 1510 1196 1536 514.
1221 1508 1386 1536 stillicidii
1409 1517 1499 1536 casus
1526 1507 1664 1545 lapidem
1680 1516 1734 1536 ca-

989 1565 1047 1590 vat.
1095 1558 1145 1588 Sic
1162 1558 1273 1588 Bionis
1289 1558 1519 1598 fragmentum,
1538 1558 1596 1588 ubi
1612 1567 1670 1588 nos
1685 1557 1732 1587 lo-

990 1621 1064 1641 cum
1080 1611 1179 1641 alium
1195 1611 1335 1656 ¹Lucretii
1351 1610 1530 1640 attulimus:

1009 1677 1049 1700 Er.
1064 1675 1178 1707 θωμινκς
1192 1673 1363 1708 ῥαθαμιγγος,
1378 1673 1441 1701 ὅκως
1452 1677 1536 1704 Myos,
1549 1681 1600 1698 αιεν
1610 1681 1698 1702 ιοισοις,

1010 1720 1044 1746 Χ’
1058 1722 1077 1746 οὶ
1092 1720 1155 1749 λιθας
1170 1730 1191 1748 ες
1206 1721 1304 1755 ῥωγμον
1315 1725 1476 1746 κοιλαινεταιι.

991 1783 1100 1820 Porro,
1124 1783 1174 1811 vix
1195 1792 1297 1821 operae
1312 1781 1449 1820 pretium
1466 1781 1562 1811 fuerit
1576 1781 1731 1811 admonu-

1103 1841 1143 1865 Π.
1181 1834 1255 1864 dare
1293 1835 1505 1873 Stz'lcidiz'que;
1549 1833 1590 1864 V.
1622 1833 1668 1863 ed.
1702 1839 1734 1863 et

992 1888 1022 1916 V
1026 1887 1091 1917 ind.
1114 1887 1351 1925 Stillicz'diique:
1379 1891 1421 1922 et,
1438 1890 1475 1914 ut
1492 1895 1551 1914 nos
1562 1886 1740 1916 curavimus

995 1937 1249 1977 imprimendum
1283 1937 1452 1979 αςχαϊκως,
1490 1936 1560 1966 sine
1595 1942 1736 1967 contrac-

992 1990 1087 2025 tione,
1114 1990 1287 2025 stillicidii,
1303 1988 1340 2017 L.
1358 1987 1406 2017 M.
1425 1992 1459 2018 Σ.

993 2040 1136 2069 Versum
1153 2038 1280 2068 Chaerili
1296 2037 1429 2077 protulit
1443 2037 1634 2067 Lambinus:

990 1835 1062 1873 isse,

1071 2112 1171 2145 Πετςοιν
1183 2114 1300 2136 zotanum
1311 2109 1377 2144 ῥαινις
1391 2108 1481 2136 &zoam
1495 2108 1633 2141 ενδελεχεικ.

1038 2172 1117 2203 Ver.
1150 2174 1222 2202 515.
1251 2172 1366 2202 obculle
1395 2172 1543 2200 decrescit
1573 2181 1672 2200 vomer
1701 2172 1735 2202 t'n

995 2226 1088 2255 arvis.
1121 2222 1307 2254 Lucretium
1323 2221 1459 2260 respexit
1480 2220 1627 2259 Ovidius,
1640 2231 1737 2253 amor.

994 2277 1014 2306 i.
1035 2279 1082 2307 15.
1099 2279 1150 2305 51.
1182 2274 1267 2315 (vide
1283 2272 1470 2303 Bentleium
1491 2272 1530 2302 ad
1555 2272 1636 2303 Hor.
1652 2272 1701 2303 od.
1716 2272 1738 2304 i.

996 2332 1042 2359 12.
1059 2327 1127 2367 45.)

1025 2388 1106 2418 Ergo,
1119 2393 1182 2410 cum
1195 2384 1285 2414 silices,
1297 2391 1360 2408 cum
1370 2383 1431 2407 dens
1443 2383 1569 2413 patientis
1579 2383 1672 2413 aratri,

1058 2429 1217 2458 Depereunt
1228 2431 1302 2455 aevo,
1313 2424 1433 2449 carmina
1444 2426 1535 2448 morte
1546 2426 1648 2448 carent.

996 2476 1174 2516 Eleganter
1204 2474 1283 2515 legit
1315 2473 1453 2511 Servius,
1491 2472 1547 2503 sed
1578 2471 1738 2502 memoriae

993 2528 1128 2558 fortasse
1145 2527 1245 2566 lapsu,
1262 2525 1301 2556 ad
1315 2535 1382 2566 geo.
1398 2524 1418 2554 i.
1435 2528 1488 2555 46.

1066 2600 1160 2609 ——-
1172 2587 1264 2612 occulto
1276 2585 1406 2611 decrescit
1415 2590 1511 2609 vomer
1521 2583 1548 2608 in
1559 2589 1637 2607 arvo.

996 2640 1086 2671 Hinc
1101 2645 1210 2670 autem
1224 2637 1460 2669 vexatissimum
1482 2635 1587 2664 locum
1604 2633 1732 2663 Horatii

995 2693 1204 2733 corrigamus,
1230 2691 1280 2721 od.
1304 2691 1326 2720 i.
1356 2692 1402 2719 12.
1430 2689 1480 2718 45.
1506 2685 1561 2726 qui
1586 2684 1678 2724 plane
1698 2685 1732 2715 in

995 2744 1105 2774 animo
1119 2749 1263 2773 nostrum
1277 2741 1423 2771 habebat:

1086 2803 1188 2833 Crescit,
1201 2801 1291 2826 occulto
1303 2799 1377 2825 velut
1389 2798 1468 2823 arbor
1479 2804 1561 2827 arvo,

1087 2845 1170 2868 Fama
1186 2841 1319 2867 Marcelli:

996 2901 1032 2925 ut
1047 2894 1143 2926 Ovid.
1158 2894 1191 2923 in
1207 2901 1300 2928 nuce,
1324 2900 1385 2920 ver.
1402 2891 1452 2919 87.
1469 2898 1564 2929 quem
1580 2897 1645 2918 non
1660 2887 1731 2923 cito,

993 2955 1096 2987 quum
1133 2954 1201 2975 sero
1230 2941 1355 2972 videam
1385 2941 1452 2971 haec
1487 2938 1623 2970 Heinsio
1652 2948 1731 2978 prat-
