1894 3253
629 254 866 303 LIBER
912 253 1224 305 PRIMUS.

1626 270 1707 310 91*

313 390 476 444 Seipat,
501 397 541 429 et
560 388 604 429 in
625 387 745 428 nobis
765 386 867 428 vitai
885 386 1062 429 claustra
1081 387 1274 440 resolvat,

311 463 452 517 Quam
474 462 548 504 tibi
569 462 621 503 de
641 461 722 518 quai
745 461 803 502 vis
824 460 907 502 unzi
929 475 974 502 re
994 462 1176 504 versibus
1197 464 1333 506 omnis

312 538 671 594 Argumentorum
692 536 743 576 sit
764 535 884 591 copia
903 535 1025 575 missa
1044 550 1120 591 per
1140 537 1286 578 aureis.

314 611 396 653 Sed
418 625 544 660 nunc,
567 618 614 651 ut
634 617 818 665 repetam
839 616 1022 663 coeptum
1041 618 1259 664 pertexere
1279 611 1410 655 dictis.

346 840 379 864 Et
390 838 506 863 torrentis
517 845 567 864 ceu
580 838 698 863 Dulichii

405 878 539 910 Ninguida
549 878 639 909 dicta3

161 935 198 960 ut
213 929 311 959 Hom.
328 927 368 958 ΙΙ.
385 934 416 958 Γ.
433 926 600 964 Horatius,
617 931 671 956 sat.
688 926 707 958 i.
725 929 755 958 7.

637 986 732 1011 ruebat

254 1028 354 1052 Flumen
366 1031 397 1051 ut
408 1027 563 1051 hibernum.

161 1079 311 1111 Clemens
338 1078 589 1117 Alexandrinus,
621 1085 728 1110 strom.
751 1079 773 1109 i.
795 1079 829 1109 in
846 1089 895 1110 so-

156 1134 286 1174 phistas:
317 1140 460 1173 Hos-aptos
489 1146 621 1173 ατεχνων
643 1135 788 1175 §voltam-ww,
817 1145 846 1163 νε
869 1133 896 1164 δε

159 1193 351 1226 σταλαγμος.
397 1185 480 1214 Haec
507 1185 659 1214 hactenus
684 1184 731 1213 vir
753 1183 894 1214 doctissi-

163 1247 243 1266 mus.

202 1290 438 1332 Ibid.,fi›ntz'bus
461 1292 574 1320 amnis.
622 1288 728 1327 Maro,
755 1298 824 1330 geo.
852 1288 894 1319 iii.

161 1345 233 1372 428.

187 1403 250 1435 Qui,
262 1403 328 1428 dum
340 1410 427 1428 amnes
438 1403 486 1428 ulli
497 1407 663 1435 rumpuntur
671 1403 830 1435 fontibus—.

198 1454 274 1484 Ver.
291 1457 367 1484 414.
391 1465 455 1486 meo
469 1457 592 1486 suavis.-
619 1455 667 1486 M.
691 1466 770 1486 meos
785 1457 894 1486 aiavis.

155 1508 277 1537 —da'tz'.·
305 1513 346 1537 Π.
372 1508 461 1537 dicti.

200 1557 282 1589 Ibid.
297 1560 358 1589 diti
373 1561 410 1590 de
427 1565 550 1599 pectore
562 1559 691 1600 ficndee.
739 1559 804 1590 His
819 1569 893 1589 con-

155 1609 270 1640 similia
298 1615 384 1648 sunt,
415 1620 487 1651 quae
517 1611 632 1641 cecinit
661 1610 700 1641 de
730 1611 895 1642 consulatu

154 1672 213 1693 suo
229 1661 369 1700 Tullius,
391 1661 491 1694 divin.
506 1662 526 1692 i.
546 1666 593 1693 15.

190 1724 276 1754 Inque
287 1724 433 1748 Academia
445 1723 604 1754 umbrifera,
615 1724 756 1756 nitidoque
766 1727 868 1757 Lycen,

189 1762 317 1787 Fuderunt
329 1763 526 1794 clarasfecundi
534 1763 639 1795 pectoris
650 1764 740 1788 arteis.

161 1813 265 1852 Aptus
279 1819 326 1842 est
341 1813 437 1842 etiam
454 1812 600 1850 Ovidius,
618 1813 695 1843 trist.
711 1813 742 1842 ii.
758 1817 833 1844 555.

220 1869 324 1894 Divitis
335 1869 429 1901 ingenii
441 1873 481 1894 est
492 1870 611 1894 inmania
622 1871 733 1895 Caesaris
743 1875 806 1896 acta

251 1909 383 1938 Condere,
400 1909 514 1933 materia
526 1916 560 1934 ne
571 1914 711 1941 superetur
723 1917 799 1942 opus.

160 1958 340 1996 Componas
370 1957 499 1996 insuper
529 1957 642 1988 Horat.
669 1958 719 1988 od.
743 1958 785 1989 iv.
810 1963 839 1989 8.
863 1962 892 1990 5.

157 2009 245 2044 Quin
261 2009 338 2046 imo,
355 2009 441 2048 apud
457 2008 595 2039 eundem
612 2009 786 2048 Nasonem,
803 2010 892 2049 epist.

156 2060 214 2090 xiV.
246 2063 313 2090 100.
343 2059 499 2099 generalis
522 2066 568 2090 est
597 2061 665 2090 voci
692 2060 891 2101 significatio,

155 2120 213 2149 pro
229 2112 347 2150 pollens
362 2111 475 2151 quibus
496 2111 572 2142 libet
592 2112 692 2142 animi
714 2113 890 2153 corporisve

155 2162 292 2192 dotibus:

157 2222 281 2252 Quaeque
292 2222 385 2251 modo,
397 2225 427 2246 ut
439 2221 519 2254 possis
530 2222 613 2247 etiam
624 2224 691 2254 Jove
702 2223 782 2255 digna
793 2224 888 2255 videri,

188 2262 274 2286 Diva-1
285 2269 351 2292 eras,
363 2263 435 2288 nuda
447 2264 519 2289 nuda
530 2265 663 2289 recumbis
675 2265 769 2290 humo.

203 2309 277 2340 Ver.
295 2314 366 2341 415.
388 2314 479 2342 tarda
494 2319 648 2345 senectus:
673 2320 710 2344 ut
721 2314 889 2355 Virgilius,

161 2361 236 2391 AEn.
253 2361 293 2391 ix,
310 2365 384 2392 610.

222 2425 532 2434 ————
541 2422 591 2440 nec
603 2416 678 2440 tarda
689 2420 800 2441 senectus

221 2452 349 2476 Debilitat
360 2452 427 2478 vires
438 2454 529 2478 animi.

201 2501 277 2531 Ver.
296 2505 370 2532 416.
415 2505 532 2543 Servat.
579 2505 725 2545 Hujusce
747 2507 889 2537 vocabuli

159 2553 282 2584 tralatio
298 2553 451 2583 lectorum
474 2554 573 2585 oculis
594 2556 636 2586 ad
649 2556 756 2586 vivum
774 2556 889 2597 figura-

158 2611 207 2636 tos
228 2604 353 2635 exhibet
375 2605 618 2646 ingravescentis
640 2607 699 2636 aevi
721 2607 891 2640 indefessos

157 2667 194 2687 ac
225 2657 334 2687 tacitos
359 2656 507 2687 incessus.
553 2657 690 2688 Pulchre
702 2683 704 2685 ,
715 2659 738 2689 J
739 2660 888 2697 uvenalis,

158 2717 252 2748 quem
269 2707 343 2738 huic
365 2707 434 2739 loco
451 2708 530 2739 Pius
545 2709 764 2748 percommode
782 2711 890 2743 admo-

158 2759 213 2797 vit,
229 2759 270 2789 ix.
290 2763 358 2791 129.

385 2819 477 2852 obrepit
493 2827 548 2844 non
559 2820 696 2846 intellecta
706 2824 826 2845 senectus.

203 2866 283 2898 Ibid.
299 2870 375 2899 vita'i
389 2870 524 2900 claustra
542 2872 685 2901 resolvat:
704 2871 793 2911 quasi
808 2871 889 2902 scili-

159 2922 210 2946 eet
224 2926 344 2949 carcere
359 2920 524 2958 cmmlusae,
544 2927 575 2951 et
589 2921 722 2952 vinculis
738 2923 892 2962 corporeis

159 2967 329 3008 implicitae.
361 2971 606 3013 Elegantissime.
625 2979 672 3005 est
686 2973 806 3016 figura3
829 2974 890 3005 lec-

365 684 530 735 Omnis,
553 691 600 725 ut
620 691 694 734 est,
716 683 859 741 igitur,
888 696 964 738 per
985 698 1042 733 se,
1065 692 1216 725 natura
1236 684 1398 728 duabus

942 839 1071 870 tissimae
1086 846 1160 871 sunt
1174 850 1272 871 voces.
1316 841 1394 872 Loci
1410 841 1545 884 denique
1561 844 1677 876 suavis-

943 891 1015 921 simi
1032 902 1097 922 non
1108 892 1279 923 immernor
1294 900 1361 924 erat
1373 895 1584 936 Mantuanus,
1601 898 1676 929 AEn.

942 940 981 972 iv.
999 945 1072 973 695.

942 1001 1011 1032 Quae
1020 1001 1171 1027 luctantem
1178 1003 1297 1028 animam
1304 1010 1437 1037 nexosque
1444 1006 1587 1032 resolverat
1594 1011 1677 1034 artus.

942 1059 1059 1089 Affinis
1073 1066 1119 1090 est
1134 1061 1229 1091 etiam
1250 1063 1431 1102 versiculus,
1455 1071 1491 1095 ut
1505 1065 1559 1106 qui
1576 1067 1676 1096 maxi—

940 1122 1003 1150 me,
1028 1113 1178 1154 Preigero
1201 1114 1241 1145 ad
1263 1116 1349 1146 hunc
1364 1116 1469 1148 locum
1492 1118 1678 1151 illuminan-

940 1163 1019 1194 dum
1034 1165 1198 1203 excitatus,
1215 1177 1253 1197 ex
1278 1168 1354 1198 AEn.
1371 1179 1399 1198 x.
1416 1173 1487 1200 601.

955 1233 1030 1256 Tum
1042 1232 1150 1257 latebras
1160 1233 1265 1264 animae,
1282 1239 1387 1266 pectus,
1405 1243 1537 1262 mucrone
1548 1237 1673 1262 recludit.

942 1292 1003 1323 Sed
1018 1294 1063 1323 mi
1078 1294 1184 1334 lector,
1209 1302 1240 1326 te
1262 1303 1410 1337 rogatum
1429 1298 1535 1337 velim,
1558 1300 1584 1330 si
1599 1301 1677 1341 quid

940 1344 998 1375 tibi
1012 1347 1155 1385 generosi
1169 1347 1204 1377 in
1220 1348 1298 1379 laevzi
1313 1350 1464 1381 mamillae
1476 1358 1563 1390 parte
1575 1352 1676 1390 saliat,

939 1406 979 1427 an
995 1398 1169 1439 quidquam
1195 1399 1352 1441 frigidius,
1379 1402 1539 1442 insulsius,
1563 1410 1619 1434 aut
1641 1415 1676 1436 o-

939 1448 1058 1480 diosius
1073 1450 1221 1492 denique,
1246 1458 1340 1493 atque
1363 1453 1404 1483 ad
1428 1465 1580 1486 nauseam
1599 1457 1676 1487 faci-

938 1500 1054 1531 endam
1076 1502 1239 1541 pulchrius
1262 1511 1492 1545 comparatum,
1515 1518 1612 1548 quam
1636 1508 1674 1538 il-

938 1550 995 1582 lud
1004 1555 1137 1592 pectus?
1165 1555 1264 1591 Quasi
1280 1556 1399 1587 scilicet
1412 1559 1576 1598 proprium
1592 1560 1676 1600 glos-

939 1613 1072 1637 satorem
1098 1608 1166 1639 fieri
1192 1611 1318 1648 poetam
1345 1612 1486 1642 nobilem
1508 1613 1677 1644 lectoribus

939 1665 1004 1688 erat
1019 1661 1261 1700 expectandum,
1283 1669 1339 1692 aut
1352 1663 1386 1693 in
1402 1664 1464 1694 illis
1479 1675 1588 1695 rursus
1603 1672 1674 1696 tan-

938 1714 970 1739 ta
986 1716 1052 1740 erat
1069 1711 1192 1741 inscitia
1214 1714 1444 1752 praesumenda,
1468 1721 1504 1745 ut
1526 1716 1602 1756 quid
1617 1717 1676 1747 sibi

937 1761 1030 1792 vellet
1045 1763 1164 1801 phrasis
1179 1767 1294 1794 anima:
1316 1767 1448 1796 latebras
1467 1777 1532 1796 non
1549 1768 1675 1807 quirent

936 1814 1068 1854 assequi.
1115 1815 1221 1855 Ocyus
1244 1816 1351 1857 abigas
1373 1828 1422 1856 eo,
1448 1819 1533 1848 unde
1555 1820 1671 1858 pedem

937 1863 1112 1895 infaustum
1124 1868 1326 1906 promoverit,
1342 1868 1507 1908 illepidum
1523 1870 1676 1911 interpre-

937 1921 1125 1952 tamentum,
1149 1917 1187 1947 ea
1209 1918 1249 1948 de
1264 1919 1373 1950 caussa
1392 1925 1462 1950 tuto
1477 1920 1673 1962 delitescens,

935 1968 1022 2007 quod
1050 1968 1198 1999 dictionis
1227 1977 1361 2001 extrusae
1393 1982 1471 2002 sono
1500 1973 1674 2015 formaeque

936 2030 999 2050 non
1016 2020 1178 2051 dissideat:

949 2080 1026 2103 Tum
1038 2079 1151 2104 latebras
1162 2080 1274 2111 animae‚
1285 2084 1363 2106 sectas
1373 2088 1516 2113 mucrone,
1527 2084 1652 2110 recludit.

935 2135 1008 2175 Ipse
1023 2135 1148 2166 divinus
1163 2137 1286 2176 artifex,
1308 2137 1382 2169 ibid.
1398 2139 1450 2169 xii.
1464 2143 1539 2171 359.

964 2196 1031 2220 Ense
1040 2199 1122 2220 secent
1135 2197 1190 2221 lato
1207 2198 1313 2228 volnus,
1331 2198 1431 2230 telique
1442 2199 1574 2225 latebram

963 2236 1126 2261 Rescindant
1137 2237 1252 2268 penitus.

977 2287 1052 2317 Ver.
1084 2291 1157 2318 418.
1180 2290 1271 2319 missa
1282 2302 1291 2318 .·
1331 2288 1371 2318 de
1400 2288 1511 2329 lingua
1541 2289 1671 2330 scilicet,

934 2349 988 2378 per
1002 2349 1132 2377 vocem;
1156 2339 1219 2379 qua
1233 2340 1267 2369 in
1283 2350 1317 2370 re
1329 2340 1446 2379 passim
1462 2341 1521 2371 hoc
1536 2343 1671 2372 vocabu-

934 2390 1002 2420 lum
1017 2390 1242 2430 frequentatur.
1289 2391 1371 2421 Satis
1386 2391 1425 2422 sit
1438 2392 1567 2432 Virgilii
1583 2394 1669 2424 testi-

934 2441 1079 2472 monium
1111 2442 1146 2472 in
1172 2442 1242 2473 loco
1268 2452 1334 2472 non
1357 2443 1505 2481 absimili,
1530 2444 1607 2475 AEn.
1631 2444 1674 2478 iv.

933 2499 1006 2526 428.

964 2557 1020 2580 cur
1030 2562 1092 2580 mea
1103 2555 1170 2580 dicta
1182 2559 1264 2587 negat
1276 2557 1354 2580 duras
1365 2555 1493 2580 demittere
1504 2556 1532 2581 in
1542 2558 1640 2582 aures?

933 2610 965 2634 et
980 2604 1127 2642 Arnobii,
1152 2604 1205 2634 lib.
1223 2604 1263 2634 vi.
1288 2615 1316 2643 p.
1337 2607 1405 2635 192.
1431 2609 1451 2622 ‘³
1467 2605 1607 2646 undique
1629 2606 1671 2638 ad

935 2659 957 2674 “
975 2665 1007 2685 se
1022 2658 1145 2686 missam
1162 2666 1260 2686 vocem
1277 2655 1368 2685 Deus
1383 2655 1559 2687 exaudiet?

934 2708 1011 2738 Non
1027 2707 1217 2738 dissimiliter
1237 2707 1341 2737 Graeci
1357 2720 1483 2749 σπειρειν,
1508 2714 1539 2739 et
1560 2710 1669 2741 Latini

933 2769 1094 2798 spargere;
1135 2758 1221 2788 unde
1252 2758 1421 2799 aliquando
1449 2760 1602 2800 dubitavi,
1630 2773 1672 2793 an

934 2810 1021 2840 idem
1037 2810 1193 2850 Virgilius
1213 2810 1288 2841 hinc
1310 2811 1350 2841 sit
1371 2811 1602 2852 reformandus,
1631 2815 1672 2846 ad

934 2864 989 2894 ecl.
1005 2863 1047 2894 iii.
1064 2867 1114 2895 27.

966 2926 1095 2952 Stridenti
1104 2927 1234 2953 miserum
1246 2928 1344 2961 stipula
1353 2929 1492 2962 dispergere
1503 2932 1629 2956 carmen?

936 2976 1023 3007 Nam
1039 2976 1116 3019 quid
1129 2976 1188 3009 sibi
1209 2978 1285 3010 velit
1307 2993 1340 3010 ‘ro
1355 2981 1529 3021 disperdere
1550 2980 1584 3010 in
1610 2980 1672 3009 hoc

893 3036 960 3070 G5
