1894 3253
575 213 812 262 LIBER
863 213 1284 262 SECUNDUS.

1591 223 1684 263 {363

182 351 284 387 1055
319 347 450 389 Hunc
471 362 600 388 unuln
622 355 824 388 terrarum
845 346 1005 396 orbem,
1029 346 1274 402 coelumque,
1297 354 1494 388 creatum:

319 422 434 463 Nihil
454 438 576 479 agere
596 422 661 464 illa
681 422 778 463 foris
799 429 861 462 tot
881 435 1058 475 corpora
1078 422 1285 470 materiai'3

321 497 462 546 Quom
484 497 711 552 praesertim
732 497 799 538 hic
820 496 872 536 sit
891 494 1038 536 natura
1059 494 1203 544 factus,
1227 503 1268 536 et
1286 496 1388 550 ipsa,

321 572 478 626 Sponte
499 571 586 622 suti,
608 571 713 612 forte
733 569 987 612 obfcnsando
1008 570 1164 611 semina
1185 585 1322 611 rerum

318 645 594 696 Multimodis,
618 655 786 695 temere,
808 645 852 686 in
873 659 1047 694 cassum,
1080 643 1326 700 frustraque,
1349 652 1505 695 coacta,

174 724 281 760 1060
313 719 505 761 Tandem
526 721 751 762 coaluerint
773 735 836 770 ea,
858 734 968 775 quae,
996 719 1182 774 conjecta
1203 726 1387 774 repente,

315 793 569 851 Magnarum
589 811 729 838 rerum
750 795 897 837 fierent
917 793 1089 836 exordia
1108 809 1284 850 semper,

165 963 220 981 ra:
244 951 341 982 Vind.
356 952 396 982 V.
409 952 456 983 ed.
475 953 516 983 0.
536 954 574 989 Q.
593 958 630 984 Δ.
646 959 680 985 Σ.
698 960 743 984 Ω.
757 964 901 993 super.—

988 952 1062 982 Ver.
1094 954 1184 983 1059.
1204 951 1393 992 frustraque
1419 956 1542 982 coacta:
1570 951 1604 982 P.
1638 951 1678 982 Ο.

162 1013 220 1041 per
243 1004 329 1033 abest
357 1004 395 1039 Q.
420 1010 455 1034 ut
478 1016 535 1045 que
558 1005 597 1035 V.
621 1005 668 1035 ed.
692 1005 724 1034 in
752 1011 901 1046 sequente
933 1005 1061 1046 flustra
1076 1015 1193 1044 quoque
1205 1004 1315 1043 jacta:
1343 1003 1382 1033 V.
1399 1003 1446 1033 ed.
1465 1002 1563 1033 Vind.
1583 1009 1617 1034 Δ.
1636 1010 1678 1034 Π.

167 1065 266 1086 versu.

210 1107 290 1138 Ibid.
308 1109 392 1148 infra
406 1119 506 1148 snper.
552 1109 643 1139 Dum
657 1109 707 1139 his
722 1110 821 1140 verbis
836 1111 897 1140 uti-

162 1165 225 1196 tur,
251 1170 283 1189 se
309 1159 348 1190 ad
366 1160 454 1200 vulgi
482 1171 592 1191 sensus
614 1167 645 1191 et
671 1161 832 1200 opiniones
847 1172 897 1191 ac-

166 1211 361 1248 commodam
386 1223 460 1242 nam
485 1213 529 1242 ita
551 1214 631 1243 bene
657 1213 805 1254 magister
820 1214 897 1252 Epi-

165 1272 259 1293 curus
284 1264 368 1302 apud
398 1265 495 1305 Diog.
513 1266 616 1295 La'e'rt.
633 1275 660 1295 Χ.
677 1269 727 1295 60.
765 1271 821 1295 Κοιι
841 1279 898 1304 μην

164 1327 247 1344 κατ-ω
263 1327 301 1345 ⁴⁷8
316 1328 425 1357 απειρε,
443 1317 477 1350 ὡς
493 1329 545 1355 μεν
560 1329 703 1346 ανωταιτω
719 1330 735 1348 n
752 1329 894 1347 κατωφα-

161 1378 212 1400 fl'bl,
231 1377 247 1395 8
262 1364 298 1396 351
315 1380 486 1408 κατῆγέρὲίν
502 1380 535 1398 ’70
551 1381 606 1397 oevw
623 1381 639 1400 ἣ
656 1381 751 1398 ΖαΤάΓ
769 1375 842 1398 κτλ-ι

203 1418 277 1449 Ver.
295 1423 387 1452 1049.
403 1422 468 1451 utet*
479 1423 586 1451 docui:
611 1420 651 1450 ad
666 1420 685 1450 i.
702 1423 774 1451 957.
799 1422 895 1451 Lam-

160 1469 262 1500 binus.

200 1521 275 1552 Ver.
294 1525 385 1553 1050.
412 1522 606 1563 vocffcratur.
651 1522 728 1552 Pari
755 1523 895 1553 oratione

158 1573 299 1603 Achilles
315 1574 436 1611 Tatius,
456 1585 485 1605 v.
507 1579 554 1606 17.
593 1581 768 1606 KEKPAI'E
786 1590 844 1618 γαρ
860 1589 896 1607 σε

158 1639 209 1656 και
227 1639 251 1656 εν
267 1640 395 1657 naamam
412 1628 427 1660 ἦ
443 1635 536 1669 μορφὴ
552 1641 603 1660 τῆν
619 1641 764 1667 ευγευειαν.

200 1677 283 1708 Ibid.
301 1678 470 1720 prsffundi:
505 1686 542 1709 ut
571 1681 630 1709 hac
659 1690 734 1710 voce
763 1690 829 1710 non
860 1681 893 1711 in

161 1732 256 1761 imum
283 1731 349 1762 sola
377 1731 510 1762 altitudo
526 1732 770 1770 demonstretur,
793 1733 847 1763 sed
863 1744 894 1763 e-

160 1783 238 1814 tiam
253 1795 414 1822 summum,
442 1786 489 1816 uti
515 1786 600 1825 apud
615 1786 800 1827 Virgilium,
827 1798 895 1828 geo.

158 1836 199 1866 iv.
215 1840 289 1867 222.

183 1905 346 1936 Terrasque‚
356 1909 513 1937 tractusque
522 1907 613 1937 maris,
633 1908 778 1939 coelumque
786 1908 894 1940 profun-

313 1944 384 1969 dum.

200 2007 274 2038 Ver.
293 2012 384 2040 1052.
407 2020 544 2040 vorsum:
573 2015 607 2040 Δ.
627 2019 887 2044 vorsus.-—vacet:

158 2066 198 2090 11.
210 2066 308 2099 patet,
327 2071 365 2090 ex
381 2060 502 2101 glossa;
528 2062 580 2091 cui
598 2061 678 2092 libro
693 2062 779 2093 deest
794 2064 891 2094 etiam

155 2111 189 2142 in
205 2123 265 2143 ver.
286 2116 376 2144 1051.
400 2114 511 2144 vocula
525 2121 577 2145 est.

198 2165 273 2195 Ver.
297 2169 389 2196 1055.
421 2168 620 2207 Seminaque:
650 2174 690 2198 Π.
722 2169 884 2209 Denique:

156 2219 190 2246 Δ.
217 2221 251 2246 Σ.
281 2223 325 2246 Ω.
353 2219 668 2258 Semz'qutu—numero
695 2221 781 2251 abest
808 2227 888 2251 Δ.-

152 2266 324 2306 profunda.-
351 2268 399 2297 Ms.
409 2269 561 2308 profudit.

200 2317 282 2347 Ibid.
310 2320 470 2349 innumero
493 2331 635 2351 numero:
673 2328 710 2352 ut
731 2323 887 2363 epigram-

154 2378 206 2398 ma
222 2368 255 2397 iu
268 2376 401 2399 mortem
418 2369 525 2400 Plauti
537 2371 621 2410 apud
636 2373 789 2411 Gellium,
803 2375 822 2405 i.
835 2379 887 2406 24.

157 2436 190 2459 Et
201 2435 299 2459 numeri
308 2435 436 2461 innumeri
446 2438 525 2462 simul
534 2445 629 2464 omnes
641 2440 888 2467 conlacrumarunt.

159 2504 257 2541 Quod
273 2505 455 2545 simpliciter
469 2508 616 2548 equidem
636 2510 831 2550 interpreter,
854 2512 893 2543 de

160 2557 380 2587 Romanorum
394 2559 524 2598 populo,
553 2561 607 2600 qui
628 2561 730 2591 risum
752 2573 846 2593 suum
861 2569 893 2593 et

159 2607 261 2644 ludos,
277 2608 369 2647 poeta
384 2616 522 2649 mortuo,
538 2612 717 2644 amiserant.

200 2661 275 2691 Ver.
296 2664 388 2692 1054.
413 2664 552 2693 volitent:
579 2664 619 2694 V.
635 2665 683 2695 ed.
700 2668 837 2697 volitant.

200 2712 277 2743 Ver.
296 2716 386 2744 1055.
411 2714 462 2744 De
477 2716 536 2746 hac
553 2716 745 2747 mundorum
762 2718 890 2757 plurali-

159 2770 234 2803 tate,
259 2775 353 2805 quam
380 2766 541 2806 Epicurei,
568 2775 638 2807 post
660 2769 890 2808 Democritum,

162 2815 244 2856 (Cic.
259 2824 323 2848 nat.
342 2817 425 2848 deor.
449 2819 470 2848 i.
496 2820 562 2860 24.)
586 2826 766 2858 tenuerunt,
788 2822 892 2853 videas

157 2866 198 2895 ad
213 2877 240 2897 v.
257 2870 328 2899 529.
354 2869 522 2909 Epicurus,
550 2871 590 2901 in*
607 2872 703 2915 Diog.
733 2873 836 2905 Laert.
862 2884 891 2904 x.

159 2921 210 2949 45.
234 2932 334 2959 mrem
355 2934 461 2964 απεκροι
478 2935 548 2954 statv-

945 1061 980 1087 Σ.
1008 1055 1046 1091 Q.
1076 1062 1118 1086 Ω.
1131 1055 1318 1096 frustraque
1334 1055 1444 1095 jacea‚·
1471 1055 1600 1095 antiqua.
1626 1055 1679 1085 Pii

943 1106 1144 1146 exemplaria,
1149 1106 1336 1146 jactataque
1340 1106 1486 1147 frustra;
1505 1116 1571 1136 non
1586 1106 1678 1137 male.

988 1158 1069 1188 Ibid.
1085 1164 1207 1194 coacta;
1233 1158 1254 1187 i.
1273 1167 1299 1188 e.
1318 1157 1459 1196 collecta,
1475 1163 1677 1198 coagmenta-

943 1216 989 1240 ta:
1018 1210 1100 1239 dicta
1120 1209 1225 1239 videas
1250 1209 1291 1239 ad
1316 1209 1336 1240 i.
1354 1212 1425 1240 762.
1471 1209 1676 1249 Prudentius,

941 1261 1105 1299 peristeph.
1120 1260 1166 1289 iii.
1185 1264 1235 1290 92.

1066 1318 1162 1343 Divide
1173 1319 1308 1349 membra,
1321 1322 1407 1344 coacta
1417 1319 1486 1344 luto.

983 1370 1057 1399 Ver.
1076 1373 1168 1400 1060.
1188 1370 1369 1400 coaluerint.
1395 1369 1492 1399 Hanc
1506 1368 1674 1401 lectionem

940 1419 1167 1459 praeferendam
1179 1419 1267 1457 duxi,
1283 1420 1367 1461 (vide
1378 1430 1439 1451 ver.
1451 1424 1464 1450 1
1475 1421 1561 1461 129.)
1574 1432 1675 1462 quum

940 1472 1126 1502 concludere
1141 1472 1244 1510 liceat,
1269 1482 1334 1502 non
1352 1472 1454 1502 multo
1477 1473 1572 1503 aliam
1588 1484 1674 1504 com-

939 1536 1047 1564 parere
1077 1525 1111 1554 in
1138 1525 1299 1555 codicibus
1323 1525 1360 1556 L.
1378 1526 1425 1556 M.
1446 1526 1675 1566 vetustissimis,

939 1577 1082 1617 quamvis
1113 1588 1239 1617 magnae
1268 1577 1421 1607 librorum
1457 1578 1674 1617 discrepantia»

938 1629 1017 1658 mihi
1033 1628 1246 1668 suspicionem
1262 1634 1422 1667 moveant,
1439 1635 1470 1659 et
1485 1629 1519 1659 in
1535 1629 1675 1661 hocloco

939 1692 1012 1711 cum
1028 1681 1091 1711 illis
1112 1682 1304 1711 membranis
1323 1682 1546 1721 Havercampo
1569 1682 1676 1713 minus

940 1733 1072 1764 fideliter
1101 1740 1208 1764 actum
1245 1744 1319 1764 esse.
1364 1733 1404 1764 V.
1435 1733 1482 1764 ed.
1513 1741 1655 1766 coartant
1660 1751 1672 1772 ;

941 1785 1054 1823 caeteri,
1071 1787 1222 1823 coierunt,
1239 1787 1379 1823 coierint,
1404 1788 1603 1822 coarctarz'nt,
1624 1797 1673 1817 co-

939 1838 1056 1873 lat-unt,
1074 1839 1218 1875 colmiae,
1241 1839 1392 1875 colaerint,
1414 1839 1557 1876 colerent,
1580 1840 1673 1869 caela-

936 1896 1028 1924 runt;
1054 1895 1085 1919 et
1100 1891 1285 1927 conco-erint,
1300 1889 1479 1919 Gronovius
1495 1899 1532 1919 ex
1548 1890 1672 1930 conjec-

936 1940 1016 1971 tura.
1062 1941 1185 1971 Verum
1201 1951 1268 1970 esse
1283 1941 1426 1978 arbitror,
1452 1941 1539 1981 quod
1564 1941 1670 1981 impri-

935 1993 1089 2024 mendum
1125 1993 1514 2024 voluerim—coaluerint
1551 2000 1672 2034 autem,

935 2045 998 2076 unci
1016 2048 1165 2077 creverint
1169 2062 1180 2082 ;
1204 2046 1245 2076 de
1261 2045 1412 2086 pluribuS‚
1429 2052 1466 2076 ut
1480 2045 1520 2076 de
1535 2047 1672 2077 nationi-

934 2099 1003 2135 bus,
1019 2098 1104 2128 verbi
1119 2097 1233 2138 gratia,
1257 2096 1321 2128 ιιηᾶ
1338 2099 1539 2128 crescentibus
1555 2097 1669 2128 floren-

931 2150 1084 2191 tibusque.
1117 2150 1277 2188 Justinus,
1302 2149 1403 2180 xxxvi.
1432 2154 1461 2180 Q.
1479 2153 1528 2180 16.
1556 2150 1596 2180 de
1609 2151 1671 2181 Ju-

931 2202 1073 2233 daeorum
1088 2203 1300 2243 regibus:—-“
1319 2212 1455 2242 quorum
1473 2201 1598 2242 justitia
1619 2213 1667 2232 re-

934 2258 956 2273 “
973 2254 1091 2295 ligione
1114 2254 1270 2294 permixta
1299 2253 1481 2284 incredibile
1513 2260 1671 2294 quantum

934 2309 957 2324 “
973 2306 1154 2337 coaluere:”
1187 2306 1242 2347 qui
1268 2305 1358 2335 locus
1387 2315 1483 2346 quam
1510 2305 1672 2335 immerito

933 2367 1042 2396 passus
1053 2363 1100 2387 est
1112 2358 1251 2388 virorum
1265 2357 1428 2387 doctorum
1443 2356 1671 2396 castigationes.

935 2409 1029 2438 Forte
1044 2415 1154 2439 tamen
1169 2408 1256 2439 dedit
1269 2408 1448 2445 historicus,
1465 2413 1485 2425 “
1497 2407 1620 2447 justitia
1633 2420 1669 2439 ac

936 2465 958 2479 “
973 2461 1126 2502 religione
1135 2461 1167 2499 ;’'
1191 2471 1232 2492 ne
1249 2466 1412 2491 structurae
1436 2460 1532 2489 nimis
1556 2460 1667 2490 incon-

938 2515 961 2530 “
977 2512 1050 2543 ditae
1065 2512 1104 2543 sit
1119 2512 1227 2543 or'atio.

978 2564 1056 2595 Ver.
1075 2567 1166 2595 1061.
1182 2566 1318 2607 fierent:
1355 2563 1402 2595 M.
1426 2565 1667 2603 fluerent.—ex-

935 2617 1041 2645 ordia.-
1068 2615 1108 2644 V.
1133 2615 1180 2645 ed.
1204 2616 1240 2645 L.
1266 2615 1313 2644 M.
1336 2614 1376 2644 Ο.
1403 2620 1438 2644 Δ.
1456 2621 1496 2644 Π.
1515 2619 1549 2645 Σ.
1566 2621 1610 2645 Ω..
1633 2626 1668 2645 ex

935 2668 1041 2697 ordine
1047 2683 1058 2702 ‚-
1083 2666 1167 2706 quod
1182 2672 1290 2696 tamen
1305 2676 1367 2706 quo
1377 2672 1468 2705 pacto
1481 2675 1590 2696 verum
1603 2677 1668 2697 esse

936 2719 1042 2757 possit,
1068 2717 1176 2748 nullus
1190 2718 1294 2748 video:
1322 2724 1353 2748 et
1374 2724 1440 2748 erat
1462 2718 1562 2749 facilis
1579 2720 1667 2749 aber-

936 2768 1024 2799 ratio.

979 2821 1053 2850 Ver.
1074 2825 1164 2852 1062.
1194 2823 1320 2852 Terra'i:
1346 2822 1388 2852 V.
1403 2821 1453 2852 ed.
1472 2829 1513 2852 Π.
1531 2826 1564 2853 Σ.
1591 2823 1666 2851 Τεν-

936 2884 990 2909 ra;
1015 2871 1085 2902 vide
1099 2872 1139 2902 ad
1162 2872 1181 2903 i.
1197 2875 1431 2904 952.—maris:
1459 2880 1499 2903 Π.
1516 2874 1623 2910 magis.

981 2925 1054 2957 Ver.
1073 2929 1164 2958 1065.
1187 2933 1229 2958 est
1251 2927 1286 2957 in
1302 2932 1337 2958 Δ.
1357 2927 1395 2958 Ο.
1419 2937 1483 2957 non
1498 2925 1666 2965 legitur.—

866 2984 965 3015 Aah·
