1894 3253
202 230 297 273 362

694 220 755 267 Τ.
808 217 1190 266 LUCRETII

344 352 401 395 Et
418 351 543 394 latere
562 363 615 391 ex
633 356 823 406 utroque,
845 349 1046 407 infraque,
1069 363 1285 406 superque,
1307 364 1381 406 per
1400 365 1523 393 omne

345 425 469 469 Nulla
488 432 548 466 est
567 423 676 475 finis,
698 424 782 466 utei
803 424 942 475 docui,
964 439 1027 466 res
1047 424 1217 480 ipsaque
1236 439 1311 480 per
1331 441 1372 467 se

209 507 316 544 1050
346 498 622 549 Vociferatur,
645 507 686 540 et
709 499 841 541 elucet
859 507 1009 541 natura
1027 499 1237 555 profundi.

346 573 471 616 Nullo
485 574 573 629 jam
593 581 716 629 pacto
736 574 821 615 veri
842 574 970 615 simile
990 589 1074 615 esse
1093 573 1325 629 putandum
1345 582 1420 624 est,

348 647 548 702 Undique
567 662 695 702 quom
715 662 880 689 vorsum
901 648 1077 703 spatium
1096 656 1212 689 vacet
1231 647 1456 698 infinitum,

349 722 596 776 Seminaque
615 721 834 763 innumero
855 738 1043 772 numero,
1071 722 1311 778 summaque
1330 721 1555 778 profunda,

342 794 602 837 Multimodis
622 795 806 848 volitent,
829 805 986 839 aeterno
1006 798 1162 853 percita
1181 805 1318 847 motu;

200 955 274 985 volet
289 954 350 993 ipse
355 968 365 990 ;
387 952 471 994 quod
486 963 549 983 non
563 952 702 984 deterius
717 953 808 992 foret,
824 965 843 984 a
854 957 926 991 volo,

201 1007 289 1041 velle,·
314 1010 345 1034 et
359 1004 404 1034 ita
420 1003 516 1034 Vind.
544 1011 584 1035 Π.
609 1009 645 1036 Σ.
673 1005 789 1035 omisso
803 1008 860 1043 επ,-
885 1007 926 1036 V.

200 1056 250 1087 ed.
275 1067 334 1096 quo
349 1057 419 1087 velit
445 1057 519 1095 ipse,
546 1055 642 1086 etiam
658 1055 725 1086 sine
740 1058 796 1092 sit;
823 1063 867 1088 Ω.
889 1059 929 1088 sit

199 1118 258 1148 quo
288 1108 361 1138 velet
391 1109 470 1146 z'pse;
497 1107 536 1142 Q.
560 1111 596 1137 Δ.
618 1118 676 1147 quo
693 1110 827 1147 pervolet
849 1110 928 1148 ipse;

199 1164 294 1199 atque
319 1159 362 1188 ita
391 1158 536 1199 vulgares
565 1158 655 1190 editi:
683 1159 737 1189 sed
759 1159 931 1190 videndum

199 1216 245 1240 est
260 1211 294 1240 in
308 1211 367 1240 hac
384 1210 524 1246 lectione,
542 1220 583 1240 an
595 1210 706 1240 decore
717 1210 789 1240 satis
798 1210 931 1241 caudam

200 1262 304 1291 trahat
318 1261 397 1291 illud
412 1264 491 1301 ipse.-
510 1261 595 1301 quod
610 1261 848 1291 incommodum
860 1272 930 1291 sen-

202 1317 243 1347 sit
258 1317 508 1356 Havereampus;
526 1315 657 1357 ideoque
673 1316 869 1356 conjectavit,
880 1327 929 1346 us-

200 1379 275 1409 que:
301 1368 422 1404 inscite,
440 1379 539 1408 quum
555 1378 591 1398 ea
606 1378 665 1398 vox
680 1368 785 1398 statim
801 1368 929 1407 praeive-

200 1420 250 1451 rit.
296 1420 400 1449 Aliter
416 1433 449 1449 »ro
467 1422 599 1458 pervolet
622 1419 757 1448 Plautus
779 1419 930 1448 munivis-

202 1476 257 1505 set,
280 1469 345 1499 mil.
361 1469 439 1509 glor.
455 1469 475 1499 i.
497 1472 522 1498 l.
539 1472 589 1498 40.
634 1467 746 1498 ΒουΖὲι
769 1476 931 1507 perperam

205 1521 388 1553 solicitatus:

226 1605 274 1635 Py.
308 1603 404 1627 Facete
414 1600 533 1625 advortis
541 1600 656 1625 animum
672 1604 750 1625 tuum
763 1601 795 1625 ad
808 1601 931 1626 animum

357 1647 462 1666 meum.

231 1682 277 1708 Ar.
311 1681 421 1706 Novisse
432 1687 520 1705 mores
532 1687 577 1705 me
589 1684 651 1705 tuos
661 1681 794 1706 meditate
806 1682 895 1710 decet,

308 1722 464 1751 Curamque
472 1720 608 1750 adhibere,
622 1724 653 1744 ut
661 1720 789 1753 praevolet
801 1720 868 1744 mihi
879 1727 932 1751 quo

356 1765 388 1786 tu
401 1760 474 1785 velis.

200 1842 237 1873 P.
261 1841 405 1882 denique,
436 1852 551 1881 quoquo
575 1843 645 1871 velit
668 1843 721 1871 ire.
778 1841 930 1872 Gronovii

200 1898 370 1928 tentamem
389 1904 446 1932 quo
459 1894 652 1932 pervellem-e,
670 1892 772 1923 laudis
787 1892 928 1923 destitui-

200 1950 262 1983 tur,
279 1950 311 1974 et
325 1944 375 1974 vix
390 1944 527 1984 dignum
542 1950 596 1981 est,
613 1944 698 1984 quod
714 1944 823 1975 editori
843 1954 930 1974 com-

200 2001 399 2025 memoretur.
411 1989 419 1996 ’

243 2053 328 2083 Ibid.
349 2055 451 2083 animi
462 2053 590 2092 jactus:
617 2066 663 2084 vos
678 2057 765 2089 βολῇ·
793 2065 847 2093 per
862 2065 928 2085 me·

199 2105 361 2144 taphoram
381 2105 420 2134 ab
434 2106 518 2135 oculo
531 2104 710 2135 derivatam.
755 2106 927 2143 Homerus,

201 2155 261 2186 Od.
278 2160 314 2186 Δ.
333 2158 402 2186 150.

198 2241 407 2267 ΟΦΘΑΛΜΩΝ
427 2250 454 2266 τε
472 2241 589 2272 BoAAI,
606 2245 706 2274 κεφαλῇ
724 2241 756 2272 τ’,
779 2241 884 2277 εφωτερθε
905 2252 931 2268 τε

357 2298 452 2321 xmo-ou
464 2298 474 2314 .·

195 2367 294 2400 βελοω·
319 2378 359 2395 τοι
373 2369 559 2405 βλεμματα.·
589 2365 775 2397 schoh’astes.
820 2368 923 2408 Lego:

198 2429 239 2446 τοι
255 2421 447 2447 ΒΛΗΜΑΤΑ.
493 2417 660 2456 Apuleius,
690 2418 728 2448 de
744 2419 872 2456 mundo,
897 2431 928 2459 p.

198 2470 268 2498 741.
292 2468 340 2498 ed.
376 2468 492 2508 Delph.
539 2472 561 2487 “
580 2469 790 2510 Torquebitur
813 2472 927 2509 cervix,

197 2522 219 2537 “
237 2520 360 2550 nutabit
375 2527 476 2560 caput,
491 2523 574 2552 oculi
587 2523 780 2553 z‘z'brabunt.’'
803 2524 856 2554 De
867 2525 925 2555 hac

196 2576 302 2601 autem
313 2582 346 2602 re
361 2582 418 2603 nos
437 2573 563 2604 uberius
574 2574 697 2614 egimus
708 2574 747 2605 ad
760 2575 833 2606 Silv.
846 2577 921 2607 Crit.

199 2627 272 2652 sect.
289 2633 377 2653 cxxx.
402 2624 457 2654 ubi
483 2635 516 2654 se
541 2625 680 2656 conferat
701 2626 750 2656 his
764 2626 928 2668 elegantiis

199 2673 351 2706 delinitus
366 2677 475 2708 lector:
502 2679 644 2709 consulat
659 2680 766 2718 etiam,
781 2691 851 2722 quae
866 2692 926 2711 nu·-

201 2735 257 2764 per
271 2725 417 2758 dedimus
433 2729 473 2759 ad
489 2731 668 2767 Moschum,
692 2731 724 2762 ii.
742 2735 812 2764 107.
859 2733 925 2772 Op-

198 2776 268 2807 timi
283 2778 411 2816 quidam
435 2791 539 2812 versus
554 2782 712 2824 leguntur,
737 2784 790 2814 sed
813 2785 926 2815 nonni-

196 2827 242 2857 hil
257 2827 363 2865 vitiati,
383 2832 464 2868 apud
486 2833 621 2864 Homeri
644 2836 752 2874 hymn.
776 2835 810 2865 in
827 2836 925 2866 Merc.

198 2881 248 2910 45.
270 2879 322 2920 qui
338 2886 367 2910 et
383 2881 455 2911 huic
473 2882 540 2912 loco
562 2885 760 2924 illustrando,
777 2891 808 2916 et
823 2886 861 2916 iis
876 2886 923 2916 in-

971 965 1073 994 super,
1096 965 1166 995 quae
1188 959 1291 984 noster
1321 952 1460 992 disputat
1487 952 1630 991 inferius,
1652 953 1695 983 iii.

973 1010 1150 1038 182—187.
1167 1016 1294 1046 operam
1309 1005 1468 1045 egregiam
1482 1004 1654 1034 navabunt:

971 1093 1020 1120 Ὠς
1032 1092 1054 1118 δ’
1064 1091 1128 1118 ἕστατ’
1142 1102 1193 1117 mxv
1205 1101 1287 1124 νοκμω
1298 1091 1341 1116 δικ
1352 1099 1454 1125 στέρνοιο
1464 1089 1610 1133 ΠΕΡΗΣῌ

975 1141 1069 1174 Ανερος,
1084 1139 1135 1165 ὄντε
1147 1139 1260 1172 &afram
1276 1145 1438 1172 ετιστρωφωσι
1449 1141 1577 1172 μεριμνοιϊ

975 1188 997 1211 H
1012 1186 1051 1212 ὅτε
1065 1186 1295 1211 ΔΙΣΚΗΘΩΣῙΝ
1307 1184 1352 1210 σις’
1363 1185 1508 1217 affirmatam
1523 1189 1669 1218 oepcoepvym'

972 1235 1021 1262 Ὠς
1033 1233 1082 1267 ἀμ’
1095 1244 1147 1262 επος
1157 1244 1183 1260 τε
1195 1245 1241 1260 και
1253 1243 1318 1269 εργωι
1330 1234 1432 1267 §podiwa
1444 1233 1549 1266 κυδιμος
1558 1232 1660 1267 Ἑρμῆς.

975 1307 1084 1347 Vulgo
1106 1308 1258 1343 scribitur,
1284 1321 1400 1349 mprsm,
1416 1314 1447 1337 et
1462 1307 1604 1340 Banasam.
1651 1307 1700 1336 Si-

974 1358 1090 1387 militer
1104 1357 1177 1387 ibid.
1192 1368 1254 1387 ver.
1272 1361 1343 1388 279.

974 1435 1022 1461 Ὠς
1034 1444 1066 1467 xp
1079 1439 1129 1465 22:24*
1139 1444 1195 1463 zm,
1209 1444 1296 1459 πυκνον
1312 1443 1362 1458 oen-o
1371 1435 1498 1468 βλεφωρων
1508 1443 1662 1468 οιμαιρυσσων

976 1481 1067 1513 Οφρυσι
1083 1480 1357 1508 ῬΙΠΤΑΖΕΣΚΕΝ,
1368 1479 1482 1513 ὄρωμενος
1495 1480 1551 1505 moa
1561 1491 1607 1506 και
1620 1480 1680 1506 ενθα.

978 1545 1148 1582 Arnobius,
1164 1545 1215 1575 lib.
1230 1545 1261 1575 ii.
1277 1555 1306 1583 p.
1323 1548 1373 1575 78.
1397 1548 1419 1563 ‘⁴
1433 1545 1520 1581 Quid
1535 1552 1579 1576 est
1595 1552 1701 1577 autem

977 1600 998 1615 “
1015 1597 1159 1636 suspicio,
1177 1596 1235 1625 nisi
1251 1596 1391 1634 opinatio
1410 1607 1515 1627 rerum
1530 1597 1658 1636 incerta,
1671 1604 1703 1628 et

978 1653 1000 1668 “
1016 1650 1048 1679 iu
1066 1649 1109 1679 nil
1128 1649 1305 1688 expositum
1316 1649 1473 1689 jaculatio
1496 1652 1603 1680 mentis
1630 1652 1701 1680 illa-

978 1704 1000 1719 “
1016 1700 1102 1731 ice?''
1122 1702 1141 1732 i.
1156 1712 1182 1731 e.
1197 1712 1229 1731 se
1244 1700 1414 1731 inferentis.
1448 1701 1498 1732 Sic
1513 1701 1699 1741 legendum:

977 1753 1082 1792 vulgo,
1099 1754 1196 1783 illata.
1233 1752 1323 1782 Idem
1335 1762 1422 1790 mox²
1437 1763 1466 1791 p.
1479 1756 1598 1783 86.—“
1613 1753 1644 1783 in
1656 1764 1703 1783 res

978 1807 1000 1822 “
1017 1814 1068 1834 eas
1084 1814 1153 1844 quae
1169 1804 1231 1833 sint
1245 1814 1263 1833 a
1279 1802 1382 1834 nostra
1396 1803 1505 1843 procul
1521 1805 1699 1845 cognitione

975 1860 997 1875 “
1014 1857 1153 1894 dimotae,
1177 1856 1385 1888 infructuosas
1407 1859 1568 1888 immittere
1582 1857 1700 1898 cogita-

974 1912 996 1927 “
1012 1907 1155 1940 tiones?”
1187 1908 1300 1938 Paullo
1322 1909 1411 1939 aliter
1433 1909 1574 1948 Bo'etius,
1598 1910 1650 1940 lib.
1672 1920 1699 1940 v·

972 1967 1044 1991 met.
1064 1965 1092 1991 2.
1109 1960 1148 1990 de
1164 1961 1248 1990 Deo:

1066 2043 1135 2073 Qua:
1147 2042 1209 2071 sint,
1224 2048 1286 2073 quae
1299 2041 1409 2071 fuerint,
1421 2041 1596 2073 veniantque,

1065 2084 1126 2107 Uno
1138 2083 1227 2106 mentis
1238 2082 1325 2107 cernit
1336 2083 1363 2106 in
1375 2082 1439 2107 ictu:

973 2160 1009 2184 ut
1024 2153 1075 2183 ille
1091 2153 1164 2184 alibi
1179 2153 1250 2192 plus
1264 2153 1367 2182 semel.
1415 2153 1465 2182 De
1479 2152 1630 2183 affinitate
1644 2164 1699 2184 au-

975 2210 1039 2234 tem
1055 2206 1219 2234 verborum
1226 2205 1335 2244 jactus
1350 2209 1381 2233 et
1399 2205 1486 2238 ictus,
1500 2210 1530 2233 te
1545 2204 1699 2235 docebunt

974 2261 1057 2285 notae
1083 2254 1122 2285 ad
1147 2255 1186 2284 iv.
1216 2258 1306 2285 1266.
1330 2254 1503 2284 commissae
1526 2265 1599 2284 cum
1629 2255 1700 2286 silv.

975 2307 1051 2337 Crit.
1075 2312 1145 2337 sect.
1169 2306 1230 2336 clii.
1277 2306 1497 2342 Mamertinus,
1520 2307 1554 2337 in
1576 2309 1700 2348 geneth.

974 2357 1106 2388 Msaxim.
1130 2363 1200 2387 sect.
1225 2361 1253 2387 8.
1300 2360 1322 2376 “
1341 2357 1385 2387 Et
1406 2357 1501 2394 enim,
1525 2368 1599 2388 cum
1620 2361 1700 2390 nihil

973 2412 994 2427 “
1010 2412 1049 2440 sit
1065 2412 1168 2440 animo
1191 2411 1332 2448 velocius,
1355 2420 1419 2447 vos,
1442 2420 1578 2450 quorum
1600 2413 1698 2450 igneae

971 2465 994 2480 “
1011 2462 1267 2503 immortalesque
1279 2468 1402 2493 mentes
1417 2463 1548 2493 m‘nime
1559 2464 1699 2494 sentiunt

971 2516 993 2531 “
1009 2514 1145 2553 corporis
1174 2524 1287 2552 moras,
1319 2515 1454 2553 pervecti
1490 2515 1561 2545 estis
1583 2515 1623 2546 ad
1645 2525 1698 2545 vos

970 2568 991 2582 “
1009 2565 1122 2595 mutua
1137 2565 1282 2596 desiderii
1299 2565 1483 2595 celeritate.”

1016 2628 1090 2658 Ver.
1122 2632 1215 2659 1048.
1239 2628 1386 2669 infraque
1415 2638 1572 2668 superque.
1618 2625 1697 2656 Vul-

970 2689 1060 2720 gares
1074 2679 1234 2715 editiones,
1257 2680 1342 2720 infra
1359 2690 1544 2719 superaque:
1571 2687 1640 2717 quae
1655 2687 1695 2706 an

971 2742 1044 2762 cum
1063 2732 1184 2772 judicio
1206 2732 1392 2762 mutaverim
1409 2732 1442 2761 in
1466 2729 1587 2770 plenius
1605 2729 1696 2769 quid.

970 2784 1044 2814 dam
1059 2790 1151 2824 atque
1173 2784 1336 2824 signatius,
1353 2794 1391 2813 ex
1406 2783 1561 2813 variarum
1586 2780 1693 2811 lectio·

969 2847 1047 2866 num
1062 2837 1299 2876 perpensatione
1314 2836 1442 2865 lectores
1456 2833 1586 2863 edicant.
1622 2833 1693 2863 Vox

970 2888 1053 2928 infra
1071 2887 1156 2918 deest
1173 2888 1214 2918 V.
1231 2887 1278 2918 ed.
1297 2887 1336 2917 O.
1353 2891 1387 2915 Δ.
1405 2891 1446 2915 Π.
1463 2889 1497 2916 Σ.
1516 2890 1690 2925 ,tm—supe·
