1894 3253
628 244 862 294 LIBER
922 243 1230 294 PRIMUS.

1618 253 1674 299 71

378 379 491 422 Tum
512 394 639 435 porro
660 380 794 420 varios
815 393 953 420 rerum
974 379 1171 420 sentimus
1192 378 1358 429 odores;

199 460 285 496 300
318 455 407 497 Nec
429 464 566 496 tamen
588 454 641 495 ad
662 454 797 496 nareis
818 454 1041 494 venienteis
1062 454 1266 495 cernimus
1287 467 1503 510 umquam;

319 530 408 572 Nec
430 529 585 570 validos
606 538 729 570 aestus
749 529 920 578 tuimur,
943 543 1019 568 nec
1039 527 1195 585 frigora
1214 529 1376 584 quimus

319 605 535 659 Usurpare
555 603 703 652 oculis;
736 617 813 643 nec
834 616 953 643 VOCCS
974 616 1143 644 cernere
1163 617 1340 643 suemus:

215 760 288 791 Ver.
304 764 377 790 500.
402 762 571 791 (vt-nimus:
601 765 646 789 Ω.
663 761 825 790 credimus.
861 759 905 790 Et

169 823 370 851 summopere
381 812 489 850 miror,
506 812 693 842 Lucretium
709 822 773 841 non
789 811 905 841 evitare

171 864 414 905 ambiguitatem
430 863 592 903 illepidam
608 863 754 902 voluisse,
770 864 906 893 scriben-

171 915 213 946 do
228 918 341 946 narim.
388 915 678 946 Prudentissimum
690 920 735 945 est
747 915 785 945 de
801 915 859 945 hac
874 925 907 945 re

172 967 364 1005 Quintiliani
384 966 558 1007 judicium,
579 973 610 996 et
636 967 812 996 imitatione
838 965 906 1006 dig-

172 1019 356 1056 nissimum,
392 1018 434 1048 ad
457 1018 541 1048 instt.
565 1017 628 1048 viii.
653 1021 681 1047 2.
728 1021 750 1035 “
767 1017 907 1047 Vitanda

168 1074 190 1089 “
211 1070 245 1100 in
263 1069 373 1109 primis
399 1069 604 1109 ambiguita53
629 1079 694 1099 non
709 1070 775 1098 haec
791 1069 906 1107 solum,

168 1124 190 1140 “
206 1131 322 1161 —quae
348 1121 506 1150 incertum
528 1120 724 1150 intellectum
748 1120 832 1156 facit,
859 1126 906 1158 ut,

174 1176 197 1191 “
217 1175 403 1203 Chremetem
419 1174 528 1202 audiui
536 1174 721 1211 percussisse
737 1173 887 1201 Demeam
895 1186 905 1206 ;

172 1227 195 1243 “
212 1223 268 1254 sed
294 1223 348 1253 illa
364 1233 501 1264 quoque,
529 1234 610 1263 quae,
635 1223 730 1253 etiam
745 1222 772 1252 si
787 1224 912 1253 turbare

171 1278 192 1294 ‘⁶
210 1285 276 1305 non
292 1281 396 1314 potest
411 1285 551 1313 sensum,
569 1275 602 1304 in
619 1274 706 1304 idem
723 1280 830 1304 tamen
847 1285 914 1304 ver-

168 1333 191 1346 “
206 1329 319 1358 borum
334 1327 448 1356 vitium
463 1326 588 1356 incidit:
616 1333 664 1364 ut,
689 1326 715 1356 si
730 1327 800 1367 quis
815 1326 907 1365 dicat,

168 1382 191 1397 “
215 1380 318 1409 Visum
335 1389 354 1408 a
371 1389 400 1408 se
416 1380 567 1408 hominem
584 1379 695 1408 librum
712 1380 904 1409 scribentem.-

170 1433 193 1448 “
210 1440 299 1467 nam,
324 1429 420 1459 etiam
436 1429 462 1458 si
478 1428 595 1459 librum
611 1430 650 1459 ab
671 1429 802 1459 homine
818 1429 910 1460 scribi

167 1485 190 1500 “
205 1488 319 1521 pateat,
343 1481 427 1512 male
450 1487 558 1511 tamen
576 1488 805 1520 composuerat,
828 1481 909 1511 fece-

164 1536 189 1552 “
199 1540 308 1575 ratque
318 1533 515 1574 ambiguum,
527 1540 682 1574 quantum
693 1533 726 1563 in
736 1534 804 1573 ipso
814 1533 909 1564 fuit.'’

170 1585 236 1616 Sed
251 1596 284 1616 re
300 1585 373 1616 vera
392 1586 500 1616 Ovidii
516 1586 736 1616 testimonium
750 1585 788 1616 de
803 1586 911 1616 Ennio

168 1637 288 1678 magna
303 1648 340 1668 ex
356 1644 442 1677 parte
464 1639 498 1668 in
525 1639 651 1678 po'e'tam
674 1644 819 1668 nostrum
843 1648 909 1668 rec-

170 1689 291 1721 tissime
306 1690 382 1720 ferri
397 1696 532 1730 poterat:

251 1758 359 1787 Ennius,
371 1757 481 1789 ingemo
493 1757 644 1787 maximus,
655 1760 710 1781 arte
722 1757 805 1781 rudis.

217 1809 292 1839 Ver.
307 1812 382 1839 501.
411 1811 545 1839 validos:
571 1809 590 1838 i.
608 1820 632 1838 e.
661 1815 833 1848 utcumque
859 1818 911 1837 ve-

175 1862 340 1890 hementes
355 1866 448 1899 atque
460 1860 600 1890 efficaces
612 1861 687 1898 sint,
703 1861 736 1890 in
747 1860 913 1890 oculorum

174 1910 323 1940 notitiam
353 1920 416 1939 non
449 1910 586 1948 caduut;
610 1911 715 1941 multo
745 1911 864 1949 minus,
888 1911 913 1941 si

176 1961 318 1991 mitiores
340 1961 478 1998 veniant,
510 1962 577 1992 visu
594 1969 700 1992 nostro
715 1968 789 1992 sunt
803 1963 912 2002 arripi-

174 2012 261 2042 endi.
295 2014 533 2052 Argumentum
544 2024 562 2043 a
577 2013 699 2043 fortiori
711 2013 911 2044 concludens.

181 2063 234 2094 Ita
263 2073 465 2103 reposueram
495 2074 532 2093 ex
566 2064 713 2104 ingenim
747 2069 779 2094 et
806 2070 915 2103 postea

172 2115 363 2145 divinationi
378 2126 457 2146 meae
472 2116 665 2146 subscribere
676 2116 818 2146 intellexi
833 2116 914 2146 vidi-

173 2177 239 2208 que
254 2167 376 2198 codices
391 2167 522 2207 scriptos
538 2169 575 2199 B.
595 2174 626 2198 et
643 2174 677 2199 Δ.
696 2168 820 2204 Caeteri,
837 2171 913 2199 cali-

176 2221 251 2258 dos‚·
275 2231 339 2250 non
355 2221 488 2251 absurde
503 2231 558 2260 per
574 2231 606 2251 se
612 2233 622 2259 ;
646 2221 690 2251 sic
705 2221 793 2251 enim
809 2221 915 2251 Hora-

178 2270 258 2309 tius,
272 2276 328 2301 sat..
344 2271 364 2301 i.
386 2275 411 2301 l.
427 2275 481 2302 58.

439 2360 503 2377 cum
515 2357 543 2378 te
554 2360 641 2384 neque
644 2353 776 2384 fervidus
786 2357 863 2378 aestus

213 2392 365 2416 Demoveat
376 2392 464 2417 lucro:

179 2462 240 2493 sed
254 2462 315 2492 loci
331 2463 478 2493 efficaciae
493 2464 595 2494 multo
609 2465 717 2495 minus
732 2471 915 2504 opportune.

183 2513 330 2544 Eandem
341 2524 433 2553 porro
448 2515 686 2555 castigationem
696 2516 828 2546 Lucano
840 2527 918 2557 quo-

179 2575 243 2605 que
269 2574 334 2595 non
357 2565 578 2606 denegandam
607 2577 684 2605 esse,
719 2566 806 2597 haud
835 2578 918 2608 aegre

181 2617 366 2647 fatebuntur
392 2627 514 2656 omnes,
538 2618 600 2648 nisi
627 2618 683 2659 qui
709 2619 919 2658 pronuncient

181 2679 262 2699 eum
285 2680 392 2699 sensus
416 2680 489 2700 suos
513 2671 614 2701 verbis
637 2670 786 2710 appositis
811 2672 920 2702 efferre

185 2720 277 2750 nuno
293 2721 388 2751 modo
403 2722 514 2762 quisse.
560 2722 674 2757 Locus,
698 2721 738 2751 de
759 2732 823 2762 quo
837 2724 921 2764 cogi-

187 2776 302 2808 tamus,
319 2772 352 2802 in
368 2773 400 2803 ii.
418 2777 490 2804 724.
514 2773 641 2814 legitur,
665 2773 721 2804 ubi
735 2773 775 2803 de
790 2773 841 2804 die
866 2785 920 2814 ap-

184 2823 419 2864 propinquante
434 2825 586 2866 loquitur:

217 2891 382 2924 Maioresque
393 2893 479 2919 latent
492 2895 589 2926 stellae,
602 2894 780 2927 validumque
790 2894 890 2928 refugit

218 2929 328 2956 Lucifer
337 2932 394 2964 igne
405 2934 489 2959 diem·

234 2986 324 3019 Vox..
342 2988 370 3019 L
898 2992 925 3022 F

950 759 1068 800 Vulgo,
1085 762 1221 790 calidum
1230 773 1239 790 .·
1259 759 1324 798 sed‚
1339 760 1364 790 si
1377 759 1424 790 vel
1436 760 1535 800 ipsam
1544 760 1589 790 rei
1600 759 1680 790 veri·

949 817 1058 850 tatem,
1086 811 1134 841 vel
1150 817 1336 842 contextum
1359 813 1471 851 po'etae,
1498 812 1680 852 perpendas,

951 873 1015 893 non
1031 865 1131 894 calore
1148 863 1232 902 solis,
1259 863 1314 894 sed
1340 865 1483 895 claritate
1500 866 1682 904 potentiore,

952 915 1136 946 Luciferum
1150 916 1202 945 vix
1217 916 1348 957 negabis
1363 916 1558 957 praegravari.
1604 916 1681 947 Ovi-

952 968 1035 1006 dius,
1054 974 1129 999 met.
1146 969 1198 999 vii.
1217 973 1247 1000 9.

1013 1027 1139 1059 Concipit
1150 1027 1252 1052 interea
1263 1028 1369 1053 validos
1382 1028 1480 1053 AEetias
1490 1028 1572 1060 ignes:

951 1087 1026 1106 nani
1043 1076 1120 1107 ordo
1134 1078 1301 1107 verborum
1318 1077 1352 1107 in
1368 1078 1500 1108 Lucano
1511 1084 1571 1108 est:
1587 1080 1610 1096 “
1624 1077 1684 1108 Di-

955 1132 977 1146 “
994 1139 1057 1166 em,
1073 1128 1224 1165 validum,
1242 1129 1261 1159 i.
1277 1140 1303 1159 e.
1320 1129 1491 1168 efficacem,
1518 1131 1555 1160 ab
1581 1129 1686 1170 igne.''

957 1179 1063 1210 Solere
1078 1180 1220 1210 librarios
1235 1181 1269 1210 in
1292 1181 1340 1210 his
1362 1181 1521 1211 vocabulis
1547 1183 1686 1219 turbare,

959 1237 989 1261 te
1005 1233 1212 1263 Burmannus
1226 1233 1389 1264 certiorem
1404 1233 1510 1270 faciet,
1533 1232 1575 1262 ad
1599 1232 1691 1262 Ovid.

959 1289 1035 1314 met.
1052 1294 1100 1314 xv.
1115 1288 1189 1315 524.
1212 1291 1243 1315 et
1266 1283 1545 1314 Drakenborchius
1568 1283 1608 1313 ad
1637 1282 1690 1314 Sil.

955 1337 995 1366 lt.
1012 1346 1059 1366 xv.
1076 1340 1148 1368 557.
1174 1336 1266 1367 Idem
1284 1336 1383 1374 Naso,
1400 1336 1461 1365 xiv.
1476 1338 1552 1366 552.

1150 1397 1243 1422 valido
1255 1401 1379 1422 mentem
1391 1396 1500 1428 collegit
1512 1396 1545 1419 ab
1557 1398 1630 1419 aestu.

956 1447 1005 1477 Ibi
1021 1447 1137 1486 pariter
1152 1447 1232 1477 liber
1247 1457 1331 1477 unus
1348 1447 1421 1477 MS.
1443 1447 1545 1477 calido
1561 1445 1685 1484 praebet.

956 1500 1026 1529 Art.
1042 1498 1169 1529 amand.
1186 1498 1230 1529 iii.
1246 1501 1319 1530 543.

1214 1557 1362 1589 validoque
1374 1557 1529 1589 perurimur
1540 1561 1615 1581 aestu.

958 1605 1047 1635 Hinc
1059 1605 1286 1646 languidulum
1299 1606 1454 1645 Propertii
1466 1617 1591 1637 versum
1601 1605 1692 1636 facile

955 1658 1129 1696 resuscites,
1145 1658 1189 1689 iii.
1206 1662 1255 1689 25.
1277 1662 1324 1689 17.

988 1719 1065 1741 Nunc
1077 1718 1189 1742 demum
1202 1717 1295 1742 valido
1305 1717 1366 1742 fessi
1378 1717 1555 1749 resipiscimus
1564 1720 1640 1741 aestu.

956 1767 1057 1805 Libri,
1088 1774 1179 1798 vasto.
1203 1767 1375 1803 Arnobius,
1399 1767 1453 1797 lib.
1477 1767 1512 1797 ii.
1539 1777 1570 1806 p.
1598 1770 1694 1798 57.—

958 1822 979 1835 “
995 1818 1052 1848 sed
1073 1818 1118 1848 ita
1140 1824 1331 1857 temperatus
1357 1824 1388 1848 et
1413 1818 1549 1855 medius,
1574 1823 1611 1848 ut
1635 1828 1694 1849 nec

959 1874 981 1888 “
996 1870 1121 1911 frigoris
1136 1870 1290 1910 hyemalis
1306 1880 1444 1906 sensum,
1472 1880 1531 1900 nec
1552 1872 1693 1901 ardorem

958 1926 980 1941 “
996 1925 1132 1954 validum
1163 1923 1355 1961 perpetiatur
1386 1922 1532 1952 aestatis.’¹
1579 1923 1693 1963 Neque

958 1974 1087 2014 pulcher
1102 1974 1188 2004 locus
1204 1975 1287 2004 Ven.
1305 1975 1394 2005 Hon.
1411 1974 1577 2005 Fortunati
1603 1974 1693 2005 nobis

958 2025 1082 2056 nullam
1097 2035 1226 2064 operam
1241 2026 1380 2064 navabit,
1404 2025 1522 2067 dignus
1543 2025 1598 2066 qui
1613 2025 1692 2066 poli-

957 2079 1018 2110 tior
1032 2079 1170 2119 legatur:
1189 2079 1253 2111 viij.
1267 2083 1299 2109 5.
1318 2083 1344 2111 l.

989 2167 1050 2189 Post
1061 2168 1246 2197 tempestates,
1258 2169 1285 2190 et
1296 2164 1403 2189 turbida
1415 2164 1506 2189 nubila
1516 2164 1591 2194 coe1i,

1023 2207 1107 2238 Quum
1120 2205 1187 2231 solet
1196 2206 1294 2230 infesto
1305 2210 1377 2231 terra
1388 2206 1473 2237 rigere
1485 2205 1545 2237 gelu
1552 2214 1560 2235 ;

990 2248 1051 2270 Post
1064 2245 1172 2270 validas
1184 2246 1289 2278 hyemes,
1302 2253 1333 2270 ac
1346 2245 1432 2270 tristia
1442 2245 1542 2276 frigora
1551 2245 1670 2274 brumae,

1023 2288 1144 2313 Flamine
1155 2288 1200 2312 sub
1212 2288 1296 2320 rapidi
1307 2295 1370 2312 rura
1378 2290 1508 2319 gravante
1519 2286 1598 2316 Noti3

988 2330 1145 2355 Succedunt
1157 2329 1256 2353 iterum
1269 2327 1387 2353 vernalia
1397 2331 1521 2359 tempora
1533 2325 1649 2355 mundo,

1021 2371 1161 2401 Grataque
1171 2373 1232 2401 post
1244 2368 1358 2401 glaciem
1370 2371 1501 2400 provocat
1511 2373 1576 2391 aura
1585 2366 1669 2392 diem.

964 2446 1005 2476 In
1021 2444 1160 2476 secundo
1176 2454 1267 2475 versu
1289 2444 1385 2484 vulgo
1400 2442 1554 2478 scribitur,
1570 2453 1648 2482 quo:
1672 2442 1693 2473 i.

961 2509 987 2529 a
1002 2510 1110 2539 quom:
1136 2503 1167 2528 et
1192 2498 1226 2527 in
1241 2503 1364 2538 quarto,
1386 2507 1451 2534 seu,
1478 2494 1695 2528 insulsissime.

962 2551 1131 2591 Apuleius,
1147 2550 1187 2581 de
1201 2550 1335 2580 mundo:

977 2610 1088 2642 Spiritus
1101 2614 1141 2636 est
1152 2610 1268 2640 cunctis,
1279 2608 1446 2640 validusque
1456 2611 1496 2633 est
1504 2608 1609 2640 Jupiter
1619 2608 1694 2641 ignis.

967 2661 1058 2691 Hinc
1082 2660 1207 2699 proprio
1234 2659 1380 2690 acumine
1403 2669 1597 2690 correxeram
1619 2658 1696 2690 Vir-

965 2711 1095 2752 gilium,
1124 2721 1191 2751 geo.
1209 2711 1253 2741 iii.
1269 2713 1344 2742 459.
1367 2720 1443 2740 nam
1457 2722 1474 2743 c
1489 2717 1520 2742 et
1534 2718 1547 2742 t
1561 2711 1613 2741 vix
1635 2710 1697 2742 dis-

966 2765 1093 2805 tinguas
1110 2763 1142 2793 in
1158 2763 1332 2793 codicibus:

1013 2822 1117 2847 Profuit
1129 2822 1236 2847 intensos
1247 2825 1323 2846 aestus
1331 2826 1468 2848 avertere:

967 2886 1037 2917 quae
1053 2874 1214 2905 verissima
1229 2880 1275 2905 est
1286 2874 1475 2913 emendatio,
1491 2880 1522 2905 et
1533 2873 1594 2904 loci
1605 2883 1699 2913 scopo

965 2926 1230 2959 commodissima.
1269 2925 1361 2957 Idem
1371 2925 1442 2967 jam
1452 2926 1590 2957 Heinsio
1605 2934 1697 2956 vene-
