1894 3253
668 260 903 309 LIBER
953 256 1261 307 PRIMUS.

1636 261 1724 302 145

368 397 586 447 Concedit,
610 410 742 452 neque
763 394 1005 450 corporibus
1025 392 1154 433 finem
1173 405 1259 432 esse
1280 387 1475 430 secandis.

255 478 338 514 845
372 472 467 522 Qusi
491 488 534 512 re
554 473 598 512 in
619 470 792 526 utraque
812 469 913 510 mihi
930 467 1083 522 pariter
1103 466 1262 506 ratione
1282 463 1444 504 videtur

376 547 528 589 Errare
536 564 547 596 ;
581 554 704 600 atque
723 544 798 584 illis
812 544 947 598 juxta,
970 556 1073 596 quos
1093 540 1276 580 diximus
1297 547 1405 579 ante.

436 620 570 669 Adde,
594 618 705 674 quod
727 616 913 658 inbecilla
933 615 1055 655 nimis
1074 612 1302 668 primordia
1322 612 1462 668 fingit3

375 695 419 737 Si
439 693 668 749 primordia
689 701 798 741 sunt,
821 690 941 731 simili
962 703 1055 744 quae
1074 686 1252 743 praedita
1271 693 1463 726 constant

377 767 535 809 Natura
558 775 680 822 atque
703 766 803 820 ipsae
824 779 887 806 res
908 771 1021 812 sunt3
1055 776 1253 817 aequeque
1273 760 1477 809 laborant,

262 848 344 885 850
378 842 433 883 Et
451 849 625 897 pereunt
633 859 645 891 ς
679 854 812 895 neque
832 839 885 880 ab
905 838 1032 880 exitio
1053 851 1118 877 res
1141 834 1219 877 ulla
1240 834 1445 876 refraenat.

231 1003 311 1032 idem
325 1006 429 1040 parte,
445 999 642 1036 exliibentcs3
658 998 712 1028 sed
727 1004 813 1028 extra
827 997 962 1028 dubium

228 1053 493 1092 vitiose—parte:
524 1058 565 1082 Π.
590 1053 799 1091 parterm—in
817 1052 902 1081 abest
920 1057 963 1081 Ω.

230 1104 353 1135 Finalis
368 1103 475 1143 utique
491 1102 631 1132 vocabuli
655 1102 856 1141 praecedentis
871 1101 963 1142 sylla·

231 1157 282 1194 ba,
299 1155 384 1196 quod
400 1154 520 1185 adsolet
536 1154 614 1191 fleri,
635 1154 793 1194 absorpsit.

277 1208 352 1237 Ver.
368 1211 440 1237 844.
463 1218 542 1237 esse:
569 1206 668 1236 Vind.
685 1207 725 1236 V.
748 1205 795 1236 ed.
813 1207 851 1236 B.
872 1213 911 1236 Π.
929 1211 963 1237 Σ.

233 1262 329 1290 inesse
337 1275 348 1294 ;
373 1258 459 1288 finali
488 1256 577 1287 litera
604 1257 808 1296 praecedentis
822 1257 905 1286 vocis
931 1257 965 1286 in

232 1310 373 1340 alienum
389 1309 495 1339 locum
511 1308 664 1347 provecta,
692 1318 795 1340 errore
810 1308 966 1338 contrario

233 1362 274 1400 ei,
292 1371 387 1401 quem
402 1360 583 1400 nuperrime
598 1360 772 1400 attigimus.

278 1412 351 1442 Ver.
369 1415 441 1442 846.
466 1411 506 1442 Id
522 1418 579 1449 est,
605 1411 645 1441 In
661 1404 792 1452 utraque
807 1422 843 1441 re
853 1411 967 1450 pariter

231 1469 347 1501 errant,
373 1468 466 1503 atque
493 1463 589 1492 etiam
623 1466 646 1481 “
663 1463 800 1493 similem
825 1473 963 1493 errorem

234 1519 257 1534 “
276 1514 432 1545 Heracliti
453 1514 616 1553 discipulis
638 1525 731 1553 supra
753 1514 965 1544 memoratis.”

236 1567 337 1598 Hunc
352 1576 488 1604 versum,
507 1566 550 1596 sic
566 1572 602 1596 ut
618 1566 713 1605 edidi,
723 1577 761 1597 ex
777 1567 969 1597 divinatione

238 1619 324 1659 prius
347 1618 597 1654 emendaveram,
622 1629 719 1658 quam
743 1618 853 1648 eodem
877 1618 971 1648 modo

236 1670 331 1709 plane
362 1670 514 1709 scriptum
536 1669 710 1700 invenerim
733 1670 767 1699 in
797 1669 903 1700 codice
935 1674 972 1700 Σ.

243 1721 350 1761 Vulgo
366 1721 573 1760 imprimitur:

372 1783 454 1810 atque
465 1779 502 1804 illi
512 1783 603 1811 supera
616 1786 683 1811 quos
690 1780 810 1805 diximus
822 1784 895 1805 ante.

239 1828 320 1858 Vice
337 1842 392 1859 erm
417 1830 467 1858 illi
489 1839 598 1868 supera
623 1841 709 1869 quos,
733 1830 826 1859 habet
851 1829 890 1859 G.
914 1830 976 1860 illis

239 1882 288 1911 viz*
303 1891 322 1909 a
340 1891 415 1919 qu0;
433 1880 530 1910 Vind.
544 1881 585 1911 V.
598 1881 644 1911 ed.
663 1881 700 1911 B.
717 1882 865 1921 illz'sjura
881 1884 972 1921 quod,-

244 1935 281 1961 Δ.
300 1937 341 1961 Π.
365 1933 428 1961 illis
441 1931 522 1970 jura
539 1943 628 1971 quos5
652 1931 689 1962 L.
716 1934 778 1963 illis
794 1934 860 1963 vira
876 1934 956 1973 quod
965 1949 976 1968 ‚-

244 1982 291 2012 M.
321 1984 370 2012 illi
393 1985 478 2013 siura
504 1995 561 2024 quo
569 1998 579 2019 ,⁴
613 1984 652 2014 O.
676 1986 737 2015 illis
758 1985 858 2024 jungi
886 1986 975 2025 quod.

246 2033 338 2063 Nihil
354 2033 506 2064 sincerius
521 2041 566 2065 est
581 2035 688 2065 nostra
702 2035 844 2066 lectione.

286 2084 367 2115 Ibid.
391 2087 454 2116 illis
460 2086 568 2125 jai-ta.
616 2086 666 2116 Ita
680 2086 802 2125 Livius,
825 2087 906 2117 xxiv.
926 2090 972 2118 19.

243 2139 340 2167 6.--“
353 2137 467 2167 Fabius
482 2138 689 2168 omittendam
704 2149 771 2169 rem
786 2150 925 2178 parvam,
939 2149 975 2170 ac

244 2189 368 2228 “juxta
392 2192 513 2229 magnis
528 2190 703 2229 difficilem,
726 2192 973 2222 abscedendum-

243 2244 265 2258 ⁴‘
280 2250 342 2280 que
370 2241 455 2279 inde,
480 2242 655 2273 censebat.”
701 2242 894 2281 Priscianus,
917 2243 972 2274 lib.

245 2290 328 2321 xviii.
340 2301 369 2328 p.
389 2295 479 2323 1172.
505 2297 525 2312 ‘⁶
537 2295 633 2324 Juxta
649 2300 680 2324 et
695 2305 802 2334 prope,
819 2302 850 2325 et
864 2297 978 2334 dativo,

250 2344 271 2358 ⁴‘
287 2347 318 2370 et
332 2343 518 2379 accusativo,
530 2344 742 2384 junguntur.”

292 2392 368 2422 Ver.
393 2397 465 2424 847.
491 2397 632 2425 inbecilla
643 2410 652 2426 :
679 2397 715 2427 L.
742 2398 791 2428 M.
816 2399 981 2429 imbecilla.

252 2447 287 2474 Σ.
310 2445 474 2475 imbecillia
482 2461 492 2481 ‚·
517 2457 587 2486 quae
603 2448 746 2478 confusio
761 2459 798 2478 ex
812 2450 983 2479 consimili-

249 2495 308 2524 bus
324 2493 430 2531 literis,
446 2502 483 2526 ut
499 2496 543 2534 fit,
561 2504 669 2528 exorta
684 2505 738 2529 est.

296 2546 368 2577 Ver.
386 2550 457 2578 851.
481 2549 629 2588 obpressa.
658 2550 777 2580 Vocem
790 2550 935 2582 adhibuit
949 2552 983 2582 in

251 2598 321 2628 loco
337 2600 491 2629 sermonis
514 2601 747 2641 exquisitissimi
772 2603 920 2634 Sidonius
935 2606 981 2634 A·

251 2650 426 2689 pollinaris‚
457 2652 545 2691 epist.
571 2655 612 2683 ix.
639 2657 686 2683 11.
725 2658 748 2672 “
776 2655 877 2696 Cujus
905 2658 984 2687 lucis

254 2705 277 2720 ‘⁸
292 2703 396 2732 aculeo
423 2713 488 2732 non
513 2703 579 2734 sola
602 2710 782 2743 penetratur
807 2713 861 2737 aut
891 2717 985 2738 arena

251 2756 277 2772 “
293 2754 427 2793 subtilis,
443 2762 498 2785 aut
509 2757 627 2786 humus
640 2757 771 2795 fossilis;
788 2758 851 2794 sed,
863 2759 888 2789 si
901 2760 985 2790 saxei

253 2808 277 2824 “
291 2806 409 2836 montis
438 2819 579 2847 oppressu
615 2808 751 2838 fontium
784 2810 984 2842 conditorum

254 2859 276 2875 ‘⁴
292 2865 373 2887 vena
387 2858 517 2898 celetur,
540 2861 639 2899 aperit
661 2871 812 2890 arcanum
833 2861 981 2901 liquentis

255 2910 278 2926 “
294 2908 442 2940 elementi
465 2917 653 2942 secretorum
677 2911 847 2942 coelestium
871 2919 982 2944 natura

258 2961 279 2978 ‘⁶
294 2960 491 2993 violentior.''
537 2964 580 2994 Et
595 2975 668 2994 cum
685 2964 915 3006 elegantissima
935 2965 981 2996 lo-

1006 995 1131 1026 cutione
1154 995 1232 1024 lucis
1263 994 1367 1024 aculeo
1398 990 1532 1022 suaviter
1561 989 1739 1021 committas

1008 1045 1229 1076 Lucretianam
1245 1044 1332 1073 illam
1347 1043 1501 1082 superius,
1517 1052 1577 1072 ver.
1597 1045 1666 1072 148.

1419 1130 1504 1155 lucida
1515 1130 1564 1154 tela
1576 1130 1643 1159 die'1;

1010 1215 1039 1239 et
1055 1219 1101 1244 ea,
1119 1218 1188 1248 quae
1203 1208 1246 1238 ibi
1262 1213 1366 1237 nostra
1381 1207 1528 1237 sedulitas
1543 1205 1718 1237 contulerit.

1054 1259 1127 1289 Ver.
1146 1262 1216 1289 852.
1240 1259 1393 1298 ecfugiat:
1424 1259 1465 1289 G.
1484 1259 1524 1288 V.
1552 1257 1602 1288 ed.
1628 1258 1663 1288 L.
1691 1257 1738 1286 M.

1013 1317 1056 1341 Ω.
1072 1311 1189 1350 efficiat
1198 1325 1208 1345 ,·
1225 1309 1279 1339 sed
1291 1309 1383 1348 plane
1395 1308 1576 1339 incredibile
1591 1314 1638 1338 est
1652 1318 1743 1337 men-

1011 1362 1119 1392 dosam
1135 1372 1200 1391 esse
1217 1368 1372 1400 receptam
1387 1360 1571 1397 dictionem,
1587 1359 1648 1389 nisi
1662 1357 1739 1399 quid

1010 1413 1174 1450 sublateat,
1192 1413 1242 1442 cui
1258 1411 1468 1452 protrahendo
1480 1409 1660 1449 nosmetipsi
1676 1419 1740 1439 non

1010 1467 1332 1496 sumus—dentibus:
1358 1465 1396 1495 P.
1414 1464 1455 1494 V.
1471 1463 1518 1493 ed.
1534 1464 1674 1494 coetibus:
1703 1461 1742 1493 Ο.

1011 1519 1224 1553 εαὸεηηιὶὸαε,·
1264 1522 1298 1547 Δ.
1326 1523 1366 1547 Π.
1398 1518 1546 1551 tentibus;
1572 1520 1607 1546 Σ.
1630 1516 1743 1545 utenti-

1013 1571 1075 1600 bus.

1062 1621 1144 1651 Ibid.
1177 1623 1232 1651 leti
1256 1621 1403 1650 dentibus.
1449 1619 1630 1659 Imaginem
1659 1616 1746 1647 haud

1017 1673 1119 1703 multo
1133 1673 1364 1711 discrepantem
1379 1671 1470 1701 finxit
1485 1671 1581 1701 etiam
1593 1669 1632 1700 ad
1644 1679 1670 1699 v,
1683 1672 1747 1700 574

1018 1728 1104 1756 -57
1108 1728 1136 1756 7.
1160 1735 1223 1765 quo
1238 1731 1269 1754 te
1283 1724 1406 1753 referas.
1454 1723 1640 1762 Opportune
1652 1722 1748 1751 Lam-

1019 1776 1113 1806 binus
1123 1775 1302 1806 Arnobium
1319 1774 1486 1810 suscitavit,
1497 1774 1549 1804 lib.
1561 1773 1664 1803 ii.——“
1676 1783 1750 1803 cum

1020 1831 1042 1845 “
1058 1829 1097 1857 ab
1121 1837 1246 1857 summo
1268 1826 1418 1856 traditum
1434 1831 1597 1856 teneamus
1612 1830 1750 1861 auctore,

1021 1882 1043 1897 “
1060 1889 1124 1908 non
1141 1889 1206 1908 esse
1221 1878 1342 1908 animas
1356 1877 1451 1917 longe
1466 1878 1505 1907 ab
1520 1878 1654 1907 hiatibus
1669 1886 1751 1906 mor-

1021 1934 1044 1948 “
1059 1933 1099 1961 tis
1114 1937 1142 1961 et
1147 1930 1297 1971 faucibus
1313 1928 1572 1959 constitutas—.’'

1064 1982 1140 2012 Ver.
1159 1985 1230 2013 855.
1257 1980 1451 2012 Concinnavi
1463 1979 1611 2009 lectiones
1620 1979 1752 2019 hujusce

1017 2033 1122 2063 verssis
1136 2043 1173 2063 ex
1192 2033 1378 2070 rationibus,
1392 2042 1462 2072 quae
1474 2031 1553 2061 mihi
1563 2031 1750 2061 videbantur

1018 2086 1081 2116 veri
1093 2085 1272 2123 simillimae,
1286 2085 1417 2125 ingenio
1426 2084 1540 2124 partim
1553 2083 1657 2122 nixus,
1670 2083 1750 2112 inter

1017 2137 1229 2168 vexatissimas
1265 2137 1411 2168 codicum
1448 2136 1628 2172 varietates3
1674 2145 1752 2175 quas

1018 2189 1131 2220 deinde
1148 2189 1353 2220 recensendas
1369 2189 1512 2219 officium
1528 2187 1669 2218 muneris
1684 2197 1752 2217 sus-

1022 2242 1105 2281 cepti
1120 2241 1265 2281 postulat.

1023 2295 1129 2332 Ignis:
1159 2293 1198 2322 G.
1216 2292 1264 2322 M.
1289 2293 1432 2332 Ignz'bus5
1457 2291 1541 2332 quod
1564 2296 1645 2321 certe
1660 2289 1753 2320 nihili

1025 2351 1071 2375 est
1087 2344 1449 2384 faciendum—sanguis
1465 2355 1505 2374 αη
1516 2344 1532 2373 ‚⁴⁹
1549 2354 1629 2374 anne
1644 2343 1699 2373 os?
1716 2342 1754 2372 L.

1028 2396 1076 2426 M.
1095 2402 1141 2426 Ω.
1166 2397 1320 2435 sanguis?
1344 2407 1385 2426 an
1409 2407 1457 2426 os:
1487 2401 1518 2425 et
1541 2396 1607 2424 haec
1629 2398 1753 2423 secutus

1029 2453 1076 2477 est
1114 2447 1365 2486 Havercampm,
1403 2446 1526 2476 diaeresi
1562 2445 1597 2474 in
1626 2446 1755 2484 sangn'is

1029 2498 1122 2536 facta,
1140 2504 1176 2529 ut
1192 2499 1226 2529 in
1242 2499 1403 2539 dactylum
1419 2498 1657 2538 produceretur3
1670 2495 1756 2537 quod

1028 2551 1161 2581 minime
1187 2551 1304 2581 arridet
1330 2551 1430 2588 nobis,
1454 2556 1489 2580 ut
1512 2555 1630 2579 taceam
1647 2548 1686 2578 de
1708 2558 1756 2578 er-

1026 2612 1096 2631 rore
1121 2602 1252 2632 metrico
1277 2602 1311 2632 in
1341 2613 1401 2632 an:
1428 2600 1528 2631 Vind.
1552 2602 1691 2640 sanguis,
1714 2611 1757 2630 an

1027 2665 1091 2684 ossa
1099 2671 1109 2690 ‚-
1133 2665 1198 2684 non
1221 2653 1315 2691 male,
1344 2653 1369 2683 si
1391 2652 1457 2682 ullo
1471 2652 1567 2682 modo
1582 2662 1655 2682 cum
1670 2651 1758 2681 libris

1027 2704 1208 2735 melioribus
1238 2704 1439 2734 consentiret:
1478 2704 1512 2734 P.
1539 2709 1572 2734 Σ.
1595 2705 1758 2743 sanguinis

1029 2757 1070 2785 aci
1088 2767 1154 2791 nos;
1181 2761 1211 2785 et
1226 2755 1306 2784 alius
1323 2755 1418 2785 codex
1436 2756 1468 2785 in
1485 2755 1567 2786 notis
1581 2756 1659 2795 ejus,
1683 2765 1756 2784 san-

1026 2808 1098 2846 guis
1115 2807 1225 2845 ἇμοιως.·
1252 2807 1291 2836 V.
1309 2806 1356 2836 ed.
1372 2808 1498 2846 sanguis
1512 2817 1608 2836 omos:
1630 2812 1670 2836 Π.
1686 2816 1758 2836 san·

1023 2859 1131 2897 guinis
1156 2868 1269 2893 annos5
1304 2857 1343 2888 O.
1374 2869 1511 2897 sanguen
1541 2869 1582 2887 αη
1614 2868 1696 2891 ossa,·
1722 2861 1757 2885 Δ.

1025 2919 1162 2947 sanguen
1173 2911 1214 2939 ad
1225 2920 1288 2940 nos.
1314 2909 1387 2939 Sero
1398 2908 1613 2944 animadverti,
1626 2907 1760 2937 editores

1028 2958 1232 2990 Basiliensem
1263 2965 1294 2990 et
1333 2960 1564 2997 Florentinum,
1601 2966 1759 2988 annorum
