1894 3253
561 260 797 309 LIBER
841 261 1253 311 SECUNDUS.

297 394 487 449 Corpora
506 394 776 444 constituunt,
799 402 840 435 et
860 401 1010 436 caetera
1029 394 1082 435 de
1101 409 1251 451 genere
1270 394 1420 436 horum

296 468 492 511 Paucula:
526 484 618 525 quae
639 484 767 525 porro
788 483 985 525 magnum
1007 483 1080 523 per
1101 469 1223 509 inane
1244 478 1461 526 vagantur,

184 547 261 585 105
296 544 459 585 Caetera
479 544 680 585 dissiliunt
699 543 837 600 longe,
860 542 1063 599 longeque
1084 552 1310 594 recursant,

293 619 345 660 In
366 619 526 675 magnis
546 618 784 668 intervallis;
818 617 907 658 haec
929 617 1024 658 a'e'ra
1044 633 1184 659 rarum

291 691 525 734 Subficiunt
545 692 679 742 nobis,
702 700 743 732 et
763 691 977 746 splendida
996 691 1154 733 lumina
1174 692 1279 733 solis.

348 765 566 822 Multaque
586 774 788 821 praeterea
812 781 1012 823 magnum
1033 781 1108 822 per
1128 767 1252 808 inane
1273 776 1489 823 vagantur,

290 840 484 882 Conciliis
505 855 644 882 rerum
665 856 759 898 quae
781 850 880 882 sunt
902 842 1064 896 rejecta,
1087 857 1163 883 nec
1184 857 1355 898 usquam

178 919 258 956 110
291 914 540 957 Consociare
558 916 681 957 etiam
702 918 834 958 coitus
856 924 1027 972 potuere
1048 924 1227 972 recepta:

144 1070 287 1109 claravit;
304 1072 358 1102 sed
369 1082 484 1109 vereor,
501 1083 542 1103 ne
556 1072 711 1102 rationem
728 1071 877 1112 genuinae

142 1122 314 1163 potestatis,
330 1128 365 1152 ut
380 1133 435 1162 par
451 1129 528 1161 erat,
554 1122 685 1153 fideliter
700 1129 878 1162 perceptam

143 1184 208 1204 non
224 1174 373 1204 habuerit.

186 1226 262 1256 Ver.
278 1230 328 1258 99.
351 1229 512 1257 condenso:
539 1230 574 1257 Δ.
597 1231 631 1258 Σ.
646 1233 690 1257 Ω..
720 1232 875 1262 conicum),-

142 1277 198 1307 sed
223 1277 384 1317 vulgatam
409 1277 545 1318 margini
563 1282 597 1309 Σ.
624 1277 739 1307 codicis
762 1287 877 1307 manus
914 1273 973 1302 ΡΨ
990 1262 1030 1291 V·

145 1328 256 1359 eadem
270 1328 386 1359 allevit.

185 1380 260 1410 Ver.
281 1383 349 1410 100.
371 1385 528 1410 convecta.-
554 1379 597 1409 V.
621 1378 669 1409 ed.
694 1384 729 1410 Δ.
746 1384 781 1411 Σ.
806 1390 877 1410 con-

141 1438 248 1463 necta:
268 1431 353 1462 unde
365 1442 430 1462 non
445 1431 550 1471 inepte
564 1431 790 1471 proposuerim,
806 1443 877 1462 con-

142 1485 219 1515 lecta
227 1499 239 1520 ;
273 1483 328 1514 sed
358 1483 458 1522 placet
495 1484 690 1523 reliquorum
727 1483 880 1514 librorum

144 1534 248 1571 lectio,
276 1545 372 1576 quam
399 1535 432 1565 in
457 1541 545 1565 textu
565 1535 736 1574 posuimus.
782 1536 878 1566 Com-

144 1597 258 1618 munes
272 1586 438 1625 editiones,
454 1589 713 1617 membranarum
726 1586 789 1617 fide
804 1598 878 1617 con-

145 1637 278 1677 culcata,
301 1639 340 1669 de
354 1650 412 1670 suo
434 1639 510 1669 dant
524 1651 666 1671 connexa.
714 1639 802 1669 Ordo
817 1646 875 1671 est:

144 1697 165 1710 “
181 1691 225 1721 Et
239 1701 445 1732 quaecunque,
467 1698 615 1722 convecta
632 1693 667 1733 (i.
683 1702 709 1721 e.
725 1691 837 1722 collata
852 1698 883 1722 et

143 1745 167 1762 “
184 1752 249 1772 sese
258 1742 454 1782 comitantia)
462 1749 543 1774 coetu
550 1742 650 1783 magis
659 1742 826 1779 condenso,
834 1754 881 1773 re-

142 1795 166 1812 “
182 1792 300 1823 sultant
314 1793 355 1824 ad
364 1794 501 1824 minores
509 1793 685 1831 distantias,
700 1792 750 1823 vel
762 1794 883 1835 exiguis

143 1850 165 1865 “
181 1847 360 1883 intervallis,
388 1849 564 1888 figurarum
591 1847 742 1888 peculiari
765 1847 876 1877 habitu

145 1899 166 1915 “
182 1897 367 1936 complicata
392 1898 536 1935 invicem,
567 1909 602 1930 ac
627 1899 776 1937 cohibita;
810 1900 876 1929 haec

144 1953 164 1966 “
180 1948 376 1979 constituunt
391 1949 522 1988 ferrum,
549 1957 581 1980 et
604 1950 749 1981 similia.”
795 1951 875 1987 Qui-

143 2001 204 2031 bus
219 2001 299 2030 nihil
315 2001 495 2040 dilucidius,
523 2009 576 2032 aut
591 2003 785 2040 concinnius,
802 2013 876 2044 ego-

146 2058 212 2082 met
227 2052 410 2084 desiderem.
456 2055 594 2085 Edicant
608 2055 748 2093 lectores,
763 2055 877 2096 quibus

138 2103 259 2144 judicia
274 2105 315 2135 ad
330 2107 385 2136 has
400 2107 584 2137 subtilitates
604 2109 700 2147 probe
717 2107 780 2137 sint
802 2109 874 2138 sub-

143 2162 220 2187 acta.
266 2157 344 2188 Pius
370 2158 404 2188 in
430 2159 512 2189 notis
527 2159 603 2190 dicit
617 2159 679 2200 legi
694 2159 788 2190 etiam
803 2172 874 2191 con-

146 2209 233 2243 nisa3
259 2208 343 2249 quod
359 2220 422 2239 non
438 2210 539 2250 capio.

190 2259 264 2290 Ver.
284 2263 353 2292 101.
376 2264 583 2302 Indupedita:
611 2267 646 2294 Δ.
664 2265 873 2304 Endopedz'ta:

145 2308 211 2339 redi
227 2309 267 2340 ad
286 2310 305 2341 i.
322 2315 370 2342 85.
415 2313 458 2343 Et
472 2314 613 2344 conferas
627 2314 814 2354 parallelum
828 2315 874 2346 lo-

144 2370 218 2390 cum
233 2362 388 2400 praesenti,
401 2363 434 2392 in
447 2363 467 2393 i.
480 2368 660 2396 571—578.

188 2410 260 2441 Ver.
280 2415 350 2443 102.
373 2416 590 2447 saaez·radices:
617 2416 728 2446 confer
741 2417 786 2448 iii.
801 2421 873 2449 526.

145 2463 190 2493 Et
215 2473 275 2493 vox
300 2466 418 2495 radices
444 2466 494 2496 hic
515 2473 615 2506 potest
636 2470 875 2507 primordiorum

143 2517 314 2555 congeriem
322 2532 332 2552 ,-
354 2516 408 2546 sed
422 2517 585 2558 aliquoties
599 2521 753 2559 simplicia
768 2531 874 2551 rerum

139 2569 333 2606 primordia:
360 2573 395 2597 ut
409 2568 442 2597 in
458 2569 658 2608 Empedoclis
673 2581 775 2610 versu,
791 2572 875 2611 apud

145 2617 230 2648 Plut.
253 2618 330 2657 plac.
354 2619 427 2658 phil.
450 2619 470 2650 i.
487 2623 517 2651 5.
541 2627 572 2651 et
596 2621 672 2652 alios
697 2622 874 2663 complures

144 2675 298 2700 veterum:

161 2757 289 2794 Τέσσαρα
299 2769 345 2786 των
356 2769 452 2787 παντων
464 2761 668 2789 ῬῙΖΩΜΑΤΑ
681 2772 772 2799 πρῶτον
785 2773 859 2791 oxus.

187 2844 268 2877 Ibid.
283 2850 402 2882 validas
416 2851 553 2882 radices:
576 2856 612 2881 ut
622 2851 788 2892 Virgilius,
803 2862 871 2893 geo.

145 2895 274 2979 11138567.
295 2902 406 2935 validis
431 2904 591 2945 stirpibus;
615 2909 646 2936 et
666 2903 830 2944 LucanuS,
853 2904 872 2935 i.

1146 1078 1196 1097 nec
1205 1073 1261 1104 jam
1271 1072 1372 1097 validis
1383 1072 1511 1097 radicibus
1521 1073 1638 1104 haerenS.

951 1110 1069 1137 Pondere
1081 1112 1138 1136 fixa
1149 1119 1196 1137 suo
1209 1117 1258 1137 est.

964 1159 1040 1189 Ver.
1063 1163 1130 1190 104.
1157 1162 1319 1191 Paucula:
1358 1166 1392 1191 Δ.
1410 1164 1577 1197 Ραιιιίει“α;
1614 1167 1656 1192 Π.

923 1213 1084 1247 Ραιιείηας
1111 1217 1144 1242 Σ.
1164 1214 1429 1252 Paucz'vcz.—quae
1452 1212 1539 1243 deest
1562 1218 1596 1245 Σ.
1620 1219 1657 1242 ut

1047 1262 1093 1292 ed.

963 1313 1040 1344 Ver.
1069 1316 1139 1344 105.
1167 1315 1301 1344 Caetera:
1339 1313 1383 1343 sic
1413 1313 1521 1343 omnia
1544 1314 1658 1353 scripta

922 1365 1121 1404 exemplaria,
1148 1372 1179 1394 et
1204 1371 1320 1395 veteres
1337 1365 1499 1396 editiones.
1548 1367 1658 1407 Vulgo

922 1418 1037 1457 legitur
1059 1427 1096 1447 ex
1120 1417 1246 1448 arbitrio
1276 1418 1468 1456 criticorum,
1500 1421 1544 1450 Ec
1574 1421 1656 1450 cita.-

924 1481 994 1510 quae
1023 1470 1166 1506 mutatio,
1195 1471 1221 1500 si
1249 1471 1426 1501 molliorem
1452 1471 1562 1502 reddat
1582 1481 1657 1502 con-

922 1521 1102 1551 structionis
1116 1531 1254 1560 cursum,
1276 1532 1340 1552 non
1356 1528 1432 1561 erat,
1456 1528 1564 1553 contra
1580 1522 1658 1552 fide-

922 1572 1003 1602 lium
1028 1573 1181 1603 librorum
1207 1582 1407 1611 consensum,
1438 1573 1585 1604 audacter
1609 1579 1657 1602 ta-

923 1636 996 1655 men
1013 1624 1214 1655 admittenda.

967 1677 1041 1707 Ver.
1068 1680 1139 1707 109.
1169 1677 1329 1706 Conciliis:
1365 1675 1404 1706 V.
1427 1675 1474 1706 ed.
1500 1677 1656 1712 Camila-5,-

926 1728 1026 1759 Vind.
1049 1735 1089 1758 Π.
1118 1733 1151 1759 Σ.
1181 1729 1343 1758 Οοησίῖίαε.
1389 1727 1508 1758 Nullus
1533 1727 1655 1766 dubito,

926 1781 1003 1821 quin
1018 1779 1183 1810 Lucretius
1199 1778 1330 1809 dederit:

980 1841 1085 1866 Concilio
1096 1849 1112 1865 α
1123 1848 1214 1866 rerum
1226 1847 1289 1872 quae
1301 1844 1363 1865 sunt
1374 1841 1515 1872 rejecta—.

922 1903 973 1934 Sic
988 1901 1053 1939 ille,
1072 1900 1110 1930 vi.
1127 1904 1178 1931 80.

1207 1966 1224 1983 a
1234 1959 1305 1984 nobis
1315 1959 1384 1984 ratio
1397 1958 1534 1984 verissima
1543 1958 1626 1991 longe

949 1998 1066 2031 Rejiciat:

920 2063 951 2088 et
961 2055 1125 2097 Virgilius,
1142 2056 1200 2087 ecl.
1218 2056 1262 2088 iii.
1279 2061 1330 2088 96.

980 2118 1089 2150 Tityre,
1101 2118 1234 2150 pascentis
1244 2125 1260 2142 a
1269 2117 1381 2149 flumine
1392 2117 1454 2143 reice
1466 2118 1590 2150 capellas.

921 2175 994 2214 Sed,
1020 2175 1104 2216 quod
1130 2175 1175 2205 rei
1198 2181 1291 2214 caput
1313 2181 1371 2213 est,
1399 2185 1558 2215 nusquam
1577 2173 1655 2204 alias

919 2228 1062 2259 similiter
1086 2228 1120 2258 in
1145 2228 1258 2267 plurali
1285 2237 1419 2258 numero
1445 2237 1555 2256 vocem
1580 2238 1653 2257 con-

919 2283 1026 2311 cilium
1049 2280 1134 2311 nude
1158 2280 1292 2320 positam
1314 2285 1418 2309 noster
1434 2278 1578 2309 adhibuit
1586 2290 1595 2315 ;
1619 2279 1653 2307 in

919 2342 1054 2363 numero
1069 2338 1176 2363 contra
1191 2332 1332 2368 unitatis,
1349 2330 1474 2370 saepius.

962 2385 1038 2415 Ver.
1067 2388 1138 2415 110.
1165 2386 1360 2415 Consocz'arc:
1395 2383 1437 2413 V.
1464 2382 1513 2412 ed.
1542 2383 1652 2412 Conso-

918 2447 1004 2466 nare.
1050 2436 1094 2465 Et
1108 2445 1165 2474 pro
1184 2434 1336 2464 librorum
1358 2434 1503 2464 omnium
1518 2433 1652 2463 lectione

919 2493 1027 2523 motus,
1043 2486 1222 2516 felicissima
1237 2486 1427 2516 divinatione
1443 2486 1536 2515 nixus
1553 2486 1652 2515 Bent-

917 2538 997 2568 leius
1022 2539 1130 2578 reponi
1150 2538 1247 2579 jussit
1272 2545 1377 2569 coelus:
1405 2548 1461 2577 pro
1490 2536 1552 2578 qua
1575 2547 1651 2568 voce

917 2591 1118 2621 scribendum
1146 2591 1250 2630 potius
1275 2593 1372 2621 coitus
1398 2589 1583 2628 existimavi,
1610 2600 1651 2620 ne

917 2642 1053 2683 longius,
1069 2653 1164 2683 quam
1179 2642 1349 2682 postularet
1363 2652 1422 2680 res,
1435 2652 1454 2671 a
1468 2641 1651 2680 corruptelae

918 2694 1021 2725 forma
1048 2696 1238 2725 aberrarem:
1266 2693 1335 2724 vide
1362 2704 1432 2734 quae
1457 2693 1552 2724 modo
1568 2693 1648 2723 dixi-

917 2758 989 2778 mus
1004 2747 1044 2778 ad
1066 2748 1085 2778 i.
1103 2751 1195 2778 1016.
1213 2751 1305 2778 1029.
1352 2746 1441 2777 Ordo
1456 2753 1514 2777 est:
1542 2750 1564 2764 “
1583 2747 1648 2777 Ne-

917 2803 939 2818 “
955 2810 1026 2839 que,
1054 2800 1151 2829 etiam
1165 2798 1320 2839 recepta‚'’
1348 2799 1397 2828 vel
1420 2799 1453 2828 in
1478 2799 1649 2829 concilium

917 2851 1062 2889 admissa,
1097 2855 1118 2869 ‘⁴
1141 2858 1237 2881 coetus
1265 2857 1395 2891 potuere
1429 2851 1647 2889 consociare;”

916 2905 935 2935 i.
953 2916 978 2936 e.
996 2905 1028 2935 in
1043 2905 1175 2936 concilio
1187 2916 1219 2936 se
1234 2912 1349 2937 tenere.
1396 2906 1471 2937 Non
1480 2906 1541 2936 alio
1557 2911 1647 2945 pacto

918 2957 1028 2989 Cicero
1041 2956 1164 2991 locutus
1179 2962 1236 2999 est,
1257 2957 1296 2991 de
1311 2957 1387 2990 finn.
1402 2957 1446 2990 iii.
1464 2960 1580 2989 20.-“
1597 2956 1648 2986 in-

850 3017 920 3050 ΡΞ
