<?xml version="1.0" encoding="UTF-8"?>
<!DOCTYPE html PUBLIC "-//W3C//DTD XHTML 1.0 Transitional//EN"
    "http://www.w3.org/TR/xhtml1/DTD/xhtml1-transitional.dtd">
<html xmlns="http://www.w3.org/1999/xhtml" xml:lang="en" lang="en">
 <head>
  <title>
</title>
<meta http-equiv="Content-Type" content="text/html;charset=utf-8" />
  <meta name='ocr-system' content='tesseract 3.04.00' />
  <meta name='ocr-capabilities' content='ocr_page ocr_carea ocr_par ocr_line ocrx_word'/>
</head>
<body>
  <div class='ocr_page' id='page_1' title='image "./tlucretiicarider01lucruoft_0074.png"; bbox 0 0 1894 3253; ppageno 0'>
   <div class='ocr_carea' id='block_1_1' title="bbox 221 250 1205 301">
    <p class='ocr_par' dir='ltr' id='par_1_1' title="bbox 221 250 1205 301">
     <span class='ocr_line' id='line_1_1' title="bbox 221 250 1205 301; baseline 0.002 -4"><span class='ocrx_word' id='word_1_1' title='bbox 221 258 279 297; x_wconf 78' lang='lat'>14</span> <span class='ocrx_word' id='word_1_2' title='bbox 715 252 775 300; x_wconf 89' lang='lat' dir='ltr'>T.</span> <span class='ocrx_word' id='word_1_3' title='bbox 822 250 1205 301; x_wconf 87' lang='lat' dir='ltr'>LUCRETII</span> 
     </span>
    </p>
   </div>
   <div class='ocr_carea' id='block_1_2' title="bbox 359 382 1440 433">
    <p class='ocr_par' dir='ltr' id='par_1_2' title="bbox 359 382 1440 433">
     <span class='ocr_line' id='line_1_2' title="bbox 359 382 1440 433; baseline 0 -8"><span class='ocrx_word' id='word_1_4' title='bbox 359 383 496 426; x_wconf 87' lang='lat' dir='ltr'>Pascit</span> <span class='ocrx_word' id='word_1_5' title='bbox 516 399 655 425; x_wconf 81' lang='lat' dir='ltr'>amore</span> <span class='ocrx_word' id='word_1_6' title='bbox 675 383 830 432; x_wconf 76' lang='lat' dir='ltr'>avidos,</span> <span class='ocrx_word' id='word_1_7' title='bbox 853 382 1017 423; x_wconf 87' lang='lat' dir='ltr'>inhians</span> <span class='ocrx_word' id='word_1_8' title='bbox 1037 383 1081 423; x_wconf 94' lang='lat' dir='ltr'>in</span> <span class='ocrx_word' id='word_1_9' title='bbox 1101 391 1157 432; x_wconf 89' lang='lat' dir='ltr'>te,</span> <span class='ocrx_word' id='word_1_10' title='bbox 1180 382 1290 432; x_wconf 87' lang='lat' dir='ltr'>Dea,</span> <span class='ocrx_word' id='word_1_11' title='bbox 1314 383 1419 425; x_wconf 88' lang='lat' dir='ltr'>visus</span> <span class='ocrx_word' id='word_1_12' title='bbox 1426 401 1440 433; x_wconf 81' lang='lat'>3</span> 
     </span>
    </p>
   </div>
   <div class='ocr_carea' id='block_1_3' title="bbox 358 457 1232 515">
    <p class='ocr_par' dir='ltr' id='par_1_3' title="bbox 358 457 1232 515">
     <span class='ocr_line' id='line_1_3' title="bbox 358 457 1232 515; baseline -0.005 -14"><span class='ocrx_word' id='word_1_13' title='bbox 358 459 477 515; x_wconf 86' lang='lat' dir='ltr'>Eque</span> <span class='ocrx_word' id='word_1_14' title='bbox 497 468 568 500; x_wconf 90' lang='lat' dir='ltr'>tuo</span> <span class='ocrx_word' id='word_1_15' title='bbox 587 458 740 513; x_wconf 83' lang='lat' dir='ltr'>pendet</span> <span class='ocrx_word' id='word_1_16' title='bbox 759 457 940 513; x_wconf 86' lang='lat' dir='ltr'><strong>resupini</strong></span> <span class='ocrx_word' id='word_1_17' title='bbox 961 457 1127 512; x_wconf 88' lang='lat' dir='ltr'>spiritus</span> <span class='ocrx_word' id='word_1_18' title='bbox 1148 472 1232 498; x_wconf 91' lang='lat' dir='ltr'>ore.</span> 
     </span>
    </p>
   </div>
   <div class='ocr_carea' id='block_1_4' title="bbox 205 598 934 1151">
    <p class='ocr_par' dir='ltr' id='par_1_4' title="bbox 207 598 934 894">
     <span class='ocr_line' id='line_1_4' title="bbox 242 598 880 629; baseline -0.006 -3"><span class='ocrx_word' id='word_1_19' title='bbox 242 603 286 626; x_wconf 86' lang='lat' dir='ltr'>Me</span> <span class='ocrx_word' id='word_1_20' title='bbox 295 600 412 626; x_wconf 82' lang='lat' dir='ltr'><strong>retinent</strong></span> <span class='ocrx_word' id='word_1_21' title='bbox 424 600 524 624; x_wconf 62' lang='lat' dir='ltr'>victum</span> <span class='ocrx_word' id='word_1_22' title='bbox 536 598 664 624; x_wconf 82' lang='lat' dir='ltr'>formosae</span> <span class='ocrx_word' id='word_1_23' title='bbox 675 598 762 623; x_wconf 81' lang='lat' dir='ltr'>vincla</span> <span class='ocrx_word' id='word_1_24' title='bbox 773 598 880 629; x_wconf 73' lang='lat' dir='ltr'>puellae.</span> 
     </span>
     <span class='ocr_line' id='line_1_5' title="bbox 211 647 933 690; baseline -0.001 -10"><span class='ocrx_word' id='word_1_25' title='bbox 211 650 328 690; x_wconf 83' lang='lat' dir='ltr'>Vulgo,</span> <span class='ocrx_word' id='word_1_26' title='bbox 356 659 428 679; x_wconf 90' lang='lat' dir='ltr'>cum</span> <span class='ocrx_word' id='word_1_27' title='bbox 454 647 652 688; x_wconf 58' lang='lat' dir='ltr'>putidissime.</span> <span class='ocrx_word' id='word_1_28' title='bbox 673 648 839 679; x_wconf 88' lang='lat' dir='ltr'>locutionis</span> <span class='ocrx_word' id='word_1_29' title='bbox 861 658 933 688; x_wconf 88' lang='lat' dir='ltr'>cog-</span> 
     </span>
     <span class='ocr_line' id='line_1_6' title="bbox 209 699 934 741; baseline 0 -10"><span class='ocrx_word' id='word_1_30' title='bbox 209 708 291 732; x_wconf 88' lang='lat' dir='ltr'>natae</span> <span class='ocrx_word' id='word_1_31' title='bbox 320 700 475 741; x_wconf 79' lang='lat' dir='ltr'>congerie,</span> <span class='ocrx_word' id='word_1_32' title='bbox 501 702 644 731; x_wconf 74' lang='lat' dir='ltr'>vinctum.</span> <span class='ocrx_word' id='word_1_33' title='bbox 699 701 804 737; x_wconf 85' lang='lat' dir='ltr'>Maro,</span> <span class='ocrx_word' id='word_1_34' title='bbox 827 699 882 730; x_wconf 89' lang='lat' dir='ltr'>ecL</span> <span class='ocrx_word' id='word_1_35' title='bbox 905 710 934 731; x_wconf 74' lang='grc' dir='ltr'>Χ.</span> 
     </span>
     <span class='ocr_line' id='line_1_7' title="bbox 212 751 934 786; baseline -0.003 -2"><span class='ocrx_word' id='word_1_36' title='bbox 212 759 262 786; x_wconf 91' lang='grc'>69.</span> <span class='ocrx_word' id='word_1_37' title='bbox 312 756 334 771; x_wconf 83' lang='grc'>“</span> <span class='ocrx_word' id='word_1_38' title='bbox 353 752 471 782; x_wconf 89' lang='lat' dir='ltr'>Omnia</span> <span class='ocrx_word' id='word_1_39' title='bbox 504 754 599 782; x_wconf 80' lang='lat' dir='ltr'>vincit</span> <span class='ocrx_word' id='word_1_40' title='bbox 633 751 749 782; x_wconf 84' lang='lat' dir='ltr'>amor.”</span> <span class='ocrx_word' id='word_1_41' title='bbox 798 753 934 782; x_wconf 80' lang='lat' dir='ltr'>Vulnere</span> 
     </span>
     <span class='ocr_line' id='line_1_8' title="bbox 207 803 933 844; baseline -0.007 -6"><span class='ocrx_word' id='word_1_42' title='bbox 207 808 320 838; x_wconf 76' lang='lat' dir='ltr'>victum</span> <span class='ocrx_word' id='word_1_43' title='bbox 337 815 408 835; x_wconf 81' lang='lat' dir='ltr'>vero</span> <span class='ocrx_word' id='word_1_44' title='bbox 432 804 517 844; x_wconf 86' lang='lat' dir='ltr'>legas</span> <span class='ocrx_word' id='word_1_45' title='bbox 532 803 616 843; x_wconf 90' lang='lat' dir='ltr'>apud</span> <span class='ocrx_word' id='word_1_46' title='bbox 633 804 781 842; x_wconf 90' lang='lat' dir='ltr'>eundem,</span> <span class='ocrx_word' id='word_1_47' title='bbox 806 805 881 834; x_wconf 78' lang='lat' dir='ltr'>AEn.</span> <span class='ocrx_word' id='word_1_48' title='bbox 904 814 933 834; x_wconf 85' lang='lat' dir='ltr'>x.</span> 
     </span>
     <span class='ocr_line' id='line_1_9' title="bbox 208 857 520 894; baseline -0.006 -5"><span class='ocrx_word' id='word_1_49' title='bbox 208 862 279 889; x_wconf 80' lang='lat'>842.</span> <span class='ocrx_word' id='word_1_50' title='bbox 292 857 344 887; x_wconf 79' lang='lat' dir='ltr'>xii.</span> <span class='ocrx_word' id='word_1_51' title='bbox 361 860 435 894; x_wconf 85' lang='lat'>640,</span> <span class='ocrx_word' id='word_1_52' title='bbox 449 860 520 888; x_wconf 82' lang='lat'><strong>943.</strong></span> 
     </span>
    </p>

    <p class='ocr_par' dir='ltr' id='par_1_5' title="bbox 206 908 932 992">
     <span class='ocr_line' id='line_1_10' title="bbox 207 908 932 950; baseline -0.003 -10"><span class='ocrx_word' id='word_1_53' title='bbox 207 909 368 950; x_wconf 87' lang='lat' dir='ltr'>Denique,</span> <span class='ocrx_word' id='word_1_54' title='bbox 392 908 522 948; x_wconf 80' lang='lat' dir='ltr'>scriptor</span> <span class='ocrx_word' id='word_1_55' title='bbox 543 908 577 938; x_wconf 91' lang='lat' dir='ltr'>in</span> <span class='ocrx_word' id='word_1_56' title='bbox 605 908 702 938; x_wconf 85' lang='lat' dir='ltr'>Anth.</span> <span class='ocrx_word' id='word_1_57' title='bbox 731 908 800 938; x_wconf 80' lang='lat' dir='ltr'>Lat.</span> <span class='ocrx_word' id='word_1_58' title='bbox 822 908 932 939; x_wconf 84' lang='lat' dir='ltr'>Burm.</span> 
     </span>
     <span class='ocr_line' id='line_1_11' title="bbox 206 961 364 992; baseline 0 0"><span class='ocrx_word' id='word_1_59' title='bbox 206 961 230 992; x_wconf 79' lang='grc' dir='ltr'>ἰ.</span> <span class='ocrx_word' id='word_1_60' title='bbox 249 964 297 992; x_wconf 79' lang='grc'>72.</span> <span class='ocrx_word' id='word_1_61' title='bbox 315 965 364 992; x_wconf 84' lang='grc'>77.</span> 
     </span>
    </p>

    <p class='ocr_par' dir='ltr' id='par_1_6' title="bbox 205 1015 934 1151">
     <span class='ocr_line' id='line_1_12' title="bbox 207 1015 932 1051; baseline -0.001 -6"><span class='ocrx_word' id='word_1_62' title='bbox 207 1015 248 1045; x_wconf 92' lang='lat' dir='ltr'>de</span> <span class='ocrx_word' id='word_1_63' title='bbox 273 1016 386 1045; x_wconf 89' lang='lat' dir='ltr'>Martis</span> <span class='ocrx_word' id='word_1_64' title='bbox 410 1020 440 1045; x_wconf 88' lang='lat' dir='ltr'>et</span> <span class='ocrx_word' id='word_1_65' title='bbox 462 1015 596 1045; x_wconf 81' lang='lat' dir='ltr'>Veneris</span> <span class='ocrx_word' id='word_1_66' title='bbox 619 1015 788 1051; x_wconf 84' lang='lat' dir='ltr'>amoribus,</span> <span class='ocrx_word' id='word_1_67' title='bbox 814 1015 932 1044; x_wconf 88' lang='lat' dir='ltr'>Lucre-</span> 
     </span>
     <span class='ocr_line' id='line_1_13' title="bbox 206 1066 934 1108; baseline 0 -12"><span class='ocrx_word' id='word_1_68' title='bbox 206 1066 289 1096; x_wconf 90' lang='lat' dir='ltr'>tium</span> <span class='ocrx_word' id='word_1_69' title='bbox 304 1066 427 1096; x_wconf 88' lang='lat' dir='ltr'>videtur</span> <span class='ocrx_word' id='word_1_70' title='bbox 443 1067 625 1106; x_wconf 82' lang='lat' dir='ltr'>respexisse,</span> <span class='ocrx_word' id='word_1_71' title='bbox 641 1067 780 1108; x_wconf 85' lang='lat' dir='ltr'>adeoque</span> <span class='ocrx_word' id='word_1_72' title='bbox 794 1073 934 1097; x_wconf 82' lang='lat' dir='ltr'>nostram</span> 
     </span>
     <span class='ocr_line' id='line_1_14' title="bbox 205 1119 501 1151; baseline 0.007 -2"><span class='ocrx_word' id='word_1_73' title='bbox 205 1119 373 1150; x_wconf 88' lang='lat' dir='ltr'>lectionem</span> <span class='ocrx_word' id='word_1_74' title='bbox 384 1120 501 1151; x_wconf 87' lang='lat' dir='ltr'>firmat:</span> 
     </span>
    </p>
   </div>
   <div class='ocr_carea' id='block_1_5' title="bbox 233 1178 933 1245">
    <p class='ocr_par' dir='ltr' id='par_1_7' title="bbox 233 1178 933 1245">
     <span class='ocr_line' id='line_1_15' title="bbox 235 1178 933 1211; baseline 0 -9"><span class='ocrx_word' id='word_1_75' title='bbox 235 1179 305 1203; x_wconf 81' lang='lat' dir='ltr'>Ecce</span> <span class='ocrx_word' id='word_1_76' title='bbox 315 1178 416 1209; x_wconf 86' lang='lat' dir='ltr'>furens,</span> <span class='ocrx_word' id='word_1_77' title='bbox 427 1183 487 1210; x_wconf 88' lang='lat' dir='ltr'>post</span> <span class='ocrx_word' id='word_1_78' title='bbox 498 1180 575 1210; x_wconf 85' lang='lat' dir='ltr'>bella,</span> <span class='ocrx_word' id='word_1_79' title='bbox 585 1180 658 1209; x_wconf 86' lang='lat' dir='ltr'>deus,</span> <span class='ocrx_word' id='word_1_80' title='bbox 666 1183 725 1211; x_wconf 90' lang='lat' dir='ltr'>post</span> <span class='ocrx_word' id='word_1_81' title='bbox 734 1179 838 1211; x_wconf 77' lang='lat' dir='ltr'>praeHa,</span> <span class='ocrx_word' id='word_1_82' title='bbox 846 1179 933 1204; x_wconf 87' lang='lat' dir='ltr'>victor</span> 
     </span>
     <span class='ocr_line' id='line_1_16' title="bbox 233 1219 502 1245; baseline 0.004 -2"><span class='ocrx_word' id='word_1_83' title='bbox 233 1219 319 1243; x_wconf 80' lang='lat' dir='ltr'>Vzctus</span> <span class='ocrx_word' id='word_1_84' title='bbox 329 1227 413 1244; x_wconf 81' lang='lat' dir='ltr'>amore</span> <span class='ocrx_word' id='word_1_85' title='bbox 424 1220 502 1245; x_wconf 86' lang='lat' dir='ltr'>redit.</span> 
     </span>
    </p>
   </div>
   <div class='ocr_carea' id='block_1_6' title="bbox 198 1269 933 2036">
    <p class='ocr_par' dir='ltr' id='par_1_8' title="bbox 201 1269 933 1778">
     <span class='ocr_line' id='line_1_17' title="bbox 257 1269 931 1300; baseline 0 -2"><span class='ocrx_word' id='word_1_86' title='bbox 257 1269 331 1299; x_wconf 89' lang='lat' dir='ltr'>Ver.</span> <span class='ocrx_word' id='word_1_87' title='bbox 362 1272 413 1300; x_wconf 80' lang='lat'>36.</span> <span class='ocrx_word' id='word_1_88' title='bbox 451 1272 540 1300; x_wconf 81' lang='lat' dir='ltr'>tereti</span> <span class='ocrx_word' id='word_1_89' title='bbox 576 1270 706 1300; x_wconf 74' lang='lat' dir='ltr'>cervice:</span> <span class='ocrx_word' id='word_1_90' title='bbox 747 1269 931 1300; x_wconf 87' lang='lat' dir='ltr'>secundario</span> 
     </span>
     <span class='ocr_line' id='line_1_18' title="bbox 205 1323 928 1365; baseline 0.001 -13"><span class='ocrx_word' id='word_1_91' title='bbox 205 1323 286 1352; x_wconf 89' lang='lat' dir='ltr'>vocis</span> <span class='ocrx_word' id='word_1_92' title='bbox 321 1334 424 1359; x_wconf 84' lang='lat' dir='ltr'>sensu,</span> <span class='ocrx_word' id='word_1_93' title='bbox 460 1334 516 1362; x_wconf 91' lang='lat' dir='ltr'>pro</span> <span class='ocrx_word' id='word_1_94' title='bbox 542 1325 797 1364; x_wconf 70' lang='lat' dir='ltr'>flexili—fluido,</span> <span class='ocrx_word' id='word_1_95' title='bbox 830 1324 928 1365; x_wconf 51' lang='lat' dir='ltr'>‘573⁶ss</span> 
     </span>
     <span class='ocr_line' id='line_1_19' title="bbox 204 1374 932 1413; baseline -0.001 -8"><span class='ocrx_word' id='word_1_96' title='bbox 204 1375 275 1405; x_wconf 87' lang='lat' dir='ltr'>vide</span> <span class='ocrx_word' id='word_1_97' title='bbox 290 1385 347 1405; x_wconf 90' lang='lat' dir='ltr'>nos</span> <span class='ocrx_word' id='word_1_98' title='bbox 373 1375 413 1405; x_wconf 87' lang='lat' dir='ltr'>ad</span> <span class='ocrx_word' id='word_1_99' title='bbox 438 1375 469 1404; x_wconf 89' lang='lat' dir='ltr'>ii.</span> <span class='ocrx_word' id='word_1_100' title='bbox 486 1379 557 1406; x_wconf 87' lang='lat'><em>596.</em></span> <span class='ocrx_word' id='word_1_101' title='bbox 573 1375 613 1404; x_wconf 86' lang='lat' dir='ltr'>iv.</span> <span class='ocrx_word' id='word_1_102' title='bbox 632 1377 703 1405; x_wconf 77' lang='lat'><em>592.</em></span> <span class='ocrx_word' id='word_1_103' title='bbox 728 1380 757 1403; x_wconf 89' lang='lat' dir='ltr'>et</span> <span class='ocrx_word' id='word_1_104' title='bbox 773 1374 847 1404; x_wconf 85' lang='lat' dir='ltr'>alibi</span> <span class='ocrx_word' id='word_1_105' title='bbox 862 1374 932 1413; x_wconf 88' lang='lat' dir='ltr'>plus</span> 
     </span>
     <span class='ocr_line' id='line_1_20' title="bbox 202 1425 931 1466; baseline -0.001 -9"><span class='ocrx_word' id='word_1_106' title='bbox 202 1425 312 1457; x_wconf 87' lang='lat' dir='ltr'>semel:</span> <span class='ocrx_word' id='word_1_107' title='bbox 350 1437 424 1456; x_wconf 90' lang='lat' dir='ltr'>nam</span> <span class='ocrx_word' id='word_1_108' title='bbox 458 1426 582 1466; x_wconf 89' lang='lat' dir='ltr'>propria</span> <span class='ocrx_word' id='word_1_109' title='bbox 612 1432 746 1465; x_wconf 85' lang='lat' dir='ltr'>potestas</span> <span class='ocrx_word' id='word_1_110' title='bbox 775 1426 931 1462; x_wconf 88' lang='lat' dir='ltr'>dictionis,</span> 
     </span>
     <span class='ocr_line' id='line_1_21' title="bbox 201 1477 930 1519; baseline -0.003 -9"><span class='ocrx_word' id='word_1_111' title='bbox 201 1481 283 1516; x_wconf 70' lang='lat' dir='ltr'>Iaevz&#39;,</span> <span class='ocrx_word' id='word_1_112' title='bbox 306 1478 355 1508; x_wconf 87' lang='lat' dir='ltr'>vel</span> <span class='ocrx_word' id='word_1_113' title='bbox 380 1478 517 1508; x_wconf 89' lang='lat' dir='ltr'>tenuiter</span> <span class='ocrx_word' id='word_1_114' title='bbox 531 1484 562 1508; x_wconf 90' lang='lat' dir='ltr'>et</span> <span class='ocrx_word' id='word_1_115' title='bbox 575 1477 728 1518; x_wconf 86' lang='lat' dir='ltr'>equaliter</span> <span class='ocrx_word' id='word_1_116' title='bbox 752 1478 930 1519; x_wconf 80' lang='lat' dir='ltr'>rotundato,</span> 
     </span>
     <span class='ocr_line' id='line_1_22' title="bbox 202 1532 931 1573; baseline 0 -11"><span class='ocrx_word' id='word_1_117' title='bbox 202 1532 307 1572; x_wconf 87' lang='lat' dir='ltr'>potius</span> <span class='ocrx_word' id='word_1_118' title='bbox 332 1533 490 1562; x_wconf 86' lang='lat' dir='ltr'>Venerem</span> <span class='ocrx_word' id='word_1_119' title='bbox 513 1533 690 1573; x_wconf 82' lang='lat' dir='ltr'>attingeret,</span> <span class='ocrx_word' id='word_1_120' title='bbox 721 1543 816 1573; x_wconf 89' lang='lat' dir='ltr'>quam</span> <span class='ocrx_word' id='word_1_121' title='bbox 846 1543 931 1562; x_wconf 86' lang='lat' dir='ltr'>ama-</span> 
     </span>
     <span class='ocr_line' id='line_1_23' title="bbox 202 1583 933 1623; baseline 0.001 -10"><span class='ocrx_word' id='word_1_122' title='bbox 202 1584 287 1614; x_wconf 90' lang='lat' dir='ltr'>sium</span> <span class='ocrx_word' id='word_1_123' title='bbox 312 1583 379 1623; x_wconf 89' lang='lat' dir='ltr'>ejus</span> <span class='ocrx_word' id='word_1_124' title='bbox 407 1583 526 1614; x_wconf 86' lang='lat' dir='ltr'>durum</span> <span class='ocrx_word' id='word_1_125' title='bbox 554 1595 589 1614; x_wconf 89' lang='lat' dir='ltr'>ac</span> <span class='ocrx_word' id='word_1_126' title='bbox 623 1586 796 1614; x_wconf 88' lang='lat' dir='ltr'>robustum·</span> <span class='ocrx_word' id='word_1_127' title='bbox 857 1585 933 1614; x_wconf 90' lang='lat' dir='ltr'>Non</span> 
     </span>
     <span class='ocr_line' id='line_1_24' title="bbox 202 1635 930 1676; baseline 0.001 -11"><span class='ocrx_word' id='word_1_128' title='bbox 202 1635 393 1676; x_wconf 84' lang='lat' dir='ltr'>negligenda</span> <span class='ocrx_word' id='word_1_129' title='bbox 411 1641 457 1665; x_wconf 89' lang='lat' dir='ltr'>est</span> <span class='ocrx_word' id='word_1_130' title='bbox 471 1635 606 1665; x_wconf 84' lang='lat' dir='ltr'>imitatio</span> <span class='ocrx_word' id='word_1_131' title='bbox 623 1636 803 1671; x_wconf 87' lang='lat' dir='ltr'>Mantuani,</span> <span class='ocrx_word' id='word_1_132' title='bbox 826 1636 930 1666; x_wconf 90' lang='lat' dir='ltr'>lucem</span> 
     </span>
     <span class='ocr_line' id='line_1_25' title="bbox 201 1685 696 1726; baseline 0.002 -11"><span class='ocrx_word' id='word_1_133' title='bbox 201 1685 250 1716; x_wconf 88' lang='lat' dir='ltr'>his</span> <span class='ocrx_word' id='word_1_134' title='bbox 264 1686 423 1726; x_wconf 80' lang='lat' dir='ltr'>injiciens:</span> <span class='ocrx_word' id='word_1_135' title='bbox 450 1687 527 1716; x_wconf 85' lang='lat' dir='ltr'>AEn.</span> <span class='ocrx_word' id='word_1_136' title='bbox 545 1686 608 1716; x_wconf 87' lang='lat' dir='ltr'>viii.</span> <span class='ocrx_word' id='word_1_137' title='bbox 625 1690 696 1717; x_wconf 80' lang='lat'>655.</span> 
     </span>
     <span class='ocr_line' id='line_1_26' title="bbox 488 1747 919 1778; baseline 0.002 -7"><span class='ocrx_word' id='word_1_138' title='bbox 488 1747 572 1777; x_wconf 84' lang='lat' dir='ltr'>illam,</span> <span class='ocrx_word' id='word_1_139' title='bbox 583 1748 654 1772; x_wconf 81' lang='lat' dir='ltr'>tereti</span> <span class='ocrx_word' id='word_1_140' title='bbox 664 1748 765 1772; x_wconf 77' lang='lat' dir='ltr'>cervice</span> <span class='ocrx_word' id='word_1_141' title='bbox 776 1748 919 1778; x_wconf 84' lang='lat' dir='ltr'>reflexam,</span> 
     </span>
    </p>

    <p class='ocr_par' dir='ltr' id='par_1_9' title="bbox 198 1790 929 2036">
     <span class='ocr_line' id='line_1_27' title="bbox 227 1790 866 1822; baseline -0.005 -5"><span class='ocrx_word' id='word_1_142' title='bbox 227 1793 347 1817; x_wconf 86' lang='lat' dir='ltr'>Mulcere</span> <span class='ocrx_word' id='word_1_143' title='bbox 358 1792 484 1820; x_wconf 85' lang='lat' dir='ltr'>alternos,</span> <span class='ocrx_word' id='word_1_144' title='bbox 495 1794 522 1815; x_wconf 89' lang='lat' dir='ltr'>et</span> <span class='ocrx_word' id='word_1_145' title='bbox 531 1797 643 1822; x_wconf 85' lang='lat' dir='ltr'>corpora</span> <span class='ocrx_word' id='word_1_146' title='bbox 652 1790 752 1822; x_wconf 79' lang='lat' dir='ltr'>fingere</span> <span class='ocrx_word' id='word_1_147' title='bbox 760 1790 866 1822; x_wconf 67' lang='lat' dir='ltr'>lingua:</span> 
     </span>
     <span class='ocr_line' id='line_1_28' title="bbox 202 1840 929 1884; baseline -0.004 -12"><span class='ocrx_word' id='word_1_148' title='bbox 202 1853 272 1884; x_wconf 89' lang='lat' dir='ltr'>quae</span> <span class='ocrx_word' id='word_1_149' title='bbox 298 1848 404 1871; x_wconf 81' lang='lat' dir='ltr'>tamen</span> <span class='ocrx_word' id='word_1_150' title='bbox 431 1840 589 1871; x_wconf 86' lang='lat' dir='ltr'>Ciceronis</span> <span class='ocrx_word' id='word_1_151' title='bbox 613 1850 651 1870; x_wconf 86' lang='lat' dir='ltr'>ex</span> <span class='ocrx_word' id='word_1_152' title='bbox 680 1840 816 1877; x_wconf 87' lang='lat' dir='ltr'>Arateis,</span> <span class='ocrx_word' id='word_1_153' title='bbox 840 1840 929 1870; x_wconf 90' lang='lat' dir='ltr'>omni</span> 
     </span>
     <span class='ocr_line' id='line_1_29' title="bbox 199 1892 928 1936; baseline -0.003 -11"><span class='ocrx_word' id='word_1_154' title='bbox 199 1904 313 1936; x_wconf 85' lang='lat' dir='ltr'>genere</span> <span class='ocrx_word' id='word_1_155' title='bbox 323 1893 515 1932; x_wconf 65' lang='lat' dir='ltr'>poeticarum</span> <span class='ocrx_word' id='word_1_156' title='bbox 524 1903 676 1922; x_wconf 86' lang='lat' dir='ltr'>venerum</span> <span class='ocrx_word' id='word_1_157' title='bbox 691 1892 928 1931; x_wconf 87' lang='lat' dir='ltr'>florentissimis,</span> 
     </span>
     <span class='ocr_line' id='line_1_30' title="bbox 198 1943 929 1986; baseline -0.001 -11"><span class='ocrx_word' id='word_1_158' title='bbox 198 1944 353 1986; x_wconf 76' lang='lat' dir='ltr'>juraveris</span> <span class='ocrx_word' id='word_1_159' title='bbox 368 1953 442 1973; x_wconf 89' lang='lat' dir='ltr'>eum</span> <span class='ocrx_word' id='word_1_160' title='bbox 457 1943 562 1982; x_wconf 86' lang='lat' dir='ltr'>potius</span> <span class='ocrx_word' id='word_1_161' title='bbox 583 1943 734 1981; x_wconf 83' lang='lat' dir='ltr'>hausisse,</span> <span class='ocrx_word' id='word_1_162' title='bbox 757 1945 814 1973; x_wconf 91' lang='lat' dir='ltr'>sub</span> <span class='ocrx_word' id='word_1_163' title='bbox 837 1943 929 1974; x_wconf 88' lang='lat' dir='ltr'>initio</span> 
     </span>
     <span class='ocr_line' id='line_1_31' title="bbox 199 1996 463 2036; baseline -0.011 -10"><span class='ocrx_word' id='word_1_164' title='bbox 199 1996 463 2036; x_wconf 83' lang='lat' dir='ltr'>fragmentorum:</span> 
     </span>
    </p>
   </div>
   <div class='ocr_carea' id='block_1_7' title="bbox 231 2053 854 2125">
    <p class='ocr_par' dir='ltr' id='par_1_10' title="bbox 231 2053 854 2125">
     <span class='ocr_line' id='line_1_32' title="bbox 231 2053 854 2087; baseline -0.003 -7"><span class='ocrx_word' id='word_1_165' title='bbox 231 2056 373 2087; x_wconf 81' lang='lat' dir='ltr'>obstipum</span> <span class='ocrx_word' id='word_1_166' title='bbox 386 2057 477 2085; x_wconf 82' lang='lat' dir='ltr'>caput,</span> <span class='ocrx_word' id='word_1_167' title='bbox 489 2057 515 2078; x_wconf 84' lang='lat' dir='ltr'>et</span> <span class='ocrx_word' id='word_1_168' title='bbox 527 2053 599 2077; x_wconf 83' lang='lat' dir='ltr'>tereti</span> <span class='ocrx_word' id='word_1_169' title='bbox 610 2053 710 2078; x_wconf 67' lang='lat' dir='ltr'>cervice</span> <span class='ocrx_word' id='word_1_170' title='bbox 721 2054 854 2085; x_wconf 64' lang='lat' dir='ltr'>reflexum,</span> 
     </span>
     <span class='ocr_line' id='line_1_33' title="bbox 231 2093 801 2125; baseline -0.004 -5"><span class='ocrx_word' id='word_1_171' title='bbox 231 2097 365 2120; x_wconf 82' lang='lat' dir='ltr'>obtutum</span> <span class='ocrx_word' id='word_1_172' title='bbox 377 2095 404 2118; x_wconf 87' lang='lat' dir='ltr'>in</span> <span class='ocrx_word' id='word_1_173' title='bbox 416 2093 501 2118; x_wconf 70' lang='lat' dir='ltr'>cauda</span> <span class='ocrx_word' id='word_1_174' title='bbox 513 2093 618 2124; x_wconf 81' lang='lat' dir='ltr'>majoris</span> <span class='ocrx_word' id='word_1_175' title='bbox 629 2093 710 2125; x_wconf 85' lang='lat' dir='ltr'>figere</span> <span class='ocrx_word' id='word_1_176' title='bbox 722 2094 801 2118; x_wconf 84' lang='lat' dir='ltr'>dicas.</span> 
     </span>
    </p>
   </div>
   <div class='ocr_carea' id='block_1_8' title="bbox 199 2143 928 2495">
    <p class='ocr_par' dir='ltr' id='par_1_11' title="bbox 199 2143 928 2495">
     <span class='ocr_line' id='line_1_34' title="bbox 204 2143 928 2178; baseline 0 -4"><span class='ocrx_word' id='word_1_177' title='bbox 204 2144 334 2175; x_wconf 89' lang='lat' dir='ltr'>Grotius</span> <span class='ocrx_word' id='word_1_178' title='bbox 356 2143 442 2173; x_wconf 86' lang='lat' dir='ltr'>dedit</span> <span class='ocrx_word' id='word_1_179' title='bbox 468 2145 501 2172; x_wconf 83' lang='lat' dir='ltr'>in</span> <span class='ocrx_word' id='word_1_180' title='bbox 524 2144 666 2172; x_wconf 82' lang='lat' dir='ltr'>caudam.</span> <span class='ocrx_word' id='word_1_181' title='bbox 695 2143 801 2178; x_wconf 88' lang='lat' dir='ltr'>Quam</span> <span class='ocrx_word' id='word_1_182' title='bbox 822 2144 928 2174; x_wconf 85' lang='lat' dir='ltr'>infeli-</span> 
     </span>
     <span class='ocr_line' id='line_1_35' title="bbox 200 2195 890 2233; baseline 0 -5"><span class='ocrx_word' id='word_1_183' title='bbox 200 2197 289 2228; x_wconf 89' lang='lat' dir='ltr'>citer!</span> <span class='ocrx_word' id='word_1_184' title='bbox 311 2199 406 2226; x_wconf 90' lang='lat' dir='ltr'>Anne</span> <span class='ocrx_word' id='word_1_185' title='bbox 417 2195 507 2226; x_wconf 83' lang='lat' dir='ltr'>aliter</span> <span class='ocrx_word' id='word_1_186' title='bbox 520 2195 663 2233; x_wconf 83' lang='lat' dir='ltr'>Ovidius,</span> <span class='ocrx_word' id='word_1_187' title='bbox 680 2195 748 2226; x_wconf 86' lang='lat' dir='ltr'>fast.</span> <span class='ocrx_word' id='word_1_188' title='bbox 761 2197 799 2227; x_wconf 89' lang='lat' dir='ltr'>iv.</span> <span class='ocrx_word' id='word_1_189' title='bbox 811 2195 890 2228; x_wconf 80' lang='lat'>517?</span> 
     </span>
     <span class='ocr_line' id='line_1_36' title="bbox 231 2253 852 2286; baseline -0.002 -5"><span class='ocrx_word' id='word_1_190' title='bbox 231 2255 419 2286; x_wconf 74' lang='lat' dir='ltr'>submissoque</span> <span class='ocrx_word' id='word_1_191' title='bbox 430 2260 512 2286; x_wconf 87' lang='lat' dir='ltr'>genu,</span> <span class='ocrx_word' id='word_1_192' title='bbox 522 2253 613 2278; x_wconf 82' lang='lat' dir='ltr'>vultus</span> <span class='ocrx_word' id='word_1_193' title='bbox 624 2253 650 2278; x_wconf 82' lang='lat' dir='ltr'>in</span> <span class='ocrx_word' id='word_1_194' title='bbox 661 2253 770 2286; x_wconf 82' lang='lat' dir='ltr'>imagine</span> <span class='ocrx_word' id='word_1_195' title='bbox 781 2255 852 2280; x_wconf 78' lang='lat' dir='ltr'>divae</span> 
     </span>
     <span class='ocr_line' id='line_1_37' title="bbox 259 2296 371 2328; baseline -0.009 -8"><span class='ocrx_word' id='word_1_196' title='bbox 259 2296 371 2328; x_wconf 76' lang='lat' dir='ltr'>Figit-.</span> 
     </span>
     <span class='ocr_line' id='line_1_38' title="bbox 201 2343 926 2384; baseline -0.003 -7"><span class='ocrx_word' id='word_1_197' title='bbox 201 2349 272 2379; x_wconf 88' lang='lat' dir='ltr'>Aut</span> <span class='ocrx_word' id='word_1_198' title='bbox 300 2345 395 2376; x_wconf 83' lang='lat' dir='ltr'>etiam</span> <span class='ocrx_word' id='word_1_199' title='bbox 418 2343 583 2384; x_wconf 71' lang='lat' dir='ltr'>Virgilius,</span> <span class='ocrx_word' id='word_1_200' title='bbox 619 2345 697 2375; x_wconf 85' lang='lat' dir='ltr'>AEn.</span> <span class='ocrx_word' id='word_1_201' title='bbox 722 2345 774 2375; x_wconf 83' lang='lat' dir='ltr'>xii.</span> <span class='ocrx_word' id='word_1_202' title='bbox 800 2345 857 2377; x_wconf 81' lang='lat'>70?</span> <span class='ocrx_word' id='word_1_203' title='bbox 890 2352 926 2376; x_wconf 91' lang='lat' dir='ltr'>ut</span> 
     </span>
     <span class='ocr_line' id='line_1_39' title="bbox 199 2395 925 2440; baseline -0.003 -10"><span class='ocrx_word' id='word_1_204' title='bbox 199 2399 297 2440; x_wconf 84' lang='lat' dir='ltr'>po&#39;e&#39;tae</span> <span class='ocrx_word' id='word_1_205' title='bbox 313 2397 430 2428; x_wconf 79' lang='lat' dir='ltr'>centies</span> <span class='ocrx_word' id='word_1_206' title='bbox 448 2395 609 2426; x_wconf 86' lang='lat' dir='ltr'>libentius:</span> <span class='ocrx_word' id='word_1_207' title='bbox 633 2396 718 2427; x_wconf 89' lang='lat' dir='ltr'>unde</span> <span class='ocrx_word' id='word_1_208' title='bbox 743 2408 807 2427; x_wconf 89' lang='lat' dir='ltr'>non</span> <span class='ocrx_word' id='word_1_209' title='bbox 833 2397 925 2428; x_wconf 90' lang='lat' dir='ltr'>dubi-</span> 
     </span>
     <span class='ocr_line' id='line_1_40' title="bbox 199 2448 924 2495; baseline -0.004 -13"><span class='ocrx_word' id='word_1_210' title='bbox 199 2457 264 2482; x_wconf 88' lang='lat' dir='ltr'>tem</span> <span class='ocrx_word' id='word_1_211' title='bbox 285 2450 325 2480; x_wconf 86' lang='lat' dir='ltr'>ad</span> <span class='ocrx_word' id='word_1_212' title='bbox 340 2451 421 2479; x_wconf 85' lang='lat' dir='ltr'>hanc</span> <span class='ocrx_word' id='word_1_213' title='bbox 435 2458 581 2495; x_wconf 80' lang='lat' dir='ltr'>normam</span> <span class='ocrx_word' id='word_1_214' title='bbox 607 2448 731 2488; x_wconf 82' lang='lat' dir='ltr'>exigere</span> <span class='ocrx_word' id='word_1_215' title='bbox 752 2449 924 2488; x_wconf 88' lang='lat' dir='ltr'>Avienum,</span> 
     </span>
    </p>
   </div>
   <div class='ocr_carea' id='block_1_9' title="bbox 200 2504 384 2534">
    <p class='ocr_par' dir='ltr' id='par_1_12' title="bbox 200 2504 384 2534">
     <span class='ocr_line' id='line_1_41' title="bbox 200 2504 384 2534; baseline -0.005 0"><span class='ocrx_word' id='word_1_216' title='bbox 200 2504 291 2534; x_wconf 88' lang='lat' dir='ltr'>Arat.</span> <span class='ocrx_word' id='word_1_217' title='bbox 309 2506 384 2533; x_wconf 79' lang='lat'>424.</span> 
     </span>
    </p>
   </div>
   <div class='ocr_carea' id='block_1_10' title="bbox 229 1759 352 1767">
    <p class='ocr_par' dir='ltr' id='par_1_13' title="bbox 229 1759 352 1767">
     <span class='ocr_line' id='line_1_42' title="bbox 229 1759 352 1767; baseline 0 0"><span class='ocrx_word' id='word_1_218' title='bbox 229 1759 352 1767; x_wconf 95' lang='lat' dir='ltr'> </span> 
     </span>
    </p>
   </div>
   <div class='ocr_carea' id='block_1_11' title="bbox 353 1759 477 1769">
    <p class='ocr_par' dir='ltr' id='par_1_14' title="bbox 353 1759 477 1769">
     <span class='ocr_line' id='line_1_43' title="bbox 353 1759 477 1769; baseline 0 0"><span class='ocrx_word' id='word_1_219' title='bbox 353 1759 477 1769; x_wconf 95' lang='lat' dir='ltr'> </span> 
     </span>
    </p>
   </div>
   <div class='ocr_carea' id='block_1_12' title="bbox 231 2559 836 2633">
    <p class='ocr_par' dir='ltr' id='par_1_15' title="bbox 231 2559 836 2633">
     <span class='ocr_line' id='line_1_44' title="bbox 394 2559 836 2591; baseline 0 -7"><span class='ocrx_word' id='word_1_220' title='bbox 394 2560 467 2586; x_wconf 88' lang='lat' dir='ltr'>flexo</span> <span class='ocrx_word' id='word_1_221' title='bbox 475 2561 546 2591; x_wconf 86' lang='lat' dir='ltr'>jacet</span> <span class='ocrx_word' id='word_1_222' title='bbox 557 2559 610 2584; x_wconf 86' lang='lat' dir='ltr'>illic</span> <span class='ocrx_word' id='word_1_223' title='bbox 621 2567 708 2590; x_wconf 88' lang='lat' dir='ltr'>crure,</span> <span class='ocrx_word' id='word_1_224' title='bbox 720 2560 836 2585; x_wconf 82' lang='lat' dir='ltr'>minaces</span> 
     </span>
     <span class='ocr_line' id='line_1_45' title="bbox 231 2601 531 2633; baseline -0.007 -6"><span class='ocrx_word' id='word_1_225' title='bbox 231 2605 263 2627; x_wconf 81' lang='lat' dir='ltr'>In</span> <span class='ocrx_word' id='word_1_226' title='bbox 274 2602 431 2633; x_wconf 73' lang='lat' dir='ltr'>ternifigens</span> <span class='ocrx_word' id='word_1_227' title='bbox 442 2601 531 2625; x_wconf 85' lang='lat' dir='ltr'>oculos.</span> 
     </span>
    </p>
   </div>
   <div class='ocr_carea' id='block_1_13' title="bbox 197 2651 927 2787">
    <p class='ocr_par' dir='ltr' id='par_1_16' title="bbox 197 2651 927 2787">
     <span class='ocr_line' id='line_1_46' title="bbox 201 2651 924 2691; baseline -0.001 -9"><span class='ocrx_word' id='word_1_228' title='bbox 201 2654 271 2685; x_wconf 88' lang='lat' dir='ltr'>Nec</span> <span class='ocrx_word' id='word_1_229' title='bbox 293 2652 401 2681; x_wconf 86' lang='lat' dir='ltr'>minus</span> <span class='ocrx_word' id='word_1_230' title='bbox 426 2658 472 2682; x_wconf 91' lang='lat' dir='ltr'>est</span> <span class='ocrx_word' id='word_1_231' title='bbox 494 2651 579 2682; x_wconf 90' lang='lat' dir='ltr'>idem</span> <span class='ocrx_word' id='word_1_232' title='bbox 603 2652 696 2681; x_wconf 70' lang='lat' dir='ltr'>IMaro</span> <span class='ocrx_word' id='word_1_233' title='bbox 719 2657 924 2691; x_wconf 89' lang='lat' dir='ltr'>opportunus,</span> 
     </span>
     <span class='ocr_line' id='line_1_47' title="bbox 200 2702 927 2744; baseline -0.003 -10"><span class='ocrx_word' id='word_1_234' title='bbox 200 2705 242 2735; x_wconf 88' lang='lat' dir='ltr'>ad</span> <span class='ocrx_word' id='word_1_235' title='bbox 257 2704 331 2734; x_wconf 83' lang='lat' dir='ltr'>AEn.</span> <span class='ocrx_word' id='word_1_236' title='bbox 347 2702 387 2732; x_wconf 84' lang='lat' dir='ltr'>xi.</span> <span class='ocrx_word' id='word_1_237' title='bbox 405 2707 476 2733; x_wconf 75' lang='lat'><strong>622.</strong></span> <span class='ocrx_word' id='word_1_238' title='bbox 492 2703 531 2733; x_wconf 92' lang='lat' dir='ltr'>de</span> <span class='ocrx_word' id='word_1_239' title='bbox 553 2703 725 2744; x_wconf 73' lang='lat' dir='ltr'>agrestibus</span> <span class='ocrx_word' id='word_1_240' title='bbox 742 2709 774 2733; x_wconf 92' lang='lat' dir='ltr'>et</span> <span class='ocrx_word' id='word_1_241' title='bbox 795 2703 927 2733; x_wconf 88' lang='lat' dir='ltr'>fortibus</span> 
     </span>
     <span class='ocr_line' id='line_1_48' title="bbox 197 2753 646 2787; baseline -0.004 0"><span class='ocrx_word' id='word_1_242' title='bbox 197 2753 398 2787; x_wconf 80' lang='lat' dir='ltr'>bellatoribus</span> <span class='ocrx_word' id='word_1_243' title='bbox 412 2755 503 2783; x_wconf 79' lang='lat' dir='ltr'>verba</span> <span class='ocrx_word' id='word_1_244' title='bbox 518 2754 646 2785; x_wconf 86' lang='lat' dir='ltr'>faciens:</span> 
     </span>
    </p>
   </div>
   <div class='ocr_carea' id='block_1_14' title="bbox 229 2575 384 2582">
    <p class='ocr_par' dir='ltr' id='par_1_17' title="bbox 229 2575 384 2582">
     <span class='ocr_line' id='line_1_49' title="bbox 229 2575 384 2582; baseline 0 0"><span class='ocrx_word' id='word_1_245' title='bbox 229 2575 384 2582; x_wconf 95' lang='lat' dir='ltr'> </span> 
     </span>
    </p>
   </div>
   <div class='ocr_carea' id='block_1_15' title="bbox 229 2813 917 2882">
    <p class='ocr_par' dir='ltr' id='par_1_18' title="bbox 229 2813 917 2882">
     <span class='ocr_line' id='line_1_50' title="bbox 229 2813 917 2847; baseline 0.001 -9"><span class='ocrx_word' id='word_1_246' title='bbox 229 2818 344 2847; x_wconf 86' lang='lat' dir='ltr'>Jamque</span> <span class='ocrx_word' id='word_1_247' title='bbox 354 2813 566 2844; x_wconf 80' lang='lat' dir='ltr'>propinquabant</span> <span class='ocrx_word' id='word_1_248' title='bbox 578 2815 671 2846; x_wconf 87' lang='lat' dir='ltr'>portis,</span> <span class='ocrx_word' id='word_1_249' title='bbox 679 2822 820 2846; x_wconf 84' lang='lat' dir='ltr'>rursusque</span> <span class='ocrx_word' id='word_1_250' title='bbox 827 2814 917 2839; x_wconf 85' lang='lat' dir='ltr'>Latini</span> 
     </span>
     <span class='ocr_line' id='line_1_51' title="bbox 231 2852 877 2882; baseline 0.002 -4"><span class='ocrx_word' id='word_1_251' title='bbox 231 2854 386 2879; x_wconf 86' lang='lat' dir='ltr'>Clamorem</span> <span class='ocrx_word' id='word_1_252' title='bbox 397 2852 507 2882; x_wconf 84' lang='lat' dir='ltr'>tollunt,</span> <span class='ocrx_word' id='word_1_253' title='bbox 519 2857 545 2877; x_wconf 88' lang='lat' dir='ltr'>et</span> <span class='ocrx_word' id='word_1_254' title='bbox 558 2854 641 2878; x_wconf 80' lang='lat' dir='ltr'>mollia</span> <span class='ocrx_word' id='word_1_255' title='bbox 652 2855 714 2879; x_wconf 82' lang='lat' dir='ltr'>colla</span> <span class='ocrx_word' id='word_1_256' title='bbox 725 2855 877 2880; x_wconf 84' lang='lat' dir='ltr'>reflectunt.</span> 
     </span>
    </p>
   </div>
   <div class='ocr_carea' id='block_1_16' title="bbox 201 2905 927 3002">
    <p class='ocr_par' dir='ltr' id='par_1_19' title="bbox 201 2905 927 3002">
     <span class='ocr_line' id='line_1_52' title="bbox 201 2905 927 2948; baseline 0 -10"><span class='ocrx_word' id='word_1_257' title='bbox 201 2905 386 2945; x_wconf 87' lang='lat' dir='ltr'>Interpretis</span> <span class='ocrx_word' id='word_1_258' title='bbox 406 2905 508 2935; x_wconf 83' lang='lat' dir='ltr'>officio</span> <span class='ocrx_word' id='word_1_259' title='bbox 529 2906 562 2935; x_wconf 88' lang='lat' dir='ltr'>in</span> <span class='ocrx_word' id='word_1_260' title='bbox 577 2906 760 2936; x_wconf 78' lang='lat' dir='ltr'>Lucretium</span> <span class='ocrx_word' id='word_1_261' title='bbox 776 2907 927 2948; x_wconf 87' lang='lat' dir='ltr'>fungetur</span> 
     </span>
     <span class='ocr_line' id='line_1_53' title="bbox 203 2960 878 3002; baseline 0.001 -9"><span class='ocrx_word' id='word_1_262' title='bbox 203 2960 366 2998; x_wconf 77' lang='lat' dir='ltr'>Manilius,</span> <span class='ocrx_word' id='word_1_263' title='bbox 382 2960 402 2993; x_wconf 85' lang='lat' dir='ltr'>i.</span> <span class='ocrx_word' id='word_1_264' title='bbox 418 2963 490 2991; x_wconf 79' lang='lat'>354.</span> <span class='ocrx_word' id='word_1_265' title='bbox 507 2960 546 2991; x_wconf 89' lang='lat' dir='ltr'>de</span> <span class='ocrx_word' id='word_1_266' title='bbox 561 2967 701 3002; x_wconf 86' lang='lat' dir='ltr'>serpente</span> <span class='ocrx_word' id='word_1_267' title='bbox 716 2962 878 3002; x_wconf 87' lang='lat' dir='ltr'>ophiuchi:</span> 
     </span>
    </p>
   </div>
   <div class='ocr_carea' id='block_1_17' title="bbox 977 595 1711 1039">
    <p class='ocr_par' dir='ltr' id='par_1_20' title="bbox 977 595 1711 1039">
     <span class='ocr_line' id='line_1_54' title="bbox 1041 595 1651 629; baseline 0.003 -8"><span class='ocrx_word' id='word_1_268' title='bbox 1041 595 1157 628; x_wconf 86' lang='lat' dir='ltr'>Respicit</span> <span class='ocrx_word' id='word_1_269' title='bbox 1168 595 1212 621; x_wconf 86' lang='lat' dir='ltr'>ilie</span> <span class='ocrx_word' id='word_1_270' title='bbox 1227 600 1332 626; x_wconf 81' lang='lat' dir='ltr'>tamen,</span> <span class='ocrx_word' id='word_1_271' title='bbox 1343 595 1412 620; x_wconf 78' lang='lat' dir='ltr'>molli</span> <span class='ocrx_word' id='word_1_272' title='bbox 1421 597 1522 621; x_wconf 72' lang='lat' dir='ltr'>cervice</span> <span class='ocrx_word' id='word_1_273' title='bbox 1532 597 1651 629; x_wconf 77' lang='lat' dir='ltr'>reflexus.</span> 
     </span>
     <span class='ocr_line' id='line_1_55' title="bbox 978 646 1708 687; baseline 0.004 -12"><span class='ocrx_word' id='word_1_274' title='bbox 978 646 1023 676; x_wconf 89' lang='lat' dir='ltr'>Et</span> <span class='ocrx_word' id='word_1_275' title='bbox 1044 652 1256 685; x_wconf 87' lang='lat' dir='ltr'>opportunam</span> <span class='ocrx_word' id='word_1_276' title='bbox 1279 656 1407 685; x_wconf 84' lang='lat' dir='ltr'>operam</span> <span class='ocrx_word' id='word_1_277' title='bbox 1436 647 1562 677; x_wconf 87' lang='lat' dir='ltr'>navabit</span> <span class='ocrx_word' id='word_1_278' title='bbox 1586 647 1708 687; x_wconf 83' lang='lat' dir='ltr'>Suidas,</span> 
     </span>
     <span class='ocr_line' id='line_1_56' title="bbox 978 697 1709 740; baseline 0.004 -13"><span class='ocrx_word' id='word_1_279' title='bbox 978 698 1011 727; x_wconf 91' lang='lat' dir='ltr'>in</span> <span class='ocrx_word' id='word_1_280' title='bbox 1026 708 1101 727; x_wconf 89' lang='lat' dir='ltr'>voce</span> <span class='ocrx_word' id='word_1_281' title='bbox 1116 697 1220 740; x_wconf 66' lang='grc' dir='ltr'>ῥαδινκι,</span> <span class='ocrx_word' id='word_1_282' title='bbox 1243 698 1348 728; x_wconf 89' lang='lat' dir='ltr'>nescio</span> <span class='ocrx_word' id='word_1_283' title='bbox 1371 698 1461 737; x_wconf 87' lang='lat' dir='ltr'>cujus</span> <span class='ocrx_word' id='word_1_284' title='bbox 1483 699 1615 730; x_wconf 88' lang='lat' dir='ltr'>laudans</span> <span class='ocrx_word' id='word_1_285' title='bbox 1641 710 1709 730; x_wconf 85' lang='lat' dir='ltr'>ver-</span> 
     </span>
     <span class='ocr_line' id='line_1_57' title="bbox 977 750 1125 780; baseline -0.007 0"><span class='ocrx_word' id='word_1_286' title='bbox 977 750 1125 780; x_wconf 88' lang='lat' dir='ltr'>siculum:</span> 
     </span>
     <span class='ocr_line' id='line_1_58' title="bbox 978 805 1711 838; baseline 0.003 -7"><span class='ocrx_word' id='word_1_287' title='bbox 978 806 1003 831; x_wconf 88' lang='grc' dir='ltr'>Ω</span> <span class='ocrx_word' id='word_1_288' title='bbox 1027 806 1106 836; x_wconf 49' lang='lat' dir='ltr'>maz,</span> <span class='ocrx_word' id='word_1_289' title='bbox 1137 815 1156 830; x_wconf 82' lang='grc' dir='ltr'><strong><em>ω</em></strong></span> <span class='ocrx_word' id='word_1_290' title='bbox 1178 814 1284 838; x_wconf 57' lang='lat' dir='ltr'>mma-⁶43,</span> <span class='ocrx_word' id='word_1_291' title='bbox 1306 816 1324 830; x_wconf 84' lang='grc' dir='ltr'><em>ω</em></span> <span class='ocrx_word' id='word_1_292' title='bbox 1349 815 1382 831; x_wconf 66' lang='grc' dir='ltr'>τε</span> <span class='ocrx_word' id='word_1_293' title='bbox 1410 805 1590 832; x_wconf 78' lang='grc' dir='ltr'>ῬΑΔΙΝΟῘΟ</span> <span class='ocrx_word' id='word_1_294' title='bbox 1622 808 1711 833; x_wconf 85' lang='lat' dir='ltr'>TPA-</span> 
     </span>
     <span class='ocr_line' id='line_1_59' title="bbox 1056 854 1190 878; baseline -0.007 0"><span class='ocrx_word' id='word_1_295' title='bbox 1056 854 1190 878; x_wconf 74' lang='lat' dir='ltr'><strong>XHAOT.</strong></span> 
     </span>
     <span class='ocr_line' id='line_1_60' title="bbox 980 897 1711 939; baseline 0.001 -11"><span class='ocrx_word' id='word_1_296' title='bbox 980 899 1150 935; x_wconf 80' lang='lat' dir='ltr'>Caeterum,</span> <span class='ocrx_word' id='word_1_297' title='bbox 1167 897 1283 937; x_wconf 84' lang='lat' dir='ltr'>optime</span> <span class='ocrx_word' id='word_1_298' title='bbox 1298 898 1437 928; x_wconf 79' lang='lat' dir='ltr'>admovit</span> <span class='ocrx_word' id='word_1_299' title='bbox 1449 899 1616 939; x_wconf 86' lang='lat' dir='ltr'>Preigerus</span> <span class='ocrx_word' id='word_1_300' title='bbox 1634 899 1711 929; x_wconf 78' lang='lat' dir='ltr'>Ovi-</span> 
     </span>
     <span class='ocr_line' id='line_1_61' title="bbox 977 949 1710 984; baseline 0.003 -6"><span class='ocrx_word' id='word_1_301' title='bbox 977 949 1076 984; x_wconf 88' lang='lat' dir='ltr'>dium,</span> <span class='ocrx_word' id='word_1_302' title='bbox 1089 954 1163 979; x_wconf 86' lang='lat' dir='ltr'>met.</span> <span class='ocrx_word' id='word_1_303' title='bbox 1179 959 1208 978; x_wconf 84' lang='lat' dir='ltr'>x.</span> <span class='ocrx_word' id='word_1_304' title='bbox 1221 952 1292 980; x_wconf 78' lang='lat'><em>558.</em></span> <span class='ocrx_word' id='word_1_305' title='bbox 1308 949 1363 979; x_wconf 90' lang='lat' dir='ltr'>ubi</span> <span class='ocrx_word' id='word_1_306' title='bbox 1378 949 1508 979; x_wconf 86' lang='lat' dir='ltr'>laudant</span> <span class='ocrx_word' id='word_1_307' title='bbox 1523 950 1710 980; x_wconf 88' lang='lat' dir='ltr'>Lucretium</span> 
     </span>
     <span class='ocr_line' id='line_1_62' title="bbox 978 1001 1174 1039; baseline 0.005 -9"><span class='ocrx_word' id='word_1_308' title='bbox 978 1001 1174 1039; x_wconf 82' lang='lat' dir='ltr'>interpretes:</span> 
     </span>
    </p>
   </div>
   <div class='ocr_carea' id='block_1_18' title="bbox 1009 1057 1646 1123">
    <p class='ocr_par' dir='ltr' id='par_1_21' title="bbox 1009 1057 1646 1123">
     <span class='ocr_line' id='line_1_63' title="bbox 1009 1057 1646 1089; baseline -0.002 -6"><span class='ocrx_word' id='word_1_309' title='bbox 1009 1060 1092 1089; x_wconf 86' lang='lat' dir='ltr'>Inque</span> <span class='ocrx_word' id='word_1_310' title='bbox 1103 1058 1161 1082; x_wconf 82' lang='lat' dir='ltr'>sinu</span> <span class='ocrx_word' id='word_1_311' title='bbox 1168 1058 1275 1089; x_wconf 79' lang='lat' dir='ltr'>juvenis</span> <span class='ocrx_word' id='word_1_312' title='bbox 1287 1057 1374 1088; x_wconf 66' lang='lat' dir='ltr'>posita</span> <span class='ocrx_word' id='word_1_313' title='bbox 1385 1057 1500 1087; x_wconf 88' lang='lat' dir='ltr'>cervice,</span> <span class='ocrx_word' id='word_1_314' title='bbox 1512 1057 1646 1088; x_wconf 86' lang='lat' dir='ltr'>renidens,</span> 
     </span>
     <span class='ocr_line' id='line_1_64' title="bbox 1009 1097 1619 1123; baseline -0.003 0"><span class='ocrx_word' id='word_1_315' title='bbox 1009 1099 1048 1123; x_wconf 90' lang='lat' dir='ltr'>Sic</span> <span class='ocrx_word' id='word_1_316' title='bbox 1060 1098 1112 1123; x_wconf 83' lang='lat' dir='ltr'>ait:</span> <span class='ocrx_word' id='word_1_317' title='bbox 1130 1105 1161 1122; x_wconf 84' lang='lat' dir='ltr'>ac</span> <span class='ocrx_word' id='word_1_318' title='bbox 1174 1097 1266 1122; x_wconf 85' lang='lat' dir='ltr'>mediis</span> <span class='ocrx_word' id='word_1_319' title='bbox 1279 1097 1410 1122; x_wconf 84' lang='lat' dir='ltr'>interserit</span> <span class='ocrx_word' id='word_1_320' title='bbox 1422 1097 1512 1122; x_wconf 80' lang='lat' dir='ltr'>oscula</span> <span class='ocrx_word' id='word_1_321' title='bbox 1524 1098 1619 1123; x_wconf 88' lang='lat' dir='ltr'>verbis.</span> 
     </span>
    </p>
   </div>
   <div class='ocr_carea' id='block_1_19' title="bbox 977 1146 1708 1241">
    <p class='ocr_par' dir='ltr' id='par_1_22' title="bbox 977 1146 1708 1241">
     <span class='ocr_line' id='line_1_65' title="bbox 980 1146 1708 1182; baseline -0.001 -5"><span class='ocrx_word' id='word_1_322' title='bbox 980 1147 1076 1177; x_wconf 88' lang='lat' dir='ltr'>Silius</span> <span class='ocrx_word' id='word_1_323' title='bbox 1092 1147 1187 1177; x_wconf 89' lang='lat' dir='ltr'>etiam</span> <span class='ocrx_word' id='word_1_324' title='bbox 1205 1147 1237 1176; x_wconf 93' lang='lat' dir='ltr'>in</span> <span class='ocrx_word' id='word_1_325' title='bbox 1261 1146 1428 1176; x_wconf 88' lang='lat' dir='ltr'>cumulum</span> <span class='ocrx_word' id='word_1_326' title='bbox 1450 1146 1564 1182; x_wconf 88' lang='lat' dir='ltr'>veniat,</span> <span class='ocrx_word' id='word_1_327' title='bbox 1586 1152 1622 1176; x_wconf 87' lang='lat' dir='ltr'>ut</span> <span class='ocrx_word' id='word_1_328' title='bbox 1643 1156 1708 1176; x_wconf 85' lang='lat' dir='ltr'>cas-</span> 
     </span>
     <span class='ocr_line' id='line_1_66' title="bbox 977 1200 1416 1241; baseline 0 -11"><span class='ocrx_word' id='word_1_329' title='bbox 977 1201 1108 1241; x_wconf 83' lang='lat' dir='ltr'>tigetur,</span> <span class='ocrx_word' id='word_1_330' title='bbox 1125 1200 1164 1229; x_wconf 90' lang='lat' dir='ltr'>ad</span> <span class='ocrx_word' id='word_1_331' title='bbox 1181 1201 1262 1230; x_wconf 88' lang='lat' dir='ltr'>Pun.</span> <span class='ocrx_word' id='word_1_332' title='bbox 1278 1200 1329 1230; x_wconf 83' lang='lat' dir='ltr'>vii.</span> <span class='ocrx_word' id='word_1_333' title='bbox 1345 1204 1416 1230; x_wconf 77' lang='lat'>522.</span> 
     </span>
    </p>
   </div>
   <div class='ocr_carea' id='block_1_20' title="bbox 1007 1258 1697 1371">
    <p class='ocr_par' dir='ltr' id='par_1_23' title="bbox 1007 1258 1697 1371">
     <span class='ocr_line' id='line_1_67' title="bbox 1262 1258 1692 1291; baseline -0.002 -8"><span class='ocrx_word' id='word_1_334' title='bbox 1262 1259 1363 1291; x_wconf 67' lang='lat' dir='ltr'>iugem,</span> <span class='ocrx_word' id='word_1_335' title='bbox 1374 1259 1459 1290; x_wconf 84' lang='lat' dir='ltr'>clipeo</span> <span class='ocrx_word' id='word_1_336' title='bbox 1470 1258 1572 1282; x_wconf 77' lang='lat' dir='ltr'>cervice</span> <span class='ocrx_word' id='word_1_337' title='bbox 1582 1258 1692 1290; x_wconf 54' lang='lat' dir='ltr'>reposta,</span> 
     </span>
     <span class='ocr_line' id='line_1_68' title="bbox 1008 1298 1659 1329; baseline -0.003 -6"><span class='ocrx_word' id='word_1_338' title='bbox 1008 1300 1081 1323; x_wconf 87' lang='lat' dir='ltr'>Inter</span> <span class='ocrx_word' id='word_1_339' title='bbox 1091 1306 1182 1329; x_wconf 74' lang='lat' dir='ltr'>equos,</span> <span class='ocrx_word' id='word_1_340' title='bbox 1194 1299 1318 1329; x_wconf 82' lang='lat' dir='ltr'>interque</span> <span class='ocrx_word' id='word_1_341' title='bbox 1330 1299 1410 1328; x_wconf 71' lang='lat' dir='ltr'>viros,</span> <span class='ocrx_word' id='word_1_342' title='bbox 1421 1298 1544 1328; x_wconf 85' lang='lat' dir='ltr'>interque</span> <span class='ocrx_word' id='word_1_343' title='bbox 1551 1298 1659 1329; x_wconf 87' lang='lat' dir='ltr'>jacebat</span> 
     </span>
     <span class='ocr_line' id='line_1_69' title="bbox 1007 1338 1697 1371; baseline 0 -9"><span class='ocrx_word' id='word_1_344' title='bbox 1007 1341 1087 1371; x_wconf 79' lang='lat' dir='ltr'>Rapta</span> <span class='ocrx_word' id='word_1_345' title='bbox 1100 1347 1182 1363; x_wconf 80' lang='lat' dir='ltr'>manu</span> <span class='ocrx_word' id='word_1_346' title='bbox 1193 1339 1286 1371; x_wconf 82' lang='lat' dir='ltr'>spolia,</span> <span class='ocrx_word' id='word_1_347' title='bbox 1298 1342 1325 1364; x_wconf 84' lang='lat' dir='ltr'>et</span> <span class='ocrx_word' id='word_1_348' title='bbox 1337 1338 1453 1363; x_wconf 85' lang='lat' dir='ltr'>rorantia</span> <span class='ocrx_word' id='word_1_349' title='bbox 1463 1338 1552 1368; x_wconf 65' lang='lat' dir='ltr'>crede,</span> <span class='ocrx_word' id='word_1_350' title='bbox 1563 1339 1697 1362; x_wconf 65' lang='lat' dir='ltr'>Maraxes.</span> 
     </span>
    </p>
   </div>
   <div class='ocr_carea' id='block_1_21' title="bbox 1004 1271 1126 1280">
    <p class='ocr_par' dir='ltr' id='par_1_24' title="bbox 1004 1271 1126 1280">
     <span class='ocr_line' id='line_1_70' title="bbox 1004 1271 1126 1280; baseline 0 0"><span class='ocrx_word' id='word_1_351' title='bbox 1004 1271 1126 1280; x_wconf 95' lang='lat' dir='ltr'> </span> 
     </span>
    </p>
   </div>
   <div class='ocr_carea' id='block_1_22' title="bbox 1127 1272 1251 1279">
    <p class='ocr_par' dir='ltr' id='par_1_25' title="bbox 1127 1272 1251 1279">
     <span class='ocr_line' id='line_1_71' title="bbox 1127 1272 1251 1279; baseline 0 0"><span class='ocrx_word' id='word_1_352' title='bbox 1127 1272 1251 1279; x_wconf 95' lang='lat' dir='ltr'> </span> 
     </span>
    </p>
   </div>
   <div class='ocr_carea' id='block_1_23' title="bbox 971 1388 1711 1993">
    <p class='ocr_par' dir='ltr' id='par_1_26' title="bbox 971 1388 1711 1993">
     <span class='ocr_line' id='line_1_72' title="bbox 977 1388 1707 1429; baseline -0.003 -9"><span class='ocrx_word' id='word_1_353' title='bbox 977 1389 1029 1420; x_wconf 82' lang='lat' dir='ltr'>Ita</span> <span class='ocrx_word' id='word_1_354' title='bbox 1042 1390 1271 1429; x_wconf 84' lang='lat' dir='ltr'>interpunxeris</span> <span class='ocrx_word' id='word_1_355' title='bbox 1288 1388 1462 1425; x_wconf 83' lang='lat' dir='ltr'>emendate,</span> <span class='ocrx_word' id='word_1_356' title='bbox 1473 1395 1504 1419; x_wconf 89' lang='lat' dir='ltr'>et</span> <span class='ocrx_word' id='word_1_357' title='bbox 1515 1394 1598 1419; x_wconf 89' lang='lat' dir='ltr'>caste</span> <span class='ocrx_word' id='word_1_358' title='bbox 1610 1388 1707 1427; x_wconf 84' lang='lat' dir='ltr'>scrip·</span> 
     </span>
     <span class='ocr_line' id='line_1_73' title="bbox 978 1441 1711 1483; baseline -0.003 -10"><span class='ocrx_word' id='word_1_359' title='bbox 978 1444 1063 1473; x_wconf 88' lang='lat' dir='ltr'>seris.</span> <span class='ocrx_word' id='word_1_360' title='bbox 1111 1443 1231 1483; x_wconf 83' lang='lat' dir='ltr'>Vulgo,</span> <span class='ocrx_word' id='word_1_361' title='bbox 1248 1449 1338 1482; x_wconf 77' lang='lat' dir='ltr'>capta</span> <span class='ocrx_word' id='word_1_362' title='bbox 1347 1458 1358 1478; x_wconf 92' lang='lat'><em>;</em></span> <span class='ocrx_word' id='word_1_363' title='bbox 1385 1442 1439 1472; x_wconf 90' lang='lat' dir='ltr'>sed</span> <span class='ocrx_word' id='word_1_364' title='bbox 1457 1442 1596 1482; x_wconf 87' lang='lat' dir='ltr'>Virgilio</span> <span class='ocrx_word' id='word_1_365' title='bbox 1614 1441 1711 1472; x_wconf 84' lang='lat' dir='ltr'>Silius</span> 
     </span>
     <span class='ocr_line' id='line_1_74' title="bbox 977 1492 1708 1535; baseline -0.003 -10"><span class='ocrx_word' id='word_1_366' title='bbox 977 1495 1084 1525; x_wconf 87' lang='lat' dir='ltr'>oculos</span> <span class='ocrx_word' id='word_1_367' title='bbox 1096 1505 1168 1524; x_wconf 89' lang='lat' dir='ltr'>suos</span> <span class='ocrx_word' id='word_1_368' title='bbox 1178 1504 1342 1535; x_wconf 86' lang='lat' dir='ltr'>nunquam</span> <span class='ocrx_word' id='word_1_369' title='bbox 1357 1493 1518 1531; x_wconf 81' lang='lat' dir='ltr'>demovet3</span> <span class='ocrx_word' id='word_1_370' title='bbox 1535 1499 1567 1523; x_wconf 84' lang='lat' dir='ltr'>et</span> <span class='ocrx_word' id='word_1_371' title='bbox 1581 1493 1626 1523; x_wconf 88' lang='lat' dir='ltr'>ita</span> <span class='ocrx_word' id='word_1_372' title='bbox 1641 1492 1708 1532; x_wconf 86' lang='lat' dir='ltr'>ille,</span> 
     </span>
     <span class='ocr_line' id='line_1_75' title="bbox 977 1546 1170 1587; baseline -0.005 -10"><span class='ocrx_word' id='word_1_373' title='bbox 977 1556 1044 1587; x_wconf 89' lang='lat' dir='ltr'>geo.</span> <span class='ocrx_word' id='word_1_374' title='bbox 1061 1546 1104 1576; x_wconf 87' lang='lat' dir='ltr'>iii.</span> <span class='ocrx_word' id='word_1_375' title='bbox 1120 1549 1170 1576; x_wconf 73' lang='lat'>52.</span> 
     </span>
     <span class='ocr_line' id='line_1_76' title="bbox 1038 1594 1708 1627; baseline -0.001 -7"><span class='ocrx_word' id='word_1_376' title='bbox 1038 1598 1070 1620; x_wconf 87' lang='lat' dir='ltr'>Et</span> <span class='ocrx_word' id='word_1_377' title='bbox 1082 1597 1146 1625; x_wconf 84' lang='lat' dir='ltr'>duo,</span> <span class='ocrx_word' id='word_1_378' title='bbox 1158 1598 1232 1627; x_wconf 80' lang='lat' dir='ltr'>rapta</span> <span class='ocrx_word' id='word_1_379' title='bbox 1242 1601 1332 1624; x_wconf 81' lang='lat' dir='ltr'>manu,</span> <span class='ocrx_word' id='word_1_380' title='bbox 1345 1594 1451 1620; x_wconf 83' lang='lat' dir='ltr'>diverso</span> <span class='ocrx_word' id='word_1_381' title='bbox 1459 1601 1497 1619; x_wconf 81' lang='lat' dir='ltr'>ex</span> <span class='ocrx_word' id='word_1_382' title='bbox 1506 1595 1584 1620; x_wconf 88' lang='lat' dir='ltr'>hoste</span> <span class='ocrx_word' id='word_1_383' title='bbox 1592 1597 1708 1626; x_wconf 85' lang='lat' dir='ltr'>tropaea.</span> 
     </span>
     <span class='ocr_line' id='line_1_77' title="bbox 1021 1636 1711 1675; baseline 0.003 -10"><span class='ocrx_word' id='word_1_384' title='bbox 1021 1637 1096 1666; x_wconf 67' lang='lat' dir='ltr'>Ver.</span> <span class='ocrx_word' id='word_1_385' title='bbox 1113 1639 1164 1665; x_wconf 82' lang='lat'>57.</span> <span class='ocrx_word' id='word_1_386' title='bbox 1200 1638 1307 1665; x_wconf 80' lang='lat' dir='ltr'>Pascit</span> <span class='ocrx_word' id='word_1_387' title='bbox 1324 1637 1412 1665; x_wconf 73' lang='lat' dir='ltr'>visus.</span> <span class='ocrx_word' id='word_1_388' title='bbox 1453 1636 1576 1674; x_wconf 89' lang='lat' dir='ltr'>Cicero,</span> <span class='ocrx_word' id='word_1_389' title='bbox 1593 1636 1711 1675; x_wconf 78' lang='lat' dir='ltr'>Philip.</span> 
     </span>
     <span class='ocr_line' id='line_1_78' title="bbox 974 1690 1707 1730; baseline -0.001 -9"><span class='ocrx_word' id='word_1_390' title='bbox 974 1692 1014 1721; x_wconf 76' lang='lat' dir='ltr'>xi.</span> <span class='ocrx_word' id='word_1_391' title='bbox 1031 1695 1059 1721; x_wconf 80' lang='lat'>3.</span> <span class='ocrx_word' id='word_1_392' title='bbox 1086 1694 1108 1709; x_wconf 87' lang='lat'><strong>“</strong></span> <span class='ocrx_word' id='word_1_393' title='bbox 1124 1691 1201 1720; x_wconf 87' lang='lat' dir='ltr'>—in</span> <span class='ocrx_word' id='word_1_394' title='bbox 1224 1690 1291 1730; x_wconf 84' lang='lat' dir='ltr'>ejus</span> <span class='ocrx_word' id='word_1_395' title='bbox 1315 1700 1445 1729; x_wconf 85' lang='lat' dir='ltr'>corpore</span> <span class='ocrx_word' id='word_1_396' title='bbox 1471 1690 1638 1720; x_wconf 88' lang='lat' dir='ltr'>lacerando</span> <span class='ocrx_word' id='word_1_397' title='bbox 1660 1696 1707 1720; x_wconf 90' lang='lat' dir='ltr'>at-</span> 
     </span>
     <span class='ocr_line' id='line_1_79' title="bbox 975 1743 1708 1785; baseline 0 -11"><span class='ocrx_word' id='word_1_398' title='bbox 975 1749 997 1763; x_wconf 84' lang='lat'>“</span> <span class='ocrx_word' id='word_1_399' title='bbox 1014 1755 1075 1785; x_wconf 89' lang='lat' dir='ltr'>que</span> <span class='ocrx_word' id='word_1_400' title='bbox 1108 1743 1261 1781; x_wconf 79' lang='lat' dir='ltr'>vexando,</span> <span class='ocrx_word' id='word_1_401' title='bbox 1298 1753 1372 1773; x_wconf 91' lang='lat' dir='ltr'>cum</span> <span class='ocrx_word' id='word_1_402' title='bbox 1410 1743 1558 1773; x_wconf 87' lang='lat' dir='ltr'>animum</span> <span class='ocrx_word' id='word_1_403' title='bbox 1595 1743 1708 1774; x_wconf 85' lang='lat' dir='ltr'>satiare</span> 
     </span>
     <span class='ocr_line' id='line_1_80' title="bbox 975 1794 1709 1835; baseline -0.005 -9"><span class='ocrx_word' id='word_1_404' title='bbox 975 1801 998 1815; x_wconf 86' lang='lat'><strong>“</strong></span> <span class='ocrx_word' id='word_1_405' title='bbox 1014 1806 1078 1826; x_wconf 89' lang='lat' dir='ltr'>non</span> <span class='ocrx_word' id='word_1_406' title='bbox 1094 1802 1207 1835; x_wconf 86' lang='lat' dir='ltr'>posset,</span> <span class='ocrx_word' id='word_1_407' title='bbox 1231 1797 1329 1826; x_wconf 81' lang='lat' dir='ltr'>oculos</span> <span class='ocrx_word' id='word_1_408' title='bbox 1340 1797 1465 1834; x_wconf 79' lang='lat' dir='ltr'>paverit</span> <span class='ocrx_word' id='word_1_409' title='bbox 1489 1794 1596 1825; x_wconf 85' lang='lat' dir='ltr'>suOS.”</span> <span class='ocrx_word' id='word_1_410' title='bbox 1632 1796 1709 1827; x_wconf 80' lang='lat' dir='ltr'>Jus-</span> 
     </span>
     <span class='ocr_line' id='line_1_81' title="bbox 972 1847 1708 1888; baseline -0.004 -8"><span class='ocrx_word' id='word_1_411' title='bbox 972 1850 1066 1885; x_wconf 82' lang='lat' dir='ltr'>tinus,</span> <span class='ocrx_word' id='word_1_412' title='bbox 1077 1849 1140 1878; x_wconf 76' lang='lat' dir='ltr'>xxi.</span> <span class='ocrx_word' id='word_1_413' title='bbox 1151 1851 1182 1879; x_wconf 88' lang='lat'>5.</span> <span class='ocrx_word' id='word_1_414' title='bbox 1196 1847 1234 1878; x_wconf 89' lang='lat' dir='ltr'>de</span> <span class='ocrx_word' id='word_1_415' title='bbox 1245 1847 1351 1877; x_wconf 78' lang='lat' dir='ltr'>exsule</span> <span class='ocrx_word' id='word_1_416' title='bbox 1361 1847 1530 1887; x_wconf 86' lang='lat' dir='ltr'>Dionysio:</span> <span class='ocrx_word' id='word_1_417' title='bbox 1548 1850 1571 1865; x_wconf 90' lang='lat'><strong>“</strong></span> <span class='ocrx_word' id='word_1_418' title='bbox 1580 1847 1708 1888; x_wconf 83' lang='lat' dir='ltr'>—quod</span> 
     </span>
     <span class='ocr_line' id='line_1_82' title="bbox 974 1897 1710 1938; baseline -0.004 -7"><span class='ocrx_word' id='word_1_419' title='bbox 974 1905 995 1920; x_wconf 90' lang='lat'>“</span> <span class='ocrx_word' id='word_1_420' title='bbox 1008 1910 1111 1931; x_wconf 87' lang='lat' dir='ltr'>emere</span> <span class='ocrx_word' id='word_1_421' title='bbox 1122 1910 1187 1930; x_wconf 88' lang='lat' dir='ltr'>non</span> <span class='ocrx_word' id='word_1_422' title='bbox 1199 1904 1331 1938; x_wconf 89' lang='lat' dir='ltr'>poterat,</span> <span class='ocrx_word' id='word_1_423' title='bbox 1342 1900 1438 1929; x_wconf 80' lang='lat' dir='ltr'>oculis</span> <span class='ocrx_word' id='word_1_424' title='bbox 1447 1900 1591 1928; x_wconf 78' lang='lat' dir='ltr'>devorare</span> <span class='ocrx_word' id='word_1_425' title='bbox 1603 1897 1637 1928; x_wconf 89' lang='lat'>.·’&#39;</span> <span class='ocrx_word' id='word_1_426' title='bbox 1654 1898 1710 1928; x_wconf 89' lang='lat' dir='ltr'>ubi</span> 
     </span>
     <span class='ocr_line' id='line_1_83' title="bbox 971 1950 1707 1993; baseline -0.003 -10"><span class='ocrx_word' id='word_1_427' title='bbox 971 1954 1062 1993; x_wconf 82' lang='lat' dir='ltr'>plura</span> <span class='ocrx_word' id='word_1_428' title='bbox 1077 1952 1116 1982; x_wconf 88' lang='lat' dir='ltr'>de</span> <span class='ocrx_word' id='word_1_429' title='bbox 1138 1953 1197 1980; x_wconf 91' lang='lat' dir='ltr'>hoc</span> <span class='ocrx_word' id='word_1_430' title='bbox 1212 1950 1361 1990; x_wconf 89' lang='lat' dir='ltr'>loquendi</span> <span class='ocrx_word' id='word_1_431' title='bbox 1376 1960 1490 1990; x_wconf 85' lang='lat' dir='ltr'>genere</span> <span class='ocrx_word' id='word_1_432' title='bbox 1514 1950 1707 1989; x_wconf 86' lang='lat' dir='ltr'>interpretes.</span> 
     </span>
    </p>
   </div>
   <div class='ocr_carea' id='block_1_24' title="bbox 973 2002 1665 2082">
    <p class='ocr_par' dir='ltr' id='par_1_27' title="bbox 973 2002 1665 2082">
     <span class='ocr_line' id='line_1_84' title="bbox 973 2002 1376 2038; baseline -0.005 -4"><span class='ocrx_word' id='word_1_433' title='bbox 973 2005 1089 2034; x_wconf 87' lang='lat' dir='ltr'>Noster</span> <span class='ocrx_word' id='word_1_434' title='bbox 1111 2003 1236 2038; x_wconf 90' lang='lat' dir='ltr'>iterum,</span> <span class='ocrx_word' id='word_1_435' title='bbox 1253 2002 1285 2031; x_wconf 89' lang='lat' dir='ltr'>ii.</span> <span class='ocrx_word' id='word_1_436' title='bbox 1302 2005 1376 2032; x_wconf 89' lang='lat'>419.</span> 
     </span>
     <span class='ocr_line' id='line_1_85' title="bbox 1261 2050 1665 2082; baseline 0 -8"><span class='ocrx_word' id='word_1_437' title='bbox 1261 2051 1343 2075; x_wconf 81' lang='lat' dir='ltr'>oculos</span> <span class='ocrx_word' id='word_1_438' title='bbox 1356 2050 1418 2081; x_wconf 90' lang='lat' dir='ltr'>quei</span> <span class='ocrx_word' id='word_1_439' title='bbox 1425 2054 1528 2082; x_wconf 75' lang='lat' dir='ltr'>pascere</span> <span class='ocrx_word' id='word_1_440' title='bbox 1539 2054 1665 2081; x_wconf 86' lang='lat' dir='ltr'>possunt:</span> 
     </span>
    </p>
   </div>
   <div class='ocr_carea' id='block_1_25' title="bbox 974 2090 1701 2131">
    <p class='ocr_par' dir='ltr' id='par_1_28' title="bbox 974 2090 1701 2131">
     <span class='ocr_line' id='line_1_86' title="bbox 974 2090 1701 2131; baseline -0.003 -7"><span class='ocrx_word' id='word_1_441' title='bbox 974 2100 1015 2131; x_wconf 89' lang='lat' dir='ltr'>et,</span> <span class='ocrx_word' id='word_1_442' title='bbox 1040 2092 1139 2122; x_wconf 88' lang='lat' dir='ltr'>nostri</span> <span class='ocrx_word' id='word_1_443' title='bbox 1156 2101 1288 2128; x_wconf 88' lang='lat' dir='ltr'>memor,</span> <span class='ocrx_word' id='word_1_444' title='bbox 1307 2090 1515 2129; x_wconf 86' lang='lat' dir='ltr'>Claudianus,</span> <span class='ocrx_word' id='word_1_445' title='bbox 1534 2091 1569 2120; x_wconf 90' lang='lat' dir='ltr'>in</span> <span class='ocrx_word' id='word_1_446' title='bbox 1591 2090 1701 2122; x_wconf 88' lang='lat' dir='ltr'>Rufin.</span> 
     </span>
    </p>
   </div>
   <div class='ocr_carea' id='block_1_26' title="bbox 973 2147 1082 2177">
    <p class='ocr_par' dir='ltr' id='par_1_29' title="bbox 973 2147 1082 2177">
     <span class='ocr_line' id='line_1_87' title="bbox 973 2147 1082 2177; baseline -0.018 -1"><span class='ocrx_word' id='word_1_447' title='bbox 973 2147 994 2177; x_wconf 89' lang='lat' dir='ltr'>i.</span> <span class='ocrx_word' id='word_1_448' title='bbox 1013 2149 1082 2176; x_wconf 79' lang='lat'>164.</span> 
     </span>
    </p>
   </div>
   <div class='ocr_carea' id='block_1_27' title="bbox 1002 2201 1641 2268">
    <p class='ocr_par' dir='ltr' id='par_1_30' title="bbox 1002 2201 1641 2268">
     <span class='ocr_line' id='line_1_88' title="bbox 1003 2201 1641 2234; baseline -0.002 -6"><span class='ocrx_word' id='word_1_449' title='bbox 1003 2203 1135 2229; x_wconf 81' lang='lat' dir='ltr'>nlecebris</span> <span class='ocrx_word' id='word_1_450' title='bbox 1148 2202 1264 2234; x_wconf 83' lang='lat' dir='ltr'>capitur,</span> <span class='ocrx_word' id='word_1_451' title='bbox 1276 2202 1446 2233; x_wconf 85' lang='lat' dir='ltr'>nimiumque</span> <span class='ocrx_word' id='word_1_452' title='bbox 1457 2201 1541 2227; x_wconf 81' lang='lat' dir='ltr'>elatus</span> <span class='ocrx_word' id='word_1_453' title='bbox 1553 2209 1641 2227; x_wconf 80' lang='lat' dir='ltr'>avaro</span> 
     </span>
     <span class='ocr_line' id='line_1_89' title="bbox 1002 2242 1246 2268; baseline -0.008 0"><span class='ocrx_word' id='word_1_454' title='bbox 1002 2244 1121 2268; x_wconf 81' lang='lat' dir='ltr'>Pascitur</span> <span class='ocrx_word' id='word_1_455' title='bbox 1131 2242 1226 2266; x_wconf 81' lang='lat' dir='ltr'>intuitu</span> <span class='ocrx_word' id='word_1_456' title='bbox 1237 2251 1246 2267; x_wconf 89' lang='lat'>.·</span> 
     </span>
    </p>
   </div>
   <div class='ocr_carea' id='block_1_28' title="bbox 963 2291 1703 2751">
    <p class='ocr_par' dir='ltr' id='par_1_31' title="bbox 963 2291 1703 2751">
     <span class='ocr_line' id='line_1_90' title="bbox 969 2291 1702 2333; baseline -0.001 -10"><span class='ocrx_word' id='word_1_457' title='bbox 969 2292 1095 2333; x_wconf 71' lang='lat' dir='ltr'>praelata</span> <span class='ocrx_word' id='word_1_458' title='bbox 1110 2298 1216 2322; x_wconf 88' lang='lat' dir='ltr'>tamen</span> <span class='ocrx_word' id='word_1_459' title='bbox 1230 2291 1354 2322; x_wconf 81' lang='lat' dir='ltr'>reflexae</span> <span class='ocrx_word' id='word_1_460' title='bbox 1364 2291 1602 2332; x_wconf 86' lang='lat' dir='ltr'>significationis</span> <span class='ocrx_word' id='word_1_461' title='bbox 1613 2302 1702 2331; x_wconf 88' lang='lat' dir='ltr'>voce,</span> 
     </span>
     <span class='ocr_line' id='line_1_91' title="bbox 963 2345 1703 2385; baseline 0.001 -10"><span class='ocrx_word' id='word_1_462' title='bbox 963 2348 1107 2385; x_wconf 80' lang='lat' dir='ltr'>pascitur</span> <span class='ocrx_word' id='word_1_463' title='bbox 1130 2345 1293 2381; x_wconf 82' lang='lat' dir='ltr'>nimirum,</span> <span class='ocrx_word' id='word_1_464' title='bbox 1326 2355 1382 2384; x_wconf 90' lang='lat' dir='ltr'>pro</span> <span class='ocrx_word' id='word_1_465' title='bbox 1403 2355 1434 2375; x_wconf 83' lang='lat' dir='ltr'>se</span> <span class='ocrx_word' id='word_1_466' title='bbox 1458 2347 1578 2385; x_wconf 81' lang='lat' dir='ltr'>pascit‚·</span> <span class='ocrx_word' id='word_1_467' title='bbox 1615 2345 1703 2376; x_wconf 86' lang='lat' dir='ltr'>unde</span> 
     </span>
     <span class='ocr_line' id='line_1_92' title="bbox 970 2397 1702 2438; baseline -0.003 -8"><span class='ocrx_word' id='word_1_468' title='bbox 970 2399 1070 2429; x_wconf 89' lang='lat' dir='ltr'>scelus</span> <span class='ocrx_word' id='word_1_469' title='bbox 1091 2398 1260 2438; x_wconf 87' lang='lat' dir='ltr'>piaculare,</span> <span class='ocrx_word' id='word_1_470' title='bbox 1287 2398 1319 2427; x_wconf 94' lang='lat' dir='ltr'>in</span> <span class='ocrx_word' id='word_1_471' title='bbox 1343 2397 1564 2437; x_wconf 87' lang='lat' dir='ltr'>proprietatem</span> <span class='ocrx_word' id='word_1_472' title='bbox 1578 2398 1702 2429; x_wconf 82' lang='lat' dir='ltr'>Latinae</span> 
     </span>
     <span class='ocr_line' id='line_1_93' title="bbox 968 2450 1701 2492; baseline -0.001 -11"><span class='ocrx_word' id='word_1_473' title='bbox 968 2451 1088 2492; x_wconf 81' lang='lat' dir='ltr'>linguae</span> <span class='ocrx_word' id='word_1_474' title='bbox 1103 2450 1288 2488; x_wconf 84' lang='lat' dir='ltr'>admissum,</span> <span class='ocrx_word' id='word_1_475' title='bbox 1301 2450 1342 2480; x_wconf 91' lang='lat' dir='ltr'>ad</span> <span class='ocrx_word' id='word_1_476' title='bbox 1358 2450 1491 2480; x_wconf 85' lang='lat' dir='ltr'>Anthol.</span> <span class='ocrx_word' id='word_1_477' title='bbox 1509 2451 1578 2481; x_wconf 87' lang='lat' dir='ltr'>Lat.</span> <span class='ocrx_word' id='word_1_478' title='bbox 1590 2451 1701 2481; x_wconf 87' lang='lat' dir='ltr'>Burm.</span> 
     </span>
     <span class='ocr_line' id='line_1_94' title="bbox 968 2503 1702 2544; baseline 0 -11"><span class='ocrx_word' id='word_1_479' title='bbox 968 2504 1007 2533; x_wconf 89' lang='lat' dir='ltr'>iv.</span> <span class='ocrx_word' id='word_1_480' title='bbox 1043 2507 1091 2536; x_wconf 84' lang='lat'>48.</span> <span class='ocrx_word' id='word_1_481' title='bbox 1116 2504 1243 2544; x_wconf 86' lang='lat' dir='ltr'>negotio</span> <span class='ocrx_word' id='word_1_482' title='bbox 1265 2503 1355 2533; x_wconf 91' lang='lat' dir='ltr'>nullo</span> <span class='ocrx_word' id='word_1_483' title='bbox 1385 2503 1483 2534; x_wconf 91' lang='lat' dir='ltr'>tollas.</span> <span class='ocrx_word' id='word_1_484' title='bbox 1530 2503 1592 2533; x_wconf 89' lang='lat' dir='ltr'>Sed</span> <span class='ocrx_word' id='word_1_485' title='bbox 1620 2503 1702 2534; x_wconf 75' lang='lat' dir='ltr'>inte-</span> 
     </span>
     <span class='ocr_line' id='line_1_95' title="bbox 967 2555 1700 2596; baseline -0.001 -10"><span class='ocrx_word' id='word_1_486' title='bbox 967 2566 1058 2596; x_wconf 85' lang='lat' dir='ltr'>gram</span> <span class='ocrx_word' id='word_1_487' title='bbox 1069 2556 1264 2594; x_wconf 87' lang='lat' dir='ltr'>proferamus</span> <span class='ocrx_word' id='word_1_488' title='bbox 1272 2556 1516 2595; x_wconf 82' lang='lat' dir='ltr'>inscriptionem,</span> <span class='ocrx_word' id='word_1_489' title='bbox 1534 2561 1623 2595; x_wconf 85' lang='lat' dir='ltr'>grata</span> <span class='ocrx_word' id='word_1_490' title='bbox 1637 2555 1700 2585; x_wconf 86' lang='lat' dir='ltr'>lec-</span> 
     </span>
     <span class='ocr_line' id='line_1_96' title="bbox 968 2606 1699 2647; baseline -0.003 -9"><span class='ocrx_word' id='word_1_491' title='bbox 968 2609 1086 2638; x_wconf 88' lang='lat' dir='ltr'>toribus</span> <span class='ocrx_word' id='word_1_492' title='bbox 1100 2608 1224 2646; x_wconf 86' lang='lat' dir='ltr'>facturi‚</span> <span class='ocrx_word' id='word_1_493' title='bbox 1249 2619 1323 2639; x_wconf 90' lang='lat' dir='ltr'>cum</span> <span class='ocrx_word' id='word_1_494' title='bbox 1340 2608 1380 2638; x_wconf 85' lang='lat' dir='ltr'>sit</span> <span class='ocrx_word' id='word_1_495' title='bbox 1402 2607 1580 2647; x_wconf 84' lang='lat' dir='ltr'>purissimae</span> <span class='ocrx_word' id='word_1_496' title='bbox 1594 2606 1699 2636; x_wconf 86' lang='lat' dir='ltr'>suavi-</span> 
     </span>
     <span class='ocr_line' id='line_1_97' title="bbox 968 2659 1701 2700; baseline 0 -11"><span class='ocrx_word' id='word_1_497' title='bbox 968 2659 1051 2697; x_wconf 80' lang='lat' dir='ltr'>tatis,</span> <span class='ocrx_word' id='word_1_498' title='bbox 1077 2665 1107 2689; x_wconf 92' lang='lat' dir='ltr'>et</span> <span class='ocrx_word' id='word_1_499' title='bbox 1122 2660 1253 2690; x_wconf 91' lang='lat' dir='ltr'>omnino</span> <span class='ocrx_word' id='word_1_500' title='bbox 1268 2659 1465 2700; x_wconf 87' lang='lat' dir='ltr'>dignissima,</span> <span class='ocrx_word' id='word_1_501' title='bbox 1482 2667 1552 2697; x_wconf 87' lang='lat' dir='ltr'>quae</span> <span class='ocrx_word' id='word_1_502' title='bbox 1567 2667 1701 2689; x_wconf 85' lang='lat' dir='ltr'>manum</span> 
     </span>
     <span class='ocr_line' id='line_1_98' title="bbox 970 2710 1552 2751; baseline -0.003 -11"><span class='ocrx_word' id='word_1_503' title='bbox 970 2710 1217 2741; x_wconf 85' lang='lat' dir='ltr'>emendatricem</span> <span class='ocrx_word' id='word_1_504' title='bbox 1239 2711 1308 2751; x_wconf 84' lang='lat' dir='ltr'>jam</span> <span class='ocrx_word' id='word_1_505' title='bbox 1332 2720 1417 2741; x_wconf 87' lang='lat' dir='ltr'>nunc</span> <span class='ocrx_word' id='word_1_506' title='bbox 1432 2710 1552 2739; x_wconf 87' lang='lat' dir='ltr'>subeat:</span> 
     </span>
    </p>
   </div>
   <div class='ocr_carea' id='block_1_29' title="bbox 1000 2767 1652 3000">
    <p class='ocr_par' dir='ltr' id='par_1_32' title="bbox 1000 2767 1642 2842">
     <span class='ocr_line' id='line_1_99' title="bbox 1000 2767 1642 2801; baseline -0.003 -7"><span class='ocrx_word' id='word_1_507' title='bbox 1000 2769 1119 2801; x_wconf 87' lang='lat' dir='ltr'>Optime,</span> <span class='ocrx_word' id='word_1_508' title='bbox 1130 2769 1242 2794; x_wconf 85' lang='lat' dir='ltr'>mutasti</span> <span class='ocrx_word' id='word_1_509' title='bbox 1252 2770 1335 2794; x_wconf 84' lang='lat' dir='ltr'>vitam</span> <span class='ocrx_word' id='word_1_510' title='bbox 1347 2775 1410 2792; x_wconf 90' lang='lat' dir='ltr'>cum</span> <span class='ocrx_word' id='word_1_511' title='bbox 1423 2770 1522 2797; x_wconf 89' lang='lat' dir='ltr'>morte,</span> <span class='ocrx_word' id='word_1_512' title='bbox 1534 2767 1642 2798; x_wconf 87' lang='lat' dir='ltr'>Sabelli;</span> 
     </span>
     <span class='ocr_line' id='line_1_100' title="bbox 1032 2806 1571 2842; baseline -0.007 -8"><span class='ocrx_word' id='word_1_513' title='bbox 1032 2810 1092 2834; x_wconf 82' lang='lat' dir='ltr'>Vita</span> <span class='ocrx_word' id='word_1_514' title='bbox 1103 2810 1149 2835; x_wconf 87' lang='lat' dir='ltr'>sed</span> <span class='ocrx_word' id='word_1_515' title='bbox 1160 2813 1199 2835; x_wconf 88' lang='lat' dir='ltr'>est</span> <span class='ocrx_word' id='word_1_516' title='bbox 1211 2809 1298 2842; x_wconf 88' lang='lat' dir='ltr'>potius</span> <span class='ocrx_word' id='word_1_517' title='bbox 1307 2812 1396 2832; x_wconf 85' lang='lat' dir='ltr'>morte</span> <span class='ocrx_word' id='word_1_518' title='bbox 1406 2811 1498 2832; x_wconf 81' lang='lat' dir='ltr'>secuta</span> <span class='ocrx_word' id='word_1_519' title='bbox 1509 2806 1571 2830; x_wconf 70' lang='lat' dir='ltr'>tua:</span> 
     </span>
    </p>

    <p class='ocr_par' dir='ltr' id='par_1_33' title="bbox 1001 2846 1628 2920">
     <span class='ocr_line' id='line_1_101' title="bbox 1001 2846 1628 2878; baseline -0.003 -6"><span class='ocrx_word' id='word_1_520' title='bbox 1001 2850 1077 2873; x_wconf 85' lang='lat' dir='ltr'>Nunc</span> <span class='ocrx_word' id='word_1_521' title='bbox 1089 2849 1190 2875; x_wconf 87' lang='lat' dir='ltr'>etenim</span> <span class='ocrx_word' id='word_1_522' title='bbox 1201 2849 1278 2878; x_wconf 82' lang='lat' dir='ltr'>vivis,</span> <span class='ocrx_word' id='word_1_523' title='bbox 1289 2854 1360 2872; x_wconf 90' lang='lat' dir='ltr'>nunc</span> <span class='ocrx_word' id='word_1_524' title='bbox 1372 2846 1522 2878; x_wconf 81' lang='lat' dir='ltr'>infelicibus</span> <span class='ocrx_word' id='word_1_525' title='bbox 1533 2853 1628 2871; x_wconf 81' lang='lat' dir='ltr'>aevum</span> 
     </span>
     <span class='ocr_line' id='line_1_102' title="bbox 1031 2887 1576 2920; baseline -0.006 -6"><span class='ocrx_word' id='word_1_526' title='bbox 1031 2890 1121 2920; x_wconf 87' lang='lat' dir='ltr'>Ducis,</span> <span class='ocrx_word' id='word_1_527' title='bbox 1132 2891 1165 2914; x_wconf 85' lang='lat' dir='ltr'>ab</span> <span class='ocrx_word' id='word_1_528' title='bbox 1178 2889 1296 2914; x_wconf 66' lang='lat' dir='ltr'>humana</span> <span class='ocrx_word' id='word_1_529' title='bbox 1308 2888 1462 2913; x_wconf 88' lang='lat' dir='ltr'>conditione</span> <span class='ocrx_word' id='word_1_530' title='bbox 1472 2887 1576 2920; x_wconf 90' lang='lat' dir='ltr'>procul.</span> 
     </span>
    </p>

    <p class='ocr_par' dir='ltr' id='par_1_34' title="bbox 1001 2927 1652 3000">
     <span class='ocr_line' id='line_1_103' title="bbox 1001 2927 1596 2960; baseline -0.003 -6"><span class='ocrx_word' id='word_1_531' title='bbox 1001 2931 1077 2954; x_wconf 86' lang='lat' dir='ltr'>Nunc</span> <span class='ocrx_word' id='word_1_532' title='bbox 1089 2933 1127 2959; x_wconf 87' lang='lat' dir='ltr'>et,</span> <span class='ocrx_word' id='word_1_533' title='bbox 1138 2930 1165 2953; x_wconf 84' lang='lat' dir='ltr'>in</span> <span class='ocrx_word' id='word_1_534' title='bbox 1177 2928 1284 2954; x_wconf 66' lang='lat' dir='ltr'>excelsa</span> <span class='ocrx_word' id='word_1_535' title='bbox 1299 2928 1364 2953; x_wconf 87' lang='lat' dir='ltr'>coeli</span> <span class='ocrx_word' id='word_1_536' title='bbox 1374 2928 1482 2960; x_wconf 82' lang='lat' dir='ltr'>regione</span> <span class='ocrx_word' id='word_1_537' title='bbox 1493 2927 1596 2952; x_wconf 84' lang='lat' dir='ltr'>locatus</span> 
     </span>
     <span class='ocr_line' id='line_1_104' title="bbox 1033 2967 1652 3000; baseline 0 -7"><span class='ocrx_word' id='word_1_538' title='bbox 1033 2968 1103 2993; x_wconf 85' lang='lat' dir='ltr'>Cum</span> <span class='ocrx_word' id='word_1_539' title='bbox 1116 2968 1228 3000; x_wconf 83' lang='lat' dir='ltr'>Superis,</span> <span class='ocrx_word' id='word_1_540' title='bbox 1239 2971 1331 2995; x_wconf 84' lang='lat' dir='ltr'>nectar</span> <span class='ocrx_word' id='word_1_541' title='bbox 1337 2967 1429 3000; x_wconf 76' lang='lat' dir='ltr'>poscis,</span> <span class='ocrx_word' id='word_1_542' title='bbox 1442 2971 1469 2994; x_wconf 87' lang='lat' dir='ltr'>et</span> <span class='ocrx_word' id='word_1_543' title='bbox 1480 2967 1652 2994; x_wconf 82' lang='lat' dir='ltr'>ambrosiam.</span> 
     </span>
    </p>
   </div>
  </div>
 </body>
</html>
