1894 3253
631 257 867 306 LIBER
914 255 1224 306 PRIMUS.
1594 265 1684 307 159

210 397 293 435 930
327 393 528 442 Primum,
552 391 664 448 quod
685 392 845 448 magnis
865 390 996 432 doceo
1016 390 1068 431 de
1090 390 1226 440 rebus,
1249 397 1289 431 et
1309 390 1407 432 artis

324 469 589 525 Religionum
610 468 794 508 animum
816 466 936 507 nodis
956 466 1165 507 exsolvere
1185 480 1332 522 pergo:

321 543 502 592 Deinde,
525 542 637 598 quod
659 541 831 583 obscurat
853 540 905 581 de
926 555 970 580 re
992 549 1076 580 tam
1098 540 1235 581 lucida
1254 555 1394 597 pango

322 616 534 666 Carmina,
559 616 724 657 Musaeo
744 615 988 671 contingens
1009 623 1158 655 cuncta
1178 614 1336 669 lepore:

256 776 379 802 Γλαωιας
390 775 541 809 παιδοτροφυ
555 779 643 807 φυλλον
656 779 754 802 aaziae*

296 824 337 847 To
347 831 393 855 μεν
407 833 452 851 τις,
466 831 508 847 υτε
523 831 577 851 νεος,
593 831 635 847 are
647 832 715 856 γηρᾳι

297 870 438 900 Σημωνων,
451 870 560 900 ammo-sa,
574 879 627 904 χερι
642 869 791 894 ΚΕΡΣΑΣ.

176 936 297 977 Vulgo,
323 950 440 978 τερα-ας,
468 937 574 968 minus
603 937 770 977 eleganter.
817 937 908 967 Mos-

177 989 268 1025 chus,
285 988 316 1019 ii.
332 991 383 1018 52.

218 1071 240 1094 H
255 1069 318 1095 ὄπτ’
334 1079 361 1096 εκ
375 1075 488 1103 λειμωνος
502 1072 591 1096 silmaco
601 1074 680 1105 λειριαι
695 1070 781 1096 ΚΕΡΣ
788 1071 830 1096 01.

178 1148 347 1189 AEschylus
362 1149 468 1187 etiam,
487 1150 581 1188 Supp.
595 1152 666 1180 674.
678 1149 722 1179 sic
738 1148 905 1190 legendus:

465 1229 516 1252 ΜΗ
522 1225 562 1256 Δ’,
577 1226 717 1261 Αςροδιτας

295 1276 419 1309 Ευνατωρ,
432 1276 589 1308 &oraim-,105
604 1276 640 1299 A-

375 1333 414 1356 ρκς
428 1323 598 1347 ΚΕΡΣΕΙΕΝ
611 1331 703 1348 own-ov:

179 1399 210 1423 et
234 1392 287 1423 alii
310 1393 438 1432 passim:
473 1392 528 1422 sed
553 1398 677 1432 tempus
701 1399 747 1423 est
773 1391 911 1431 receptui

180 1455 297 1476 canere.

223 1497 304 1528 Ibid.
317 1499 472 1538 Insignem
485 1508 638 1528 coronam.
653 1497 820 1537 Virgilius,
836 1497 912 1526 AEn.

179 1549 230 1580 vii.
247 1553 297 1581 75.

501 1624 615 1649 adcensa
625 1630 754 1654 coronam,

243 1664 367 1697 Insignem
379 1664 502 1696 gemmis.

219 1728 294 1759 Ver.
311 1732 383 1760 929.
405 1730 552 1759 velarint:
579 1728 615 1758 L.
633 1728 672 1758 Ο.
689 1730 838 1759 velarunt.

224 1780 306 1810 Ibid.
327 1782 457 1811 velarint
473 1787 616 1819 tempora.
663 1781 768 1818 Maro,
789 1781 866 1811 AEn.
884 1790 910 1811 v.

181 1835 234 1862 72.

376 1906 451 1931 velat
461 1907 584 1932 maternfi⁴
595 1911 705 1939 tempora
716 1911 805 1939 myrto.

225 1979 303 2010 Ver.
337 1983 408 2011 930.
445 1982 553 2010 doceo:

185 2033 278 2062 docet.

590 1981 632 2011 V.
662 1980 709 2011 ed.
740 1983 822 2011 decet
830 1995 840 2015 ,-
876 1980 914 2010 B.

226 2083 306 2114 Ibid.
332 2086 454 2124 magnis
468 2086 505 2115 de
524 2086 620 2116 rebus.

181 2135 202 2165 ὶ.
218 2138 249 2165 5.
270 2138 320 2165 28.

667 2085 833 2123 HoratIus,
860 2092 914 2116 sat.

378 2212 450 2236 missi
460 2212 559 2244 magnis
569 2212 599 2236 de
611 2212 693 2242 rebus,
706 2216 831 2244 uterque,

214 2252 317 2283 Legati.

229 2313 305 2344 Ver.
320 2318 392 2346 951.
405 2319 543 2346 animum
551 2331 561 2346 :
577 2317 620 2346 sic
630 2327 740 2346 omnes
755 2317 858 2356 scripti
870 2323 916 2347 at-

185 2375 245 2406 que
251 2364 326 2395 editi
336 2373 463 2397 veteres:
475 2368 565 2407 cujus
575 2368 721 2398 inlocum
728 2369 919 2399 suffecerunt

186 2416 320 2446 editores
341 2420 473 2453 animos;
512 2420 644 2457 propriis
666 2421 768 2460 magis
790 2421 918 2451 auribus

189 2472 376 2508 κνηθομεναις,
392 2480 487 2509 quam
503 2471 661 2508 Lucretio,
685 2479 776 2512 atque
791 2473 850 2511 ipsi
865 2484 915 2504 ve-

188 2520 284 2556 ritati,
308 2520 516 2550 consulentes.
564 2522 663 2552 Nobis
686 2533 749 2552 non
765 2523 837 2553 licet
852 2534 917 2554 esse

186 2577 253 2600 tam
280 2570 457 2601 fastidiosis.
503 2572 685 2602 Lactantius
708 2580 813 2603 tamen
840 2575 918 2615 legit

187 2626 318 2661 animos,
346 2623 453 2653 institt.
479 2623 498 2653 i.
522 2626 570 2654 16.
598 2625 623 2654 si
646 2625 723 2655 fides
747 2626 919 2657 editoribus

188 2677 331 2707 habenda
353 2679 552 2717 sin—pergo:
582 2677 618 2707 L.
636 2678 683 2708 M.
701 2689 813 2717 pergo,-
837 2688 917 2714 vere,

189 2733 226 2757 ut
240 2734 325 2767 puto.

232 2780 312 2810 Ibid.
344 2782 487 2811 ersolzere
508 2792 620 2820 pergo:
646 2780 664 2810 i.
681 2791 707 2810 e.
734 2791 819 2819 paro,
847 2792 920 2821 ope·

190 2841 257 2861 ram
272 2843 361 2864 navo.
398 2833 552 2874 Virgilius
566 2833 606 2864 ad
622 2833 758 2863 eundem
774 2834 917 2873 modum,

193 2883 268 2913 AEn.
282 2885 337 2915 xii.
355 2888 427 2916 586.

207 2959 288 2984 Arma
297 2959 415 2989 fremunt
425 2961 479 2990 alii,
490 2966 518 2986 et
527 2966 635 2995 pergam
645 2961 775 2991 defendere
785 2969 886 2986 muros.

957 769 1008 799 Sic
1024 768 1242 809 castigandum
1259 779 1295 798 ex
1312 768 1429 799 codice:
1457 769 1526 800 vide
1544 780 1614 810 quae
1630 780 1686 801 nos

955 821 1160 851 commentati
1175 831 1276 860 nuper
1288 831 1398 850 sumus
1412 821 1452 850 ad
1464 821 1605 862 ejusdem
1616 832 1685 862 geo.

954 871 974 902 i.
994 874 1066 903 511.

998 925 1073 954 Ver.
1099 928 1169 956 9552.
1192 925 1334 954 Deinde:
1364 931 1403 954 Π.
1430 926 1590 965 Denique;
1617 936 1687 965 quae

955 976 1105 1006 vocabula
1129 976 1270 1015 superius
1296 987 1420 1017 quoque
1444 977 1574 1007 librariis
1600 987 1686 1008 com-

956 1035 1076 1059 mutata
1092 1028 1240 1066 vidimus,
1258 1039 1317 1059 ver.
1335 1031 1405 1059 747.

1001 1080 1081 1111 Ibid.
1096 1079 1220 1111 obscura
1237 1091 1278 1110 rc.
1325 1080 1533 1117 Mantuanus,
1550 1081 1626 1111 AEn.
1644 1080 1685 1112 xi.

955 1135 1028 1162 545.
1132 1134 1134 1136 ’

1049 1202 1108 1224 Rem
1126 1200 1191 1224 nulli
1202 1200 1372 1225 obscuram—.

1000 1263 1072 1293 Ver.
1110 1266 1183 1294 953.
1222 1265 1361 1293 Musoeo.
1407 1264 1529 1294 Vocem
1566 1265 1688 1304 excepit

960 1315 1170 1345 Germanicus
1199 1315 1232 1345 in
1266 1317 1353 1345 Arat.
1384 1319 1456 1347 219.
1489 1315 1529 1346 de
1557 1318 1686 1356 Pegaw,

955 1367 1094 1397 versibus
1109 1367 1390 1406 praestantissimis:

972 1446 1105 1477 Gorgonis
1116 1446 1158 1470 hic
1170 1446 1268 1478 proles,
1279 1446 1306 1470 in
1317 1446 1400 1471 Pierio
1412 1446 1552 1477 Helicone,

972 1486 1078 1511 Vertice
1090 1493 1174 1517 quum
1185 1493 1293 1510 summo
1303 1493 1356 1510 non
1366 1487 1432 1510 dum
1442 1487 1597 1511 decurreret
1605 1486 1688 1517 unda,

973 1528 1084 1551 Musaeos
1095 1526 1183 1551 fontes
1195 1526 1287 1550 dextri
1297 1526 1370 1558 pedis
1381 1526 1476 1551 ictibus
1488 1527 1585 1551 hausit.

1003 1589 1084 1619 Ibid.
1118 1592 1294 1629 contingens
1323 1591 1431 1629 lepore.
1476 1590 1569 1620 Idem
1605 1590 1690 1621 verbi

958 1652 1067 1672 sensus
1082 1649 1137 1678 est,
1154 1641 1208 1682 qui
1223 1640 1361 1681 Virgilio
1376 1642 1410 1671 in
1426 1652 1493 1682 geo.
1510 1642 1552 1672 iii.
1568 1645 1643 1673 448.
1659 1648 1690 1673 et

958 1695 1046 1725 alibi:

1183 1773 1253 1798 tristi
1261 1772 1409 1804 contingunt
1419 1779 1515 1804 corpus
1525 1773 1647 1798 amurca.

957 1841 1070 1881 Neque
1101 1841 1190 1871 aliter
1221 1841 1354 1877 Plinius,
1384 1847 1415 1871 et
1445 1841 1484 1871 de
1513 1852 1546 1871 re
1574 1841 1689 1872 rustic&

1175 1894 1348 1931 Arnobius,
1386 1893 1439 1923 lib.
1477 1893 1520 1924 iii.
1558 1904 1586 1933 p.
1622 1898 1692 1925 108.

959 1949 981 1963 “
999 1945 1216 1985 Quisquamne
1231 1952 1277 1976 est
1291 1945 1470 1982 hominum,
1490 1947 1620 1976 rationis
1635 1946 1694 1976 ali-

959 2000 982 2016 “
1000 1998 1090 2038 cujus
1103 2009 1209 2036 sapore
1236 2003 1404 2034 contactus,
1432 1997 1486 2037 qui
1502 1997 1583 2036 pilos
1599 2004 1630 2027 et
1644 1997 1690 2027 la·

960 2051 982 2066 “
999 2048 1133 2088 nugines
1159 2047 1263 2078 credat
1289 2048 1322 2077 in
1348 2047 1480 2077 deorum
1513 2049 1694 2087 corporibus

962 2099 1124 2130 “nasci?”
1157 2099 1278 2129 Verssis
1304 2099 1480 2134 Homerici,
1508 2099 1541 2128 in
1571 2099 1631 2129 Od.
1650 2106 1690 2130 Θ.

960 2153 1032 2181 547.
1055 2160 1178 2180 memor
1202 2150 1326 2180 videtur
1351 2150 1447 2180 fuisse
1465 2151 1594 2190 scriptor
1620 2161 1690 2182 eru-

959 2201 1146 2232 ditissimus:

957 1894 1127 1932 scriptores.

1128 2282 1176 2310 ὄπ’
1191 2287 1273 2313 chyou
1284 2290 1326 2316 περ
1338 2281 1455 2312 ert-40:115:
1469 2281 1636 2315 πραπιδεσση.

963 2354 1100 2392 Interea,
1130 2354 1180 2384 his
1208 2353 1351 2394 quamvis
1375 2353 1611 2384 auctoritatibus
1633 2354 1692 2385 sim

962 2406 1122 2443 suffultus,
1139 2406 1238 2436 animi
1254 2406 1368 2436 dubius
1384 2406 1486 2436 adhuc
1502 2406 1635 2445 pendeo,
1654 2418 1692 2437 u-

961 2463 1046 2487 trum
1072 2458 1130 2487 hoc
1155 2457 1287 2487 voluerit
1303 2457 1481 2494 Lucretius,
1508 2468 1548 2488 an
1574 2461 1694 2489 contin-

957 2520 1043 2548 gens,
1074 2509 1122 2539 vel
1149 2512 1361 2549 continguens‚
1391 2520 1410 2538 a
1439 2511 1564 2548 tinguo:
1599 2520 1694 2550 quam

961 2559 1149 2589 sententiam
1179 2560 1355 2590 Lambinus
1384 2559 1516 2589 fidenter
1545 2560 1688 2592 damnat:

962 2611 1026 2647 sed,
1051 2622 1114 2642 non
1140 2612 1303 2642 temerarie
1320 2611 1543 2651 dijudicatione
1566 2623 1614 2643 res
1635 2619 1693 2652 est,

962 2663 1023 2692 nisi
1038 2663 1192 2702 plurimos
1214 2663 1298 2693 locos
1325 2669 1465 2693 veterum
1490 2665 1692 2696 emendatum

963 2713 1008 2743 ire
1024 2725 1080 2753 pro
1095 2714 1223 2744 arbitrio
1238 2714 1382 2745 volueris.
1419 2713 1513 2745 Adsit
1528 2717 1692 2754 Manilius,

964 2765 1003 2795 iv.
1020 2768 1092 2796 528.

993 2843 1047 2866 Nec
1059 2841 1136 2867 triste
1146 2841 1297 2874 ingenium,
1313 2843 1359 2867 sed
1369 2843 1444 2868 dulci
1453 2843 1532 2868 tincta
1543 2845 1623 2877 lepore

993 2882 1093 2912 Corda,
1111 2886 1201 2912 creat;
1219 2883 1345 2915 vocisque
1363 2884 1448 2915 bonis,
1467 2885 1635 2918 citharaeque
1653 2893 1693 2911 so-

1117 2923 1215 2953 nantis,

994 2965 1120 2994 Insmiitz
1139 2968 1169 2991 et
1180 2965 1246 2990 dores
1259 2966 1337 2992 saletis
1348 2973 1411 2993 cum
1420 2971 1531 2999 pectore
1538 2967 1637 2997 jungit.
