1894 3253
619 348 711 390 AD
755 346 1148 390 LECTOREM.
1559 350 1631 390 xix

190 471 245 514 G.
271 471 579 526 Gottorpianum
600 480 659 513 est
674 471 965 529 fragmentum,
992 471 1286 528 Havercampo
1305 479 1428 529 atque
1440 471 1526 514 aliis
1542 487 1635 514 eru·

130 546 226 588 ditis
247 547 509 597 celebratum,
541 554 705 587 aetatem
726 547 931 603 attingens
963 550 1045 586 800
1067 546 1129 586 vel
1160 552 1243 588 900
1264 562 1488 598 annorum5
1522 547 1634 603 quod

131 621 305 664 infauste
324 630 463 662 tamen
483 621 649 676 explicit
669 635 763 663 cum
784 635 903 662 versu
919 625 1016 661 454.
1038 621 1206 662 secundi
1226 622 1332 664 libri.

191 770 238 812 P.
260 772 336 812 Pii
354 779 414 812 est
433 770 560 813 editio
582 771 871 822 Bononiensis,
893 771 946 812 de
965 770 1046 827 qua
1067 786 1203 827 supra.

190 920 317 962 Vind.
338 921 466 963 literae
486 921 695 977 exemplar
731 921 1039 973 Vindobonense,
1060 921 1188 963 modo
1208 929 1483 962 memoratum
1503 921 1639 972 nobis,

132 994 336 1037 indicant:
360 996 415 1045 Q.
437 1012 550 1046 vero,
572 996 851 1053 fragmentum
872 996 1039 1046 codicis,
1062 997 1217 1037 ibidem
1237 996 1504 1046 declaratum,
1527 995 1640 1051 quod

133 1069 278 1126 incipit
298 1071 351 1112 ad
370 1071 439 1111 lib.
461 1071 502 1110 ii.
524 1085 604 1112 ver.
628 1075 724 1111 658.
745 1071 1061 1126 interrumpitur
1091 1070 1145 1111 ad
1163 1070 1232 1111 lib.
1255 1071 1309 1111 iii.
1332 1086 1414 1111 ver.
1447 1076 1543 1111 614.
1564 1084 1642 1110 nee

132 1145 246 1199 prius
267 1145 318 1186 de
338 1160 447 1186 novo
467 1145 698 1195 exorditur,
725 1159 849 1200 quam
870 1145 923 1185 ad
943 1144 1012 1185 lib.
1033 1146 1085 1185 vi.
1107 1159 1191 1186 ver.
1213 1146 1309 1185 747.
1330 1145 1540 1194 devenias3
1564 1159 1641 1186 un-

133 1219 186 1260 de
206 1219 259 1260 ad
279 1219 405 1261 finem
424 1219 517 1259 libri
539 1219 800 1260 continenter
819 1219 969 1276 pergit-

190 1368 241 1409 L.
263 1367 378 1409 litera
395 1369 509 1424 prior
524 1368 626 1409 liber
648 1368 746 1410 MS.
767 1368 1121 1420 membranaceus,
1144 1368 1324 1410 duorum
1343 1368 1642 1424 pulcherrimo-

134 1457 228 1485 rum
248 1458 296 1484 ac
315 1443 696 1493 vetustissimorum,
719 1443 930 1498 quondam
952 1443 1083 1485 Isaaci
1104 1443 1256 1494 Vossii,
1271 1443 1341 1500 qui
1361 1444 1405 1484 in
1425 1442 1643 1484 bibliothe-

134 1517 182 1559 ca
203 1517 476 1559 universitatis
494 1518 690 1572 Lugduni
712 1518 965 1560 Batavorum
978 1527 1252 1570 asservantur,
1275 1534 1300 1560 a
1319 1533 1386 1560 me
1405 1517 1642 1575 designatus

137 1600 196 1633 est
202 1609 216 1642 3

195 1741 259 1783 M.
281 1749 420 1784 autem
439 1742 555 1784 litera
591 1744 795 1798 posterior
829 1743 946 1784 liber:
983 1757 1161 1798 quorum
1196 1742 1410 1783 varietates
1438 1740 1640 1781 recensuit

141 1815 468 1871 Havercampus.

198 1963 252 2004 O.
275 1963 407 2004 codex
427 1972 486 2005 est
507 1964 680 2005 Domini
701 1965 852 2015 Poore,
875 1979 998 2019 supra
1017 1963 1185 2006 laudati:
1218 1963 1332 2019 prius
1347 1971 1486 2005 autem
1498 1962 1551 2004 ad
1569 1976 1642 2017 pa-

138 2037 280 2094 ginam
300 2037 656 2094 quadragesimam
676 2038 868 2080 volumen
889 2037 969 2080 hoc
989 2052 1253 2095 progressum
1274 2045 1349 2089 est,
1371 2051 1496 2094 quam
1525 2036 1642 2079 hicce

138 2110 239 2152 liber
257 2109 361 2151 mihi
376 2111 419 2151 in
440 2126 586 2153 manus
607 2112 774 2154 venerit.

196 2270 244 2301 Ω.
277 2259 627 2318 Cantabrigiensis
646 2260 749 2302 liber
768 2269 843 2303 est:

197 2433 241 2466 Δ.
274 2435 318 2466 Π.
350 2434 390 2468 et
410 2435 452 2467 Σ.
475 2427 635 2468 codices
658 2426 811 2468 Musaei
843 2427 1089 2478 Britannici,
1112 2427 1166 2469 ad
1187 2427 1376 2470 ordinem
1396 2429 1643 2470 recensionis

141 2510 309 2551 nostrae,
333 2516 453 2556 super
473 2502 548 2542 illis
574 2501 742 2554 habitae,
764 2503 807 2543 in
828 2502 1167 2558 praecedentibus.

200 2666 330 2707 Valde
349 2665 530 2707 laborem·
546 2667 589 2707 in
605 2667 901 2725 orthographia
922 2668 1060 2711 textus
1074 2668 1312 2711 Lucretiani
1334 2667 1639 2718 constituendQ

140 2751 186 2784 ut
204 2759 399 2795 αιςχαιοπινη
418 2744 596 2785 nitorem
615 2743 744 2793 illum,
766 2758 814 2785 ac
832 2744 978 2785 florem
998 2744 1279 2800 ferrugineum
1300 2743 1546 2784 venerandae
1575 2758 1643 2784 ve-

140 2819 314 2868 tustatis,
346 2817 593 2873 importunis
626 2826 906 2859 correctorum
940 2817 1130 2858 manibus
1163 2817 1314 2872 passim
1344 2817 1568 2867 detersum,
1598 2817 1643 2857 in

142 2900 341 2947 quantum
362 2908 461 2934 sana.
479 2891 845 2949 grammaticorum
863 2892 1095 2947 priscorum
1106 2891 1265 2947 judicia
1280 2899 1322 2934 et
1336 2891 1510 2933 subinde
1529 2890 1643 2932 codi-

143 2979 238 3007 cum
269 2968 487 3010 auctoritas
522 2965 859 3023 suffiagarentur,
897 2966 1251 3010 redaccenderem.
1320 2967 1403 3009 Res
1433 2966 1524 3008 haec
1554 2974 1641 3007 erat

830 3041 917 3089 be
