1894 3253
514 568 1321 636 ARGUMENTA.

463 987 552 1040 IN
605 986 950 1041 LIBRUM
1003 986 1378 1042 PRIMUM.

169 1209 249 1277 IN
267 1235 356 1289 ipso
376 1235 510 1290 operis
540 1234 747 1290 principio
770 1235 976 1277 Venerem
1007 1236 1183 1278 invocat.
1247 1235 1305 1277 II.
1328 1235 1512 1287 Deinde,
1544 1251 1569 1278 a
1589 1252 1670 1278 ver.

168 1317 236 1353 45.
258 1312 311 1353 ad
331 1328 414 1354 ver.
443 1318 535 1355 159.
558 1313 684 1355 libros
703 1329 796 1355 suos
820 1313 873 1355 de
896 1314 1056 1356 Rerum
1081 1314 1242 1356 Natura
1267 1314 1430 1357 dedicat
1453 1314 1674 1358 Memmio:

167 1386 411 1441 Epicurum,
445 1388 560 1443 cujus
583 1388 765 1429 rationes
796 1388 994 1444 sequitur,
1017 1388 1241 1439 collaudat3
1275 1389 1327 1430 ab
1347 1389 1452 1431 illius
1482 1389 1672 1431 doctrin&

164 1461 383 1516 impietatis
413 1461 615 1502 invidiam
646 1461 859 1512 amolitur3
898 1470 938 1503 et
967 1461 1088 1518 hujus
1119 1470 1159 1504 et
1181 1464 1442 1520 sequentium
1472 1464 1673 1506 librorum

165 1544 410 1592 argumenta
429 1536 609 1578 breviter
628 1537 840 1591 proponit.
907 1537 992 1578 III.
1017 1537 1129 1579 Tum
1151 1553 1240 1579 rem
1263 1538 1395 1594 ipsam
1416 1538 1673 1596 aggreditur,

165 1609 367 1665 docetque
398 1626 422 1651 a
442 1625 525 1651 ver.
554 1615 646 1651 160.
678 1610 732 1651 ad
752 1625 835 1652 ver.
858 1615 955 1651 265.
988 1626 1041 1652 ex
1061 1611 1192 1652 nihilo
1222 1612 1327 1653 nihil
1356 1612 1462 1663 fieri,
1485 1621 1527 1654 et
1546 1613 1589 1653 in
1610 1614 1673 1653 ni·-

164 1683 295 1725 hilum
310 1683 414 1724 nihil
428 1685 594 1734 reverti,
616 1699 748 1740 posse.
811 1685 887 1726 IV.
909 1685 951 1726 A
971 1700 1053 1727 ver.
1086 1690 1184 1726 265.
1206 1686 1260 1727 ad
1290 1701 1373 1727 ver.
1396 1691 1492 1728 329.
1514 1688 1673 1727 minuta

168 1774 254 1799 esse
276 1759 467 1813 quaedam
491 1773 686 1812 corpora,
709 1774 818 1814 quae,
841 1759 936 1800 licet
956 1759 1032 1800 sub
1053 1774 1218 1800 sensum
1238 1774 1325 1800 non
1345 1760 1511 1810 cadant,
1535 1770 1675 1802 mente

167 1841 306 1872 tamen
327 1840 499 1885 possunt
520 1832 681 1886 concipi
688 1849 701 1880 3
724 1840 766 1872 et
785 1847 808 1872 e
821 1832 968 1887 quibus
988 1847 1053 1872 res
1073 1847 1218 1873 omnes
1239 1842 1560 1888 componuntur.
1620 1834 1673 1875 V.

170 1905 252 1946 His
273 1904 522 1959 corpusculis
552 1919 576 1945 a
596 1919 678 1945 ver.
712 1909 807 1945 330.
839 1905 892 1945 ad
913 1920 999 1946 ver.
1027 1910 1125 1946 430.
1147 1906 1357 1964 subjungit
1388 1922 1580 1959 vacuum,
1603 1923 1674 1950 seu

166 1980 290 2019 inane
319 1979 512 2032 spatium:
546 1987 584 2019 et
608 1978 683 2018 VI.
705 1995 728 2019 a
749 1993 833 2019 ver.
856 1983 949 2019 430.
986 1978 1039 2019 ad
1060 1994 1141 2020 ver.
1176 1985 1271 2021 483.
1293 1981 1443 2036 probat
1463 1982 1567 2023 nihil
1588 1997 1674 2024 esse

167 2060 319 2107 praeter
349 2067 498 2107 corpus
529 2059 568 2092 et
598 2052 721 2093 inane
729 2070 741 2101 ;
774 2052 932 2108 reliqua
961 2061 1114 2104 autem,
1148 2069 1242 2110 quae
1271 2055 1465 2100 videntur
1495 2072 1595 2107 csse,
1626 2066 1674 2098 ut

166 2126 352 2181 ponduS,
367 2127 494 2176 calor,
517 2135 750 2181 paupertas,
784 2126 950 2178 bellum,
983 2129 1058 2170 &c.
1081 2143 1166 2170 esse
1186 2136 1349 2171 tantum
1370 2131 1591 2186 conjuncta
1610 2130 1673 2172 vel

165 2209 325 2250 eventa,
348 2201 618 2256 proprietates
640 2217 710 2242 seu
732 2201 976 2253 accidentia,
999 2204 1190 2259 corporis
1211 2212 1251 2244 et
1271 2204 1418 2245 inanis.
1456 2205 1556 2246 VII.
1579 2205 1671 2246 Do-

164 2283 228 2315 cet
259 2291 282 2315 a
304 2289 385 2316 ver.
402 2280 498 2316 453.
513 2276 566 2316 ad
588 2291 668 2316 ver.
693 2282 788 2317 528.
810 2277 946 2331 prima
967 2278 1208 2333 corpuscula
1221 2293 1306 2320 esse
1321 2278 1500 2334 perfecte
1521 2278 1648 2320 solida
1655 2297 1668 2329 ;

165 2348 338 2403 ideoque
359 2364 476 2389 aver.
502 2353 596 2389 528.
618 2349 670 2390 ad
688 2365 770 2391 ver.
804 2356 900 2391 635.
922 2351 1157 2393 insecabilia
1177 2368 1276 2403 esse,
1300 2353 1486 2403 minima,
1520 2356 1671 2409 (neque

165 2422 276 2463 enim
298 2437 446 2476 corpus
462 2423 504 2463 in
519 2424 729 2465 infinitum
742 2425 870 2466 dividi
883 2428 1035 2480 potest)
1049 2435 1089 2468 et
1102 2436 1270 2470 aeterna.
1294 2428 1419 2469 VIII.
1442 2427 1622 2477 Deinde,
1645 2443 1671 2469 a

164 2511 245 2536 ver.
264 2500 360 2536 635.
378 2496 431 2537 ad
444 2512 525 2538 ver.
550 2500 644 2538 712.
662 2498 811 2540 refutat
830 2499 1108 2551 Heraclitum,
1124 2502 1194 2557 qui
1206 2502 1362 2559 ignem,
1378 2501 1573 2557 aliosque,
1595 2503 1667 2558 qui

163 2571 316 2620 acrem,
339 2585 504 2626 aquam,
531 2580 601 2612 aut
621 2581 790 2622 terram,
813 2588 952 2615 rerum
982 2576 1169 2616 omnium
1200 2576 1450 2630 principium
1471 2591 1556 2616 esse
1587 2584 1667 2617 sta-

162 2653 342 2685 tuerunt.
396 2644 476 2685 IX.
500 2644 612 2686 Tum
635 2661 660 2686 a
679 2661 760 2687 ver.
785 2650 881 2688 712.
902 2648 957 2689 ad
978 2663 1060 2690 ver.
1085 2653 1180 2690 829.
1203 2657 1349 2690 contra
1369 2648 1665 2704 Empedoclem

161 2717 432 2769 demonstrat,
456 2734 519 2760 res
540 2734 624 2759 non
647 2722 841 2776 componi
862 2737 884 2762 e
905 2730 1082 2777 quatuor
1103 2723 1324 2764 elementis.
1377 2723 1438 2764 X.
1462 2723 1662 2775 Demum,

163 2807 188 2833 a
207 2807 288 2833 ver.
314 2796 408 2834 829.
432 2792 485 2834 ad
507 2808 587 2834 ver.
611 2798 707 2834 919.
740 2794 1037 2852 Anaxagoram
1059 2794 1214 2837 refellit.
1277 2795 1359 2838 XI.
1385 2796 1615 2850 Postremo,
1638 2814 1663 2840 a

162 2879 242 2906 ver.
265 2871 362 2908 919.
394 2866 446 2908 ad
467 2882 548 2909 ver.
579 2872 698 2908 1050.
721 2868 856 2919 docet,
880 2870 1116 2912 universum
1147 2885 1232 2912 esse
1251 2886 1304 2912 ex
1324 2872 1439 2913 omni
1464 2879 1583 2927 parte
1600 2872 1663 2914 in-
