1894 3253
222 265 313 308 106

708 259 768 305 Τ.
819 254 1197 305 LUCRETII

359 390 430 441 Et,
452 404 534 446 quo
553 402 728 445 quaeque
748 388 878 445 magis
897 388 1062 429 cohibet
1081 403 1145 430 res
1165 388 1274 430 intus
1295 390 1431 442 inane,

360 464 467 505 Tam
487 464 618 520 magis
637 463 716 504 hiis
746 463 868 505 rebus
887 463 1051 519 penitus
1072 471 1227 509 tentata
1246 464 1426 506 labascit.

359 539 488 595 Ergo,
512 538 544 579 si
565 538 709 589 solida,
731 553 779 579 ac
800 539 887 580 sine
906 539 1038 589 inani,
1060 553 1235 594 corpora
1254 539 1386 594 prima

244 618 326 654 540
359 613 480 663 Sunt,
502 613 561 654 ita
579 614 663 655 utei
684 613 822 664 docui,
845 614 926 655 sint
946 613 1037 654 haec
1057 622 1214 655 aeterna
1232 629 1395 656 necesse
1415 624 1485 656 est.

417 687 639 739 Praeterea,
662 689 740 730 nisi
760 689 951 730 materies
971 696 1126 730 aeterna
1146 688 1300 739 fuisset,

357 761 550 803 Antehac
569 762 623 803 ad
642 762 818 805 nihilum
838 763 1003 819 penitus
1023 778 1087 804 res
1107 778 1281 819 quaeque
1301 763 1500 804 redissent
1507 781 1520 813 3

355 835 425 877 De
444 835 655 893 nihiloque
675 847 819 880 renata
837 838 988 888 forent,
1011 853 1312 894 quaequomque
1333 838 1531 879 videmus.

359 910 434 961 At,
456 912 654 966 quoniam
675 928 800 968 supra
819 912 958 963 docui,
980 912 1083 952 nihil
1102 927 1220 967 posse
1240 913 1371 954 creari

244 988 325 1025 545
357 984 427 1026 De
446 985 591 1037 nihilo,
613 1002 762 1043 neque,
785 987 898 1043 quod
917 987 1105 1044 genitum
1126 995 1200 1037 est,
1230 987 1282 1027 ad
1303 986 1406 1027 nihil
1426 986 1607 1027 revocari
1615 1004 1628 1036 ;

357 1058 457 1101 Esse
477 1060 684 1102 inmortali
708 1061 937 1117 primordia
957 1075 1131 1116 corpore
1151 1060 1317 1110 debent,

209 1216 254 1246 V.
279 1215 326 1246 ed.
352 1214 390 1246 B.
419 1216 460 1246 O.
486 1220 522 1246 Δ.
551 1222 592 1246 Π.
620 1220 654 1248 Σ.
676 1219 774 1249 nihilo
789 1220 935 1259 quaesita:

208 1267 295 1297 unde
309 1267 429 1298 dederit
444 1267 572 1299 fortasse
587 1274 705 1299 noster:

209 1344 250 1367 De
267 1342 403 1374 nihiloque
422 1343 504 1367 excita
521 1343 623 1374 forent,
642 1350 846 1376 quaequomque
866 1345 938 1370 vide-

332 1390 402 1407 mus.

211 1448 262 1479 Sic
278 1449 446 1490 Virgilius,
472 1450 548 1480 AEn.
567 1450 610 1481 iii.
627 1454 698 1482 676.
723 1457 753 1481 et
771 1450 857 1489 alibi,
880 1451 938 1480 hac

208 1500 294 1530 verbi
309 1500 410 1531 forms}
425 1512 501 1532 usus
515 1508 573 1531 est:

224 1570 262 1594 At
272 1576 355 1601 genus
367 1578 381 1595 e
392 1571 472 1602 sylvis
485 1571 648 1603 cyclopum,
665 1575 692 1596 et
703 1570 840 1596 montibus
850 1570 919 1601 altis,

223 1609 345 1633 Excitum
353 1610 421 1639 ,ruit
432 1611 466 1633 ad
477 1614 611 1641 portas.—

209 1681 254 1706 Ω.
269 1677 367 1705 nihilo
393 1687 511 1715 quoqne
534 1682 631 1714 nata‚·
656 1676 696 1706 G.
712 1675 748 1705 L.
769 1675 817 1706 ΪΜ.
842 1677 938 1706 nihilo

206 1739 276 1769 quae
292 1728 556 1769 rama—forent:
581 1728 679 1759 vind.
692 1727 828 1770 fuerint.

250 1780 325 1810 Ver.
349 1783 420 1811 544.
444 1791 556 1820 supra:
588 1780 632 1811 sic
655 1781 692 1810 P.
708 1780 807 1810 vind.
823 1781 866 1810 V.
891 1780 939 1811 ed.

209 1830 250 1861 O.
271 1836 306 1861 Δ.
324 1838 364 1861 Π.
382 1836 417 1863 Σ.
435 1838 480 1862 Ω.
497 1837 527 1861 et
556 1838 591 1861 ut
613 1838 734 1871 putem,
751 1842 860 1862 omnes
874 1831 938 1868 alii,

206 1881 279 1919 nisi,
306 1888 342 1912 ut
368 1883 402 1912 in
424 1893 457 1912 re
483 1883 582 1920 tenui,
606 1890 636 1913 et
658 1889 820 1914 momento
839 1883 938 1919 nullo,

206 1940 308 1964 tacere
323 1935 493 1966 voluissent
507 1937 679 1966 lectionum
691 1937 847 1968 variarum
862 1947 936 1967 ocu-

206 1985 262 2016 lati
278 1986 447 2017 collatores.
492 1988 612 2028 Vulgo,
628 2000 747 2028 supera.

250 2037 325 2067 Ver.
345 2041 415 2068 545.
438 2049 533 2077 neque
557 2040 643 2068 abest
663 2044 697 2070 Σ.
721 2044 757 2068 ut
776 2045 820 2069 est
841 2038 937 2068 etiarn

206 2092 242 2119 Δ.

250 2141 325 2170 Ver.
351 2143 422 2171 547.
445 2152 583 2180 supremo
599 2147 747 2180 tempore:
780 2140 799 2170 i.
816 2151 842 2170 e.
865 2150 938 2170 cum

205 2193 282 2222 hora
297 2191 441 2222 interitus
456 2192 628 2222 accesserit.
675 2193 719 2222 Et
734 2192 879 2222 notabilis
893 2199 939 2222 est

206 2244 336 2284 hujusce
352 2243 494 2273 vocabuli
509 2243 718 2284 frequentatio
740 2244 774 2274 in
790 2244 935 2274 extremis

204 2306 312 2326 rerum
338 2295 554 2336 designandis:
582 2295 651 2326 vide
677 2306 780 2335 supra,
804 2296 845 2326 ad
870 2306 932 2326 ver.

206 2351 255 2379 94.
280 2347 434 2377 nonnulla
456 2348 537 2377 hanc
559 2357 626 2376 rem
647 2347 827 2386 spectantia.
874 2347 933 2377 Ca—

203 2398 313 2436 tullus,
329 2398 393 2428 lxii.
413 2402 482 2429 151.

233 2477 323 2507 Quam
334 2475 384 2499 tibi
393 2474 482 2499 fallaci
492 2477 604 2506 supremo
616 2474 643 2498 in
655 2477 762 2506 tempore
773 2474 871 2499 deesse.

202 2542 311 2578 Porro,
334 2542 368 2572 in
384 2541 578 2582 praecedente
593 2550 695 2576 versu,
711 2540 754 2570 V.
779 2539 826 2570 ed.
841 2540 934 2570 habet

203 2604 339 2633 COY])07H‚
356 2605 412 2634 pro
428 2605 558 2634 Gorllore-

246 2645 321 2675 Ver.
337 2650 410 2676 548.
435 2647 610 2686 subpeditet.
656 2645 708 2675 Ita
733 2655 814 2684 saepe
829 2650 934 2674 noster

203 2695 354 2733 absolute,
370 2707 427 2735 pro
441 2703 595 2736 suppetat,
617 2696 665 2726 uti
680 2696 855 2727 Lambinus
877 2696 934 2726 eti-

202 2755 257 2775 am
287 2746 409 2776 dudum
434 2747 567 2778 monuit.
611 2747 701 2778 Hinc
724 2753 806 2780 recte
831 2747 933 2787 capias

201 2797 293 2828 Fabii
312 2797 428 2836 locum,
451 2800 533 2830 instt.
550 2805 625 2831 orat.
641 2800 660 2830 i.
681 2803 776 2831 1.-—“
792 2810 867 2830 cum
882 2800 931 2829 in-

203 2855 226 2871 “
243 2852 362 2882 offensa
376 2859 467 2893 atque
483 2854 658 2885 indubitata
675 2855 839 2885 literarum
851 2854 933 2884 inter

203 2909 226 2924 “
244 2916 276 2936 se
293 2906 472 2946 conjunctio
493 2911 687 2948 suppeditare
710 2909 777 2939 sine
799 2906 865 2939 ulla
880 2917 932 2937 co-

205 2960 227 2977 “
244 2957 368 2999 gitandi
385 2958 496 2989 saltem
519 2959 606 2991 mora
621 2960 764 3000 poterit.”
809 2960 860 2990 Ex
874 2959 933 2989 hoc

983 1228 1098 1258 genere
1121 1217 1241 1257 phrasis
1266 1223 1313 1248 est
1327 1216 1450 1254 Tacito,
1479 1222 1510 1247 et
1535 1215 1606 1247 aliis
1626 1226 1719 1247 usur-

983 1278 1069 1310 pata3
1093 1277 1128 1301 ut
1143 1272 1172 1301 ei
1195 1271 1235 1301 ad
1249 1271 1321 1301 hist.
1346 1271 1365 1301 i.
1385 1274 1410 1301 1.
1441 1273 1463 1288 “
1481 1270 1587 1308 Quod,
1611 1270 1637 1300 si
1654 1270 1720 1300 vita

979 1326 1005 1340 “
1027 1323 1227 1362 suppeditet.”
1287 1321 1368 1352 Vide
1404 1320 1495 1360 plura
1531 1321 1565 1350 in
1602 1322 1719 1352 Graevii

982 1373 1216 1403 commentariis
1244 1373 1283 1403 ad
1315 1373 1414 1403 Cicer.
1439 1372 1472 1401 in
1495 1372 1587 1402 Verr.
1611 1382 1638 1403 v.
1664 1376 1718 1403 58.

986 1425 1156 1462 Caeterum,
1182 1435 1276 1464 super
1294 1425 1352 1454 hoc
1379 1423 1476 1454 nostri
1499 1424 1599 1462 po'e’tae
1621 1434 1715 1464 argu-

982 1482 1091 1505 mento
1113 1476 1200 1505 locus
1224 1481 1323 1506 exstat
1347 1475 1622 1515 eloquentissimus
1637 1475 1716 1505 Ter-

983 1527 1118 1565 tulliani,
1141 1527 1180 1557 de
1195 1537 1289 1557 resur.
1310 1537 1393 1557 carn.
1413 1530 1462 1556 12.
1486 1526 1578 1567 cujus
1592 1537 1718 1566 perora-

983 1578 1101 1608 tionem
1118 1577 1284 1608 lectoribus
1307 1588 1478 1618 apponam:
1505 1581 1527 1595 “
1546 1578 1666 1608 Omnia
1685 1579 1720 1608 in

985 1633 1007 1648 “
1024 1635 1141 1659 statum
1156 1629 1301 1667 redeunt,
1315 1640 1388 1660 cum
1404 1629 1622 1666 abscesserint3
1648 1639 1718 1660 om-

985 1684 1007 1698 “
1023 1680 1077 1710 nia
1091 1680 1257 1720 incipiunt,
1281 1691 1355 1711 cum
1371 1680 1519 1711 desierint
1525 1692 1535 1716 ;
1558 1679 1630 1710 ideo
1646 1679 1718 1710 fini-

984 1735 1006 1749 “
1021 1738 1128 1769 untur,
1153 1737 1188 1761 ut
1212 1731 1302 1762 fiant:
1340 1731 1419 1761 nihil
1443 1731 1572 1770 deperit,
1597 1731 1658 1760 nisi
1684 1731 1717 1761 in

983 1785 1006 1800 “
1024 1783 1166 1813 salutern.
1214 1782 1315 1812 Totus
1337 1783 1433 1822 igitur
1463 1783 1513 1813 hic
1536 1781 1613 1812 ordo
1630 1791 1719 1812 revo-

984 1837 1004 1851 “
1021 1832 1126 1863 lubilis
1141 1843 1258 1870 rerum,
1282 1833 1406 1863 testatio
1421 1839 1468 1862 est
1483 1833 1720 1864 resurrectionis

984 1887 1005 1902 “
1024 1884 1253 1914 mortuorum.’'
1300 1884 1368 1914 Adi
1384 1883 1466 1914 Min.
1484 1884 1549 1914 Fel.
1565 1884 1669 1914 xxxiv.

1025 1936 1102 1966 Ver.
1131 1938 1203 1967 549.
1229 1934 1326 1966 solida
1352 1937 1565 1975 simplicitate:
1590 1936 1610 1966 i.
1627 1946 1653 1966 e.
1676 1936 1720 1967 ita

982 1987 1209 2018 absolutissime
1228 1998 1303 2026 una,
1323 1994 1417 2028 atque
1432 1989 1471 2018 ab
1486 1988 1555 2018 aliis
1569 1988 1719 2019 omnibus

981 2045 1107 2077 secreta,
1129 2045 1166 2069 ut
1180 2050 1237 2069 nec
1253 2039 1420 2078 penetrari,
1445 2049 1503 2069 nec
1518 2039 1635 2079 frangi,
1659 2050 1720 2070 nec

981 2091 1105 2121 dissolvi
1135 2091 1265 2129 possint,
1297 2091 1496 2131 quacumque
1527 2090 1658 2120 demum
1687 2091 1720 2122 vi

981 2141 1135 2172 adhibita:
1162 2141 1295 2182 ideoque
1315 2148 1431 2172 aeterna
1445 2141 1508 2171 sint
1522 2151 1647 2171 necesse
1663 2148 1718 2173 est.

1024 2194 1099 2223 Ver.
1121 2196 1192 2224 550.
1219 2205 1328 2224 aevom:
1365 2193 1410 2223 sic
1437 2193 1477 2223 G.
1503 2199 1533 2223 et
1565 2203 1651 2231 sane,
1682 2194 1718 2225 in

982 2251 1136 2286 quantum
1163 2245 1253 2275 liceat
1280 2256 1316 2276 ex
1348 2245 1494 2275 codicum
1520 2245 1719 2286 Virgiliano-

977 2307 1049 2327 rum
1074 2296 1285 2335 varietatibus,
1312 2302 1405 2337 atque
1430 2296 1500 2326 aliis
1524 2297 1713 2336 quibusdam

977 2349 1054 2379 locis
1079 2355 1232 2387 veterum,
1258 2349 1413 2389 judicare,
1440 2350 1499 2379 hoc
1528 2349 1716 2389 antiquioris

980 2401 1155 2440 scriptionis
1174 2400 1355 2440 exemplum
1378 2401 1411 2430 in
1427 2401 1486 2430 hac
1501 2409 1576 2430 voce
1591 2399 1713 2430 diutius

979 2452 1185 2492 permansisse
1214 2452 1345 2482 fidenter
1371 2451 1524 2489 dixerim;
1558 2458 1652 2492 atque
1681 2462 1715 2481 a·
1770 2453 1773 2455 ’

979 2505 1049 2543 deo,
1074 2505 1295 2544 Havercampo
1309 2514 1432 2534 morem
1447 2513 1568 2544 gerens,
1588 2503 1623 2533 in
1639 2513 1711 2534 nos-

976 2557 1025 2587 tra
1040 2567 1164 2598 quoque
1180 2557 1317 2588 editione
1332 2555 1520 2587 servandum
1535 2555 1637 2585 statui.

978 2608 1124 2647 Insuper,
1148 2619 1204 2648 pro
1221 2615 1352 2646 servata,
1377 2608 1414 2638 L.
1433 2609 1527 2637 habet
1547 2611 1689 2636 renovata
1698 2619 1709 2635 ,-

976 2670 1147 2700 perperam.
1192 2660 1276 2690 Mihi
1292 2659 1419 2699 quidem
1442 2658 1488 2687 sic
1505 2656 1629 2686 videtur
1643 2666 1711 2687 ver.

976 2722 1028 2741 sus
1050 2712 1136 2742 hicce
1158 2709 1382 2745 rescribemus,
1406 2708 1456 2737 vel
1478 2706 1585 2737 invitis
1610 2706 1708 2745 libris,

976 2763 1215 2804 transpositione
1229 2760 1450 2792 tantummodo
1463 2759 1628 2789 literarum
1642 2759 1708 2790 fac-

976 2814 1021 2845 ta:

1008 2893 1063 2917 Nec
1074 2891 1177 2916 ratione
1187 2892 1289 2921 queunt
1300 2887 1361 2918 alifi,
1373 2890 1480 2912 versata
1492 2893 1538 2919 per
1549 2892 1640 2911 aevom
1656 2893 1664 2910 z

977 2957 996 2989 i.
1013 2967 1038 2988 e.
1059 2953 1505 2998 agitata-jactata-pulsata.
1545 2954 1650 2986 Locus
1665 2958 1710 2984 est
