1894 3253
214 260 313 300 220

712 249 773 297 Τ.
826 246 1209 296 LUCRETII

253 387 331 424 125
364 383 567 437 Corpora,
590 393 683 436 quae
702 378 746 419 in
767 379 860 420 solis
880 379 1005 420 radiis
1024 380 1190 421 turbare
1209 378 1418 429 videntum

365 456 491 506 Quod
513 454 610 496 tales
631 453 764 496 turbae
786 462 922 495 motus
943 469 1107 510 quoque
1127 455 1318 496 materiai

348 529 612 586 ‘Significant
633 529 905 570 clandestinos
925 544 1136 585 caecosque
1156 530 1330 570 subesse.

366 602 505 645 Multa
525 603 680 644 videbis
702 603 813 643 enim
833 603 963 661 plagis
983 604 1040 644 ibi
1060 604 1216 658 percita
1235 603 1353 644 caecis

366 678 622 720 Comnutare
642 678 766 728 viam,
789 685 983 735 retroque
1002 679 1164 733 repulsa
1183 678 1351 728 revorti,

257 759 333 795 130
366 753 492 795 Nunc
512 752 611 802 huc,
634 767 747 794 nunc
766 753 876 803 illuc,
900 754 943 793 in
964 762 1131 795 cunctas
1151 753 1335 809 undique
1354 751 1517 807 parteis.

370 827 533 870 Scilicet
552 826 655 868 hicc'
677 843 701 868 a
720 827 932 882 principiis
953 836 1013 870 est
1037 829 1227 869 omnibus
1248 841 1377 868 error:

369 902 512 944 Prima
531 909 750 944 moventur
772 903 883 944 enim
902 917 977 958 per
997 918 1039 944 se
1057 902 1287 959 primordia
1306 914 1465 949 rerum;

226 1065 396 1100 Caeterum,
418 1063 487 1093 loco
501 1064 612 1103 magis,
637 1062 673 1093 P.
697 1073 783 1102 mage
799 1063 858 1098 ad,·
885 1072 956 1103 quae

223 1117 354 1147 varietas
378 1114 418 1145 ad
441 1115 578 1145 formam
603 1114 753 1144 orationis
775 1113 954 1154 exquisitio-

224 1178 292 1198 rem
315 1167 449 1197 minime
466 1171 643 1206 perceptam
666 1165 774 1196 referri
795 1165 900 1196 debet:
927 1170 958 1196 et

225 1230 283 1259 pro
304 1222 380 1257 lzaec,
405 1219 444 1249 Β.
469 1220 540 1253 Ιιοε;
565 1223 601 1246 ut
615 1217 656 1247 V.
673 1216 720 1247 ed.
747 1219 867 1255 advere,
892 1216 959 1246 vice

227 1273 392 1301 advertere.

271 1321 347 1351 Ver.
381 1322 449 1350 125.
483 1320 624 1349 turbare:
661 1318 681 1347 i.
697 1328 723 1347 e.
754 1318 891 1353 turbarz';
925 1322 961 1347 ut

228 1374 327 1405 etiam
342 1370 509 1411 Virgilius,
528 1371 604 1400 AER.
619 1369 658 1399 vi.
675 1372 746 1399 801.

260 1434 294 1457 Et
304 1435 409 1463 septem
421 1430 523 1462 gemini
533 1429 637 1454 turbant
647 1429 753 1460 trepida
764 1429 830 1453 ostia
843 1429 903 1453 Nili.

234 1483 284 1513 Sic
301 1482 435 1512 Plautus
460 1479 582 1519 saepius,
610 1479 790 1515 Terentius,
818 1478 962 1508 Tacitus-

231 1533 389 1574 que.--Iu
416 1536 566 1571 sequente
592 1541 695 1569 versu,
728 1536 769 1560 Π.
785 1530 839 1560 dat
869 1532 963 1567 Quid,

231 1585 302 1615 loco
322 1585 416 1618 Quod.

278 1636 352 1665 Ver.
380 1637 451 1664 127.
475 1635 687 1663 clandestinos.
734 1633 831 1662 Hanc
858 1641 967 1662 vocem

235 1688 372 1720 Plautus
386 1687 559 1726 usurpavit,
576 1693 606 1716 et
622 1692 691 1725 post
707 1685 784 1715 alios
801 1685 968 1723 Manilius,

235 1740 255 1770 i.
272 1742 345 1771 895.
372 1739 426 1778 qui
448 1738 536 1767 locus
553 1736 753 1767 librariorum
775 1735 899 1766 macula
915 1746 968 1766 ex-

235 1791 421 1832 purgandus
436 1796 495 1820 est:

236 1851 309 1882 Quin
321 1854 348 1875 et
360 1850 428 1874 bella
440 1852 541 1873 canunt
553 1848 638 1880 ignes,
649 1848 804 1878 subitosque
816 1846 960 1876 tumultus,

238 1893 270 1915 Et
283 1889 444 1915 clandestinis
455 1888 582 1920 turgentia
594 1888 732 1912 fraudibus
743 1895 827 1912 arma.

240 1939 359 1979 Vulgo,
386 1940 559 1977 ,sm-gemitu
595 1947 660 1966 non
684 1936 777 1971 male,
806 1936 867 1965 nisi
893 1935 972 1965 foret

241 1991 275 2020 in
301 1990 479 2029 propatulo,
504 1999 578 2018 eum
600 1988 717 2018 imitari
742 1988 876 2018 voluisse
898 1987 971 2017 Vir-

244 2041 312 2081 gilii
328 2051 395 2080 geo.
411 2040 430 2069 i.
448 2043 520 2069 464.

406 2098 450 2123 ille
462 2098 544 2122 etiam
555 2105 630 2122 caecos
640 2098 739 2122 instare
750 2098 874 2121 tumultus

244 2141 321 2170 Saepe
328 2141 433 2167 monet,
433 2136 624 2168 fraudemque,
633 2140 660 2161 et
670 2140 754 2168 operta
762 2140 894 2160 tumescere
900 2136 972 2160 bella.

288 2189 363 2218 Ver.
392 2190 461 2217 128.
484 2187 543 2216 ibi.-

240 2238 377 2272 parcztcz.

290 2281 371 2312 Ibid.
390 2283 494 2321 plagis
510 2282 607 2310 caecz's.
653 2279 742 2310 Hinc
757 2278 796 2308 de
812 2278 977 2317 Epicureis

249 2333 456 2370 Claudianus,
473 2332 508 2362 F.
529 2330 618 2361 Mau.
636 2329 756 2360 Theod⁴
772 2340 854 2359 conS.
872 2333 921 2359 852.

310 2393 343 2417 Hi
353 2400 423 2424 vaga
433 2391 565 2416 collidunt
576 2389 647 2414 caecis
657 2389 803 2422 primordia
811 2388 902 2420 plagis.

290 2444 366 2473 Ver.
393 2445 460 2471 150.
484 2442 636 2480 undique:
674 2438 717 2469 sic
747 2440 786 2469 G.
817 2438 854 2470 P.
875 2438 975 2469 Vind.

248 2496 290 2526 V.
307 2494 354 2524 ed.
372 2500 413 2524 Π.
430 2498 460 2522 et
476 2491 591 2531 placet:
615 2491 673 2520 hoc
690 2489 777 2519 enim
795 2496 885 2529 pacto
899 2489 978 2520 solet

248 2545 416 2579 Lucretius
437 2554 491 2583 per
514 2542 727 2573 consimilium
754 2542 978 2571 vocabulorum

250 2599 362 2630 seriem
385 2608 434 2627 res
458 2595 605 2625 extollere
621 2600 652 2624 et
666 2594 835 2633 provehere
861 2593 894 2622 in
909 2604 977 2623 ma-

247 2651 313 2690 jus:
344 2648 428 2689 quod
453 2647 524 2686 plus
548 2645 645 2676 semel
672 2646 705 2675 in
734 2644 980 2685 praecedentibus

252 2701 382 2739 contigit
398 2699 485 2728 nobis
501 2697 714 2728 observat-isse.
761 2697 835 2727 Non
859 2696 980 2726 minore

248 2763 325 2784 cum
341 2752 548 2792 significantia
573 2753 739 2782 verborum
763 2750 925 2790 emphasin
951 2755 982 2781 et

254 2818 394 2848 svapymw
411 2804 566 2844 Virgilius
592 2811 727 2835 sectatus
754 2810 810 2842 est,
838 2803 878 2834 ad
905 2802 980 2832 AEn.

252 2857 315 2886 viiL
333 2860 382 2885 20.
399 2855 430 2883 in
448 2856 581 2894 gemello
596 2856 679 2886 loco:

581 2191 616 2216 Δ.
647 2187 868 2224 ubal—percita
877 2199 886 2215 :
929 2191 973 2215 Ω.

252 2918 342 2948 Atque
349 2914 471 2939 animum
478 2921 545 2938 nunc
551 2915 598 2938 lmc
604 2916 730 2945 celerem,
736 2923 805 2940 nunc
812 2914 907 2938 dividit
914 2913 985 2945 illuc,

257 2961 286 2982 171
296 2955 431 2989 partisque
442 2954 512 2988 rapit
523 2954 629 2985 varias,
641 2962 742 2988 perque
753 2955 837 2980 omnia
847 2956 945 2980 versat.

1002 1069 1116 1100 Caeteri
1130 1067 1213 1106 libri,
1231 1072 1262 1097 et
1277 1065 1428 1097 editiones
1442 1063 1597 1105 vulgares,
1613 1063 1731 1094 habent

1000 1123 1129 1161 denique
1135 1136 1145 1157 ‚·
1162 1118 1247 1161 quod
1261 1128 1333 1149 meo
1348 1116 1455 1159 gustui
1470 1115 1558 1147 valde
1572 1114 1729 1146 insulsum

1002 1173 1094 1203 venit.

1046 1224 1122 1254 Ver.
1153 1227 1222 1254 151.
1248 1222 1364 1252 Sensus
1391 1226 1449 1251 est:
1478 1223 1500 1239 “
1516 1219 1642 1251 Scilicet
1665 1219 1734 1248 haec

1005 1279 1026 1293 “
1044 1275 1251 1305 discursitatio
1288 1274 1436 1304 omnibus
1465 1272 1514 1303 his
1543 1270 1736 1311 corpusculis

1005 1329 1027 1344 ‘⁶
1043 1332 1100 1364 est,
1116 1326 1165 1355 vel
1179 1325 1301 1360 accidit,
1318 1335 1336 1353 a
1348 1324 1508 1363 principiis
1523 1333 1647 1353 eorum:
1674 1332 1736 1352 un-

1006 1381 1028 1396 “
1045 1378 1084 1408 dc
1099 1377 1204 1407 motus
1219 1376 1309 1406 initia
1330 1376 1476 1415 primitus
1489 1372 1738 1415 propagantur.’‘

1049 1429 1122 1459 Ver.
1142 1433 1213 1458 152.
1239 1430 1367 1459 Prima.-
1395 1433 1435 1457 Π.
1454 1429 1577 1458 Primo.-
1604 1436 1643 1457 ex
1655 1425 1741 1466 glos-

1006 1481 1040 1510 sa
1055 1480 1179 1509 scilicet.

1051 1536 1126 1565 Ver.
1157 1538 1225 1565 155.
1249 1545 1343 1573 parvo
1371 1535 1555 1564 conciliatu.-
1581 1532 1602 1562 i.
1617 1543 1643 1562 e.
1669 1542 1742 1571 par-

1010 1597 1122 1617 vorum
1148 1596 1316 1625 corporum
1340 1584 1480 1615 conciliis
1509 1583 1744 1624 conglomerata

1011 1649 1092 1669 —ex
1108 1644 1189 1668 coetu
1212 1637 1402 1677 exiguarum
1418 1635 1643 1675 particularum
1666 1644 1742 1665 con-

1013 1691 1133 1722 stantia.
1178 1690 1215 1720 L.
1241 1690 1289 1719 M.
1320 1694 1363 1718 Ω.
1390 1689 1529 1727 praebent
1558 1688 1741 1718 conciliata:

1014 1744 1145 1774 omnino
1160 1741 1251 1771 male.
1299 1740 1413 1770 Rarior
1424 1739 1519 1770 dictio
1533 1737 1747 1778 depravationi

1015 1796 1211 1827 occasionem
1242 1793 1336 1823 dedit.
1380 1791 1574 1831 Exemplum
1599 1792 1746 1831 hujusce-

1015 1847 1102 1878 modi
1126 1846 1216 1876 liceat
1243 1855 1280 1875 ex
1298 1843 1472 1874 Plutarcho
1497 1853 1682 1882 proponere,
1707 1841 1750 1873 ad

1016 1900 1047 1929 ii.
1067 1903 1138 1930 1⁶29.
1167 1899 1202 1928 C.
1218 1898 1257 1928 de
1285 1896 1417 1927 sanitate
1444 1894 1577 1925 tuenda:
1604 1896 1651 1925 Δι’
1675 1895 1687 1924 ὃ
1713 1893 1752 1925 Bes

1018 1964 1144 1988 θκθΤΞΙν,
1162 1951 1199 1983 Οἷς
1216 1963 1250 1980 αν
1267 1962 1368 1979 ‘Toefflroe
1384 1960 1553 1989 θ’ϋμπὸπτῃ,
1576 1959 1628 1977 καί
1641 1959 1753 1986 μνῆμθ·

1019 2015 1105 2037 num,
1129 2014 1163 2032 αν
1177 2000 1262 2040 μηδεν
1285 2014 1301 2042 ῃ
1318 2012 1520 2038 πνευματικον,
1538 1998 1581 2027 ὅτι
1598 2003 1635 2027 TI
1651 2010 1753 2036 σωμα-

1018 2067 1103 2084 τικων
1132 2065 1205 2082 εσ-τιν
1222 2064 1320 2088 aarum,
1351 2051 1515 2082 ὑποστολῆς
1540 2061 1623 2085 τινος,
1644 2061 1660 2080 n
1683 2053 1751 2077 KA-

1021 2107 1313 2137 ΤΑΧΑΛΑΣΕΩΣ,
1335 2101 1464 2140 &olari-ov.
1509 2098 1628 2138 Vulgo,
1646 2101 1752 2140 καθαρ-

1020 2172 1100 2192 σεως·
1124 2157 1178 2187 sed
1194 2156 1345 2186 editiones
1363 2153 1436 2184 Ald.
1460 2158 1491 2182 et
1506 2153 1577 2183 Bas.
1596 2165 1753 2193 κατακρα-

1020 2223 1097 2243 σεως.
1131 2208 1314 2238 Larnlz'onz‘s
1329 2205 1455 2244 utique;
1478 2208 1515 2233 ut
1529 2213 1616 2240 mox,
1631 2213 1663 2241 p.
1680 2205 1753 2233 131.

1021 2261 1059 2291 B·
1074 2274 1113 2290 ΤΕ
1127 2260 1199 2300 ὑγρα
1214 2270 1376 2297 θυναγΒσα,
1389 2269 1438 2285 zat
1449 2267 1604 2294 wwyvvtto'oe
1616 2268 1672 2287 ’Τας
1683 2267 1755 2284 ἄνα·

1021 2314 1174 2351 θυμιασεις,
1199 2324 1241 2341 ozei
1262 2313 1473 2339 ΧΑΛΑΣΘΑΙ
1502 2320 1552 2337 και
1574 2306 1757 2348 διαφορεισέαι

1021 2368 1194 2403 βελομενας.
1213 2361 1315 2392 Alteri
1328 2361 1368 2390 sit
1378 2358 1522 2398 exemplo
1533 2358 1694 2388 Diodorus
1704 2357 1754 2388 Si-

1023 2415 1124 2453 culus,
1136 2415 1174 2444 ἰν.
1185 2418 1307 2444 5.--ετον
1319 2425 1368 2451 μεν
1382 2425 1440 2452 γαρ
1451 2424 1526 2448 onum»,
1543 2423 1668 2452 ακρατον
1679 2420 1757 2439 πινο-

1023 2481 1111 2507 μενον,
1125 2466 1266 2506 μανιωδεις
1283 2465 1412 2497 §masne
1426 2468 1590 2494 αποσ-ελειν·
1602 2474 1639 2492 τε
1653 2459 1680 2491 δ’
1697 2471 1759 2491 moro

1024 2525 1090 2554 Διας
1110 2520 1199 2561 ομέρκ
1215 2530 1362 2557 μιγεντος,
1387 2529 1438 2548 erm
1457 2528 1508 2554 μεν
1524 2515 1624 2556 τέρψιν
1639 2526 1689 2543 και
1705 2524 1757 2544 «rm

1025 2573 1116 2606 ἑδονκν
1131 2585 1229 2612 panem,
1255 2585 1288 2602 ero
1303 2569 1330 2600 δε
1347 2583 1399 2603 τῆς
1415 2581 1519 2609 μανιας
1536 2580 1585 2597 και
1606 2570 1755 2596 ΠΑΡΑΛ-

1025 2628 1249 2655 ΛΟΙΩΣΕΩΣ
1276 2626 1416 2659 &tam-ov
1441 2619 1596 2661 δωρέεσθαι.
1641 2615 1692 2645 Ita
1706 2625 1757 2645 re-

1026 2676 1225 2707 scribendum
1248 2681 1307 2705 est:
1338 2673 1446 2713 vulgo,
1472 2667 1757 2712 rotmannum—Et

1027 2737 1107 2766 pene
1122 2726 1238 2757 oblitus
1252 2735 1339 2756 eram
1353 2724 1499 2754 lectorem
1514 2720 1693 2756 admonere,
1703 2727 1756 2748 me

1027 2779 1061 2808 in
1078 2777 1241 2808 Plutarchi
1265 2777 1373 2806 locum
1396 2771 1538 2803 voculam
1563 2782 1590 2800 τι
1606 2769 1756 2808 importa-

1028 2831 1119 2860 w'sse:
1146 2829 1231 2870 quot]
1251 2827 1347 2858 videri
1368 2825 1475 2865 possit,
1497 2821 1690 2862 praecedente
1713 2821 1757 2852 ὅτι

1030 2883 1223 2920 absorptum,
1233 2876 1372 2917 scriptori
1382 2873 1574 2905 nobilissimo
1583 2872 1759 2911 deperiisse:

1031 2933 1071 2965 de
1086 2943 1149 2974 quo
1166 2922 1277 2965 ¹errore
1297 2926 1525 2968 disputavimus
1539 2924 1693 2965 superius,
1719 2923 1759 2956 ad
