1894 3253
644 267 879 316 LIBER

928 267 1238 318 PRIMUS.
1562 278 1653 318 135

295 398 459 441 Debeat
479 398 531 440 ad
552 398 725 440 nihilum
741 399 828 454 jam
849 414 987 440 rerum
1008 413 1169 440 summa
1189 399 1356 450 revorti,

293 473 363 515 De
384 473 594 530 nihiloque
615 482 757 515 renata
778 475 984 530 vigescere
1005 475 1125 528 copia
1145 488 1300 515 rerum:

295 547 488 597 Quorum
511 557 730 605 utrumque
751 548 851 604 quid
868 563 893 588 a
907 562 1005 588 vero
1018 548 1107 602 jam
1129 547 1266 598 distet,
1290 548 1482 591 habebas.

179 624 260 662 760
292 622 473 672 Deinde,
496 623 662 664 inimica
681 620 816 663 modis
836 622 973 663 multis
995 630 1104 672 sunt,
1128 631 1252 677 atque
1272 638 1430 664 venena

292 697 403 752 Ipsa,
427 697 502 738 sibi
523 698 630 738 inter
651 714 712 748 se;
746 697 826 754 qua
848 712 908 747 re,
931 706 1002 738 aut
1023 712 1245 754 congressa
1264 698 1476 753 peribunt,

293 771 381 812 Aut
402 771 459 812 ita
479 771 713 828 diffugient,
736 781 797 823 ut,
820 780 1062 827 tempestate
1083 771 1242 822 coacta,

293 844 486 886 Fulmina
505 845 722 903 diffugere,
745 856 868 902 atque

890 846 1072 896 imbreis‚
1096 855 1335 902 ventosque,
1360 847 1558 890 videmus.

348 919 557 976 Denique,
581 929 759 977 quatuor
779 936 832 962 ex
852 921 973 962 rebus
995 921 1027 962 si
1049 929 1198 963 cuncta
1219 930 1428 973 creantur,

145 1085 168 1101 “
184 1094 240 1120 no,-
257 1089 293 1113 ut
304 1083 380 1119 istae,
393 1093 470 1124 quas
482 1083 601 1123 dixisti,
615 1085 745 1124 caprae.”
771 1085 877 1121 Quem

145 1135 251 1166 locum
278 1137 378 1166 Fabro
401 1135 559 1167 debemus.
606 1138 695 1168 Hinc
711 1138 878 1179 Virgilius,

143 1197 212 1227 geo,
228 1186 259 1217 ii.
276 1190 348 1218 578.

174 1276 315 1307 Quantum
327 1275 364 1300 illi
375 1282 491 1301 nocuere
502 1283 606 1308 greges„
618 1275 732 1307 durique
744 1282 877 1300 venenum

173 1315 309 1340 Dentis—.

143 1381 189 1413 Et
204 1392 289 1419 sane,
314 1391 414 1422 quum
436 1391 501 1411 non
523 1380 597 1412 alibi
622 1381 800 1420 Lucretius,
823 1381 877 1422 qui

143 1432 276 1464 libenter
304 1432 492 1463 vocabulum
515 1439 654 1472 usurpat,
681 1432 715 1462 in
741 1443 876 1463 numero

142 1484 356 1515 multitudinis
383 1495 423 1515 ne
451 1484 548 1514 semel
573 1484 703 1525 quidem
725 1484 873 1523 posuerit,

142 1536 254 1567 malim
268 1537 384 1577 legere:

173 1619 236 1626 -—-
246 1606 354 1630 inimica
365 1606 451 1630 modis
462 1604 553 1629 multis
564 1607 637 1634 sunt,
650 1607 731 1635 atque
742 1612 857 1630 veneno.-

147 1665 213 1701 sed,
244 1671 405 1705 utcunque
431 1666 490 1695 hoc
520 1663 696 1704 elegantius
722 1663 875 1701 videatur,

144 1718 233 1749 libris
248 1718 368 1758 scriptis
383 1717 663 1757 obtemperandum
679 1722 736 1755 est,
762 1717 877 1757 quibus

145 1770 225 1801 nihil
247 1777 293 1802 est
317 1771 486 1809 varietatis,
517 1770 572 1800 tali
598 1769 731 1800 faventis
753 1770 876 1809 conjec-

145 1829 236 1854 turae.

190 1876 265 1905 Ver.
291 1878 362 1906 761.
391 1876 467 1905 sibi:
495 1874 580 1904 deest
610 1873 651 1904 V.
684 1872 876 1904 ed.--—inter.·

148 1933 191 1958 n.
207 1929 300 1957 intra.

192 1977 266 2008 Ver.
284 1980 356 2008 762.
373 1976 476 2008 coactti
487 1991 496 2007 :
516 1977 559 2007 sic
574 1987 684 2007 omnes
695 1976 765 2006 libri
784 1977 880 2007 MSS.

143 2034 303 2070 quantum
327 2028 475 2069 equidem
496 2028 616 2060 valeam
640 2027 826 2067 intelligere,
850 2034 881 2057 et

147 2081 229 2119 typis
245 2080 340 2109 etiam
365 2080 471 2110 excusi
496 2086 568 2109 ante
591 2079 801 2116 Lambinum;
825 2079 880 2118 qui

147 2142 187 2162 ex
203 2132 319 2172 proprii
335 2132 455 2172 ingenii
471 2131 623 2163 thesauris
638 2142 732 2161 suum
754 2131 879 2170 pervul-

146 2189 257 2223 gatum
273 2181 373 2213 εοονιιῖ
392 2183 482 2213 nobis
504 2183 666 2222 prompsit,
691 2188 783 2222 atque
814 2182 879 2212 edi-

147 2240 231 2265 tores
247 2233 367 2264 invenit
378 2235 491 2264 animis
503 2235 697 2273 pronissimis
706 2236 878 2275 obsequen-

147 2290 204 2316 tes.
249 2286 317 2316 Nos
344 2286 413 2316 loco
429 2286 538 2317 cedere
553 2286 765 2327 conjecturam
780 2293 878 2318 teme-

147 2338 275 2375 rariam,
309 2344 402 2378 atque
440 2338 632 2368 infructuose
662 2339 881 2380 excogitatam,

146 2387 307 2428 jussimus.
351 2388 526 2418 Locutioue
555 2390 711 2419 consimili
732 2391 883 2423 Lucanus

152 2450 229 2470 usus
251 2445 308 2476 est,
325 2439 376 2470 vii.
391 2443 463 2471 595.

182 2522 235 2544 Rus
247 2527 375 2549 vacuum,
385 2521 458 2551 quod
468 2527 523 2545 non
533 2521 647 2551 habitet,
655 2522 704 2546 nisi
714 2526 783 2548 nocte
794 2525 880 2549 coacta

183 2559 300 2583 Invitus:

149 2630 169 2661 i.
185 2641 211 2661 e.
227 2632 364 2661 tenebris
380 2642 412 2662 se
428 2631 678 2669 addensenfibus,
694 2638 725 2663 et
740 2633 880 2665 co'ennti-

150 2683 221 2713 bus.
269 2684 331 2713 Cui
346 2694 419 2714 vero
439 2694 503 2714 non
519 2690 613 2714 notus
628 2690 685 2722 est,
709 2691 746 2715 ut
768 2685 881 2717 domus

150 2743 218 2772 Sua,
243 2740 309 2769 Ζευς
325 2742 532 2778 νεφεληγερετα
547 2735 665 2774 po'e’tae?
690 2742 721 2766 et
735 2736 796 2766 alia
806 2738 878 2768 mil-

149 2785 203 2822 lia,
234 2786 322 2817 nullo
345 2787 440 2817 modo
463 2787 680 2827 discrepantia,
703 2787 880 2828 legentibus

151 2845 321 2870 occurrent.
354 2840 395 2870 In
410 2841 492 2870 hanc
504 2851 572 2870 rem
587 2850 659 2870 vero
670 2840 882 2872 consultorem

151 2889 300 2921 adhibeas
326 2892 551 2924 Burmannum
573 2898 748 2934 opportune
763 2893 880 2936 disqui-

240 2958 291 2990 Vo
298 2970 327 2990 L.
352 2960 379 2992 I.

921 1093 1041 1116 rentem
1057 1086 1097 1117 ad
1111 1087 1203 1117 Ovid.
1220 1093 1293 1117 met.
1306 1087 1346 1117 xi.
1360 1090 1431 1118 51⁶2.
1460 1088 1654 1120 Claudianus

923 1138 1018 1168 etiam
1033 1138 1249 1176 admoveatur,
1266 1138 1306 1168 de
1320 1138 1391 1169 bell.
1410 1139 1482 1170 Get.
1496 1143 1569 1172 579.

1241 1222 1284 1247 vel
1298 1222 1383 1253 qualis
1395 1222 1421 1246 in
1433 1228 1521 1247 atram

984 1261 1107 1286 solicitus
1117 1261 1208 1285 nubem
1219 1264 1322 1287 moesto
1333 1263 1400 1292 Jove
1411 1262 1509 1294 cogitur
1521 1263 1608 1288 ether.

921 1336 1011 1366 Hinc
1027 1342 1134 1366 autem
1156 1335 1232 1367 libet
1258 1336 1396 1367 Sallustii
1422 1337 1539 1378 gratias
1560 1349 1655 1379 expo-

920 1398 1007 1426 nere,
1031 1387 1153 1417 nemini
1176 1395 1349 1428 perceptas,
1375 1389 1415 1419 ad
1436 1389 1588 1430 Jugurth.
1608 1393 1656 1422 10.

918 1443 1017 1469 4.-“
1041 1439 1147 1478 amici,
1178 1450 1256 1480 quos
1283 1450 1384 1481 neque
1415 1441 1510 1471 armis
1540 1452 1656 1481 cogere,

920 1495 942 1510 “
958 1502 1061 1533 neque
1083 1503 1160 1523 auro
1183 1503 1291 1531 parare
1314 1493 1449 1534 queas:”
1473 1494 1492 1524 i.
1509 1505 1535 1525 e.
1558 1496 1591 1525 in
1615 1506 1653 1525 u-

918 1555 992 1574 ηιιηι
1009 1545 1160 1584 colligere,
1174 1555 1209 1574 ut
1222 1545 1324 1575 solent
1335 1545 1525 1584 praedatores
1536 1556 1656 1585 pecora.

920 1598 1079 1628 AEmulari
1095 1598 1212 1629 scilicet
1234 1600 1417 1631 Homerum
1429 1601 1551 1632 volebat
1564 1602 1657 1631 lima-

920 1649 1059 1680 tissimus
1070 1650 1245 1688 historicus,
1263 1651 1414 1683 divinitus
1426 1659 1602 1690 canentem,
1616 1652 1658 1683 ad

922 1701 963 1733 Il.
983 1709 1004 1732 1.
1021 1706 1093 1733 406.

923 1808 1076 1833 ΛΗΙΣΤΟΙ
1088 1817 1132 1840 μεν
1144 1818 1195 1842 γαρ
1208 1817 1234 1834 τε
1245 1810 1334 1834 ΒΟΕΣ
1347 1819 1395 1834 και
1406 1819 1479 1835 movet
1491 1810 1606 1841 MHAA,

925 1856 1067 1879 KTHTOI
1094 1855 1118 1880 δε
1149 1857 1334 1882 ΤΡΙΠΟΔΕΣ
1361 1865 1388 1882 τε
1412 1867 1460 1883 και
1481 1856 1557 1883 ἵππων
1579 1857 1659 1888 {ocrem

1040 1907 1150 1936 καρῆναι·

925 1949 1015 1983 Ανδρος
1028 1949 1052 1975 δι
1062 1950 1140 1983 ’ψυχῇ
1153 1956 1231 1976 παλιν
1244 1950 1315 1977 ελθειν
1327 1961 1370 1977 urs
1379 1956 1470 1981 ληιστη

924 1996 985 2023 ουθ’
996 1998 1138 2028 'EAETH,
1154 2007 1200 2024 ετει
1212 2009 1244 2034 αιρ
1258 2008 1299 2025 κεν
1312 2000 1455 2033 αμειψεταιι
1467 1999 1539 2036 ἕρκος
1551 2000 1659 2028 οδοντων.

924 2076 1017 2107 Libet
1038 2077 1133 2107 etiam
1150 2077 1303 2109 Senecam
1324 2079 1486 2120 castigare,
1511 2079 1553 2110 ad
1573 2079 1657 2120 Hip-

923 2128 985 2167 pol.
1001 2132 1072 2160 675.

1245 2217 1333 2241 omnis
1341 2217 1472 2250 impulsus
1483 2222 1545 2242 ruat

1017 2255 1123 2285 AEther,
1141 2259 1169 2280 et
1181 2256 1244 2280 actis
1254 2257 1369 2281 nubibus
1379 2257 1478 2282 condat
1489 2257 1573 2282 diem.

928 2328 979 2359 Sic
1002 2330 1238 2360 rescribendum
1264 2342 1331 2361 esse
1353 2342 1409 2371 pro
1424 2334 1502 2363 atris
1517 2342 1569 2362 me
1584 2342 1657 2362 sua.

927 2379 1002 2410 dent
1028 2381 1088 2411 loci
1118 2388 1209 2412 tenor
1231 2388 1262 2412 et
1283 2383 1451 2422 proportio.
1497 2383 1657 2424 Denique,

925 2430 1111 2462 Lucretium
1126 2433 1278 2471 conferas,
1294 2434 1334 2464 vi.
1352 2437 1425 2464 211.
1444 2437 1519 2464 212.

969 2483 1042 2514 Ver.
1069 2487 1140 2515 765.
1171 2496 1240 2516 eas:
1278 2493 1319 2516 Π.
1352 2497 1584 2516 ‹em—rursum:
1618 2487 1656 2518 L.

923 2539 1210 2568 rursus—omnia:
1237 2538 1278 2567 V.
1296 2538 1342 2568 ed.
1358 2549 1466 2568 omnes.

966 2586 1042 2617 Ver.
1069 2590 1140 2618 768.
1164 2589 1319 2619 Alternis:
1352 2588 1450 2619 Vind.
1474 2588 1516 2619 V.
1541 2588 1588 2619 ed.
1616 2589 1654 2620 B.

927 2643 961 2669 Δ.
986 2645 1027 2669 Π.
1053 2645 1097 2669 Ω.
1121 2641 1285 2670 AEternis:
1319 2639 1420 2670 solent
1452 2646 1559 2670 autem
1588 2641 1656 2671 haec

923 2691 1016 2719 verba
1041 2690 1173 2720 librariis
1203 2691 1369 2722 confundi:
1406 2691 1476 2722 vide
1506 2691 1653 2722 Draken—

922 2741 1099 2779 borchium,
1115 2741 1154 2771 ad
1170 2742 1237 2771 Liv.
1254 2742 1304 2772 vii.
1319 2746 1373 2773 50.
1389 2744 1417 2773 7.

969 2793 1040 2823 Ver.
1057 2796 1128 2824 769.
1151 2799 1244 2823 totam
1259 2801 1423 2826 naturam:
1449 2799 1484 2827 Σ.
1501 2801 1580 2827 totas
1594 2807 1654 2826 ηα-

922 2850 1018 2874 turas.
1056 2845 1100 2875 Et
1114 2846 1199 2875 hunc
1213 2856 1338 2878 versum
1353 2848 1494 2889 sequitur
1504 2848 1655 2888 repetitus

924 2906 986 2927 ver.
1000 2899 1071 2929 765.
1088 2897 1123 2929 in
1138 2898 1235 2931 vina
1250 2900 1289 2932 Β.
1302 2891 1345 2933 LI
1357 2907 1403 2934 n.

889 2964 921 2995 K
