1894 3253
679 256 741 302 T.
786 253 1166 301 LUCRETII

352 389 508 443 Sponte
529 385 599 426 sua
620 384 752 426 facere
771 385 815 426 id
836 385 923 425 sine
942 385 983 425 vi
1004 385 1214 427 subicente
1232 388 1468 441 putandum
1490 397 1567 431 est:

352 460 480 511 Quod
500 475 645 517 genus,
669 475 692 501 e
712 467 855 501 nostro
875 475 1001 516 quom
1021 461 1167 502 missus
1188 476 1376 516 corpore,
1400 464 1565 519 sanguis

209 617 301 648 nitori
316 616 446 656 pristino
456 616 560 646 statim
570 627 588 646 a
600 626 651 646 me
661 616 936 655 restituendorum,

209 671 229 701 i.
245 675 262 700 8
269 673 316 701 78.

258 746 289 767 Et
300 743 424 775 gravibus
435 742 545 772 morbis,
555 747 601 767 aut
612 743 684 768 lenta
694 750 806 774 corpora
817 743 879 768 tabe

256 783 372 814 Corripit
381 783 461 807 exesis
472 783 556 808 letalis
559 782 669 814 flamma
681 783 813 808 medullis.

210 846 332 887 Vulgo,
362 849 482 877 exustis.
544 846 700 886 Scriptum
731 853 796 876 erat
831 847 941 887 utique

210 900 329 936 mestis,
352 903 388 927 ut
410 900 556 934 comestis,
582 898 725 937 antique:
752 897 837 927 unde
852 908 942 928 men-

212 949 301 980 dum.
349 949 498 987 Respexit
520 948 573 979 ille
589 948 775 989 Virgilium,
806 949 880 979 AEn.
903 949 943 979 iv.

213 1005 264 1032 66.

503 1062 538 1083 est
548 1058 749 1090 mollisflamma
760 1058 882 1083 medullas
890 1066 901 1087 ;

215 1115 245 1139 et
259 1119 367 1138 rursus
383 1108 458 1138 AEn.
470 1107 511 1138 vi.
526 1111 600 1137 442.

349 1187 416 1211 quos
427 1181 509 1204 durus
518 1186 597 1204 amor
608 1178 712 1204 crudeli
722 1179 776 1203 tabe
784 1178 891 1210 peredit.

216 1236 322 1266 Possis
337 1238 432 1267 etiam
447 1239 599 1268 exhaustis
615 1247 764 1275 reponere
770 1248 779 1273 ;
803 1236 857 1266 sed
877 1242 946 1265 ten-

217 1294 323 1317 tamen
339 1287 418 1317 illud
441 1287 617 1328 elegantius
644 1293 699 1323 est,
724 1297 796 1316 meo
816 1286 946 1327 judicio,

217 1345 248 1369 et
263 1339 462 1378 probabilius.
507 1340 550 1369 Et
565 1338 701 1379 egregie,
727 1338 782 1368 sed
799 1338 947 1368 audacter

218 1401 274 1421 suo
303 1401 402 1429 more,
429 1393 511 1421 hanc
537 1390 772 1421 translationem
795 1390 947 1420 sermonis

217 1448 329 1472 tractat
342 1443 521 1482 AEschylus,
532 1443 642 1473 Prom.
652 1442 744 1472 vinct.
754 1445 826 1472 568.
841 1440 949 1481 igneas

222 1494 328 1524 AEtnae
339 1493 566 1526 exundationes
578 1494 724 1533 pingenS:

541 1578 597 1605 ενθεν
611 1579 793 1612 εκροιγκσονταιι
803 1587 861 1603 ποτε

252 1629 372 1661 Ποταμοι
384 1629 512 1658 ΠΥΡΟΣ,
525 1627 755 1653 ΔΑΠΤΟΝΤΕΣ
769 1626 950 1661 αγριοιςΓΝΑ-

379 1675 465 1700 ΘΟῙΣ

252 1723 309 1750 Τῆς
322 1727 495 1758 καλλικαρπυ
509 1723 627 1750 {aazias
639 1726 725 1756 λευρας
738 1731 809 1752 φνας.

226 1789 296 1819 Nisi
312 1790 422 1821 scirem
438 1790 523 1831 quali
539 1800 612 1820 cum
627 1788 731 1829 po‘e‘tzi,
749 1788 954 1828 spiritusvere

225 1842 348 1881 magni,
375 1842 525 1872 orationis
540 1841 664 1882 regulas
687 1841 854 1871 severiores
880 1850 955 1870 con-

226 1892 389 1931 culcantis,
399 1904 448 1924 res
459 1893 537 1923 mihi
549 1894 600 1930 sit,
612 1892 760 1922 dixissem
771 1892 834 1932 legi
844 1891 956 1922 debere

226 1942 399 1980 δαπτοντος·
416 1946 469 1976 sed
485 1946 517 1975 in
533 1945 588 1975 illo
604 1945 684 1974 nihil
699 1950 829 1975 mutem.
855 1951 955 1984 Λευραες

228 2001 335 2024 autem
352 2010 425 2035 γυας
443 2003 516 2026 sunt
531 1995 872 2036 aequabiles—molles3
888 2006 958 2035 quae

229 2046 345 2076 scilicet
374 2048 484 2077 aratris
505 2048 720 2087 frequentibus
747 2053 959 2083 exerceantur,

230 2098 275 2128 ita
287 2106 322 2129 ut
337 2100 438 2130 solum
450 2112 549 2141 usque
559 2101 599 2130 ad
611 2101 823 2139 pulvisculum
834 2101 961 2139 frietur;

231 2149 370 2191 adeoque
369 2152 504 2192 fertiles:
519 2151 588 2181 vide
595 2152 686 2192 Virg.
693 2162 761 2191 geo.
771 2152 791 2182 i.
801 2156 961 2183 94—100.

234 2201 264 2231 ii.
280 2207 352 2234 304.
399 2205 463 2234 His
484 2204 630 2235 contrarii
648 2209 724 2234 sunt
745 2204 812 2244 agri
834 2206 963 2243 hispidi,

234 2253 274 2284 de
289 2255 403 2295 quibus
420 2256 587 2294 Horatius,
615 2256 665 2286 od.
680 2256 714 2286 ii.
731 2260 760 2287 9.
779 2259 805 2286 1.
852 2256 963 2286 Obiter

235 2306 371 2348 denique
387 2309 584 2340 scholiastem
598 2309 800 2348 posteriorem
815 2309 963 2339 emenda-

235 2360 353 2391 bimus:
383 2365 461 2393 Evlev
487 2364 707 2412 snfioeynffoyew·
735 2375 770 2392 m
794 2375 846 2395 τῆς
863 2368 965 2395 Ain-vm

237 2416 494 2447 εκσπασθησονται.
537 2414 636 2454 Lege,
664 2417 966 2445 ΕΚΒΡΑΣΘΗΣΟΝ-

238 2469 312 2495 TAI.
360 2466 393 2495 Si
417 2466 519 2503 malis,
546 2468 802 2501 mwwrssmowrm,
830 2475 899 2495 non
919 2475 966 2496 re-

238 2523 378 2554 pugnem
385 2527 394 2552 ;
419 2515 487 2545 vide
502 2525 587 2551 mox,
604 2515 644 2544 ad
659 2525 720 2545 ver.
738 2518 809 2546 197.
832 2515 887 2545 sed
901 2515 966 2554 ipse

239 2565 452 2605 conjecturam
466 2568 602 2606 priorem
618 2572 753 2597 teneam.

285 2616 358 2648 Ver.
391 2621 461 2650 193.
485 2618 611 2659 facere:
649 2617 691 2648 V.
724 2617 772 2647 ed.
795 2617 969 2659 facte—vi

241 2669 325 2698 abest
339 2672 590 2702 n.—subz'cente.·
606 2670 648 2700 sic
658 2670 786 2709 reposui
797 2679 834 2699 ex
845 2669 968 2709 conjec-

241 2719 322 2754 turs),
338 2732 434 2761 quam
449 2733 543 2752 nemo
557 2722 716 2752 venustior
730 2728 846 2751 temere
861 2721 895 2751 in
910 2721 969 2752 du-

242 2768 331 2798 bium
346 2773 473 2803 vocabit.
507 2774 693 2811 Lambinus,
705 2779 742 2803 ut
756 2772 820 2812 ipse
835 2772 890 2811 ait,
905 2782 972 2803 uno

246 2820 318 2850 MS.
341 2822 446 2853 codice
461 2825 598 2865 adjutus,
624 2824 779 2864 rescripsit
800 2825 970 2864 subigent&

244 2883 340 2914 quem
362 2877 458 2905 secuti
482 2885 554 2908 sunt
576 2879 714 2920 plerique
736 2878 875 2909 editores.
921 2877 973 2907 Ita

246 2926 361 2967 legitur
371 2927 466 2958 etiam
475 2929 509 2960 in
523 2930 561 2961 G.
573 2930 633 2961 nisi
650 2931 889 2970 Havercampus
899 2929 970 2961 dor-

982 617 1152 655 1nitaverit3
1177 616 1262 658 quod
1276 618 1335 647 hac
1351 617 1513 647 occasione
1525 617 1553 647 ei
1565 618 1716 649 humani*

983 675 1035 699 tus
1049 668 1197 699 accidisse
1212 674 1330 708 putem.
1377 669 1499 699 Omnes
1511 669 1638 710 reliqui,
1650 676 1715 700 tam

984 730 1081 750 manu
1097 719 1225 758 exarati,
1249 730 1345 760 quam
1360 720 1544 750 vetustiores
1559 720 1714 760 impressi,

984 773 1062 803 dant
1075 774 1222 813 subjecta,
1231 773 1251 804 i.
1262 784 1287 803 e.
1304 784 1335 803 se
1347 773 1545 813 subjiciente:
1564 773 1584 804 i.
1599 785 1624 804 e.
1636 776 1719 804 subi-

985 827 1093 863 ciente,
1108 824 1158 854 vel
1172 826 1341 860 subicente;
1361 825 1448 855 unde
1456 825 1578 865 liquido
1591 835 1719 855 mecum

982 877 1146 918 juraveris,
1162 876 1311 916 glossam,
1321 887 1395 906 sane
1405 876 1597 915 aptissimam
1608 887 1625 907 e
1634 887 1718 907 mar-

987 928 1071 967 gine,
1109 937 1293 968 germanam
1329 927 1514 966 scripturam
1553 928 1717 968 expulisse.

992 979 1119 1018 Statius,
1135 979 1234 1009 Τ11ε1).
1250 979 1289 1009 iv.
1306 982 1378 1010 518.

1214 1046 1292 1071 avide
1302 1046 1391 1070 subicit
1402 1046 1531 1071 Plioebe'ia
1541 1048 1651 1072 Manto:

989 1107 1009 1137 i.
1027 1118 1052 1138 e.
1075 1109 1246 1138 ὁποζαλλει.
1295 1106 1444 1137 Similiter
1473 1107 1527 1138 Sil.
1556 1107 1597 1137 It.
1612 1107 1632 1137 i.
1652 1109 1722 1137 115.

990 1159 1055 1189 xiii.
1073 1163 1143 1191 998.
1184 1159 1235 1190 Sic
1249 1159 1366 1199 passim
1375 1159 1720 1190 rez'cz'o—deicio—obi-

990 1213 1209 1242 cio—conicio.
1255 1211 1381 1241 Servius
1405 1210 1445 1241 ad
1470 1210 1563 1250 Virg.
1588 1211 1663 1241 AEn.
1679 1209 1721 1241 ix,

991 1266 1063 1293 411.
1090 1262 1159 1292 vide
1182 1273 1240 1293 nos
1263 1263 1356 1301 infra,
1385 1263 1424 1293 ad
1448 1263 1490 1293 iii.
1515 1266 1587 1294 639.
1634 1262 1723 1293 Hinc

991 1313 1205 1344 restituendus
1223 1314 1369 1344 Avienus
1383 1315 1417 1344 in
1437 1314 1525 1345 Arat.
1548 1317 1619 1345 101.

1341 1387 1390 1411 Sed
1402 1387 1455 1418 qua
1466 1386 1606 1411 sublimior
1616 1386 1675 1412 axis

1021 1427 1146 1458 Tethyos
1156 1427 1268 1450 undosae
1280 1426 1377 1457 linquit
1386 1430 1476 1451 cetosa
1487 1426 1601 1456 fluenta,

1023 1465 1225 1496 Contemplare,
1237 1472 1322 1489 sacras
1332 1469 1364 1489 ut
1374 1466 1491 1489 mundus
1501 1465 1590 1490 subicit
1600 1466 1712 1490 Arctos:

994 1528 1013 1559 i.
1030 1539 1056 1558 e.
1078 1530 1178 1567 erigit.
1224 1528 1343 1568 Vulgo,
1369 1530 1461 1559 subiit
1468 1543 1478 1564 ,-
1506 1534 1537 1558 et
1548 1528 1616 1568 jam
1637 1528 1728 1559 video

998 1579 1148 1610 Grotium
1160 1578 1293 1609 voluisse
1307 1579 1438 1619 suly'icit.

998 1631 1050 1661 De
1065 1641 1152 1660 more
1167 1636 1273 1660 autem
1288 1631 1489 1667 Lucretiano,
1512 1631 1566 1671 qui
1591 1641 1648 1671 pro
1671 1630 1729 1662 sua

998 1689 1086 1723 parte
1101 1682 1282 1712 varietatem
1296 1682 1437 1712 lectionis
1461 1683 1495 1712 in
1517 1684 1576 1713 hoc
1591 1683 1660 1713 loco
1675 1694 1729 1723 pe-

997 1735 1112 1775 perisse
1131 1735 1238 1774 possit,
1255 1735 1445 1775 syllabarum
1459 1745 1572 1774 nempe
1586 1725 1730 1765 brevium

998 1785 1134 1816 duarum
1149 1785 1182 1815 in
1198 1796 1295 1816 unam
1310 1786 1399 1827 quasi
1416 1786 1557 1826 longam,
1574 1786 1732 1818 celerioris

998 1848 1057 1878 ope
1071 1838 1306 1877 pronunciatus,
1330 1838 1416 1877 prius
1431 1837 1675 1877 disputavimus;
1697 1844 1730 1868 et

1000 1888 1151 1929 exempla,
1169 1889 1284 1930 quibus
1297 1889 1423 1929 paginae
1438 1894 1562 1919 tantum
1581 1899 1644 1919 non
1660 1899 1730 1919 om-

1001 1951 1058 1971 nes
1073 1946 1202 1978 scatent,
1217 1939 1414 1980 diligentiam
1429 1939 1633 1970 solicitiorem
1642 1939 1734 1970 nobis

1002 1992 1092 2022 facile
1121 1992 1323 2022 excusabunt.
1370 1991 1505 2020 Statium
1531 1996 1638 2021 tamen
1666 2000 1731 2021 nou

1003 2043 1122 2084 pigebit
1136 2043 1318 2078 admovisse,
1335 2042 1434 2072 Theb.
1450 2042 1489 2072 iv.
1499 2045 1571 2073 697.

1066 2123 1181 2148 Dixerat
1190 2131 1196 2147 z
1215 2127 1255 2148 ast
1266 2123 1315 2147 illis
1327 2123 1426 2147 tenuior
1435 2129 1591 2154 percurrere
1599 2122 1670 2147 visus

1068 2164 1121 2187 Ora
1131 2163 1206 2187 situs.

1011 2226 1189 2257 Gronovius
1219 2225 1260 2256 ad
1289 2225 1395 2256 locum
1423 2225 1514 2265 plura
1543 2227 1729 2266 suppeditat.

1006 2277 1090 2307 Vide
1105 2287 1178 2306 mox
1204 2276 1278 2307 Cari
1293 2287 1355 2307 ver.
1372 2280 1444 2308 908.
1490 2277 1606 2307 Tutius
1628 2284 1735 2309 tamen

1007 2327 1105 2358 habui
1120 2327 1286 2358 rescribere
1300 2329 1452 2358 subicente
1474 2328 1613 2366 tandem,
1639 2339 1734 2369 quam

1010 2379 1050 2410 ad
1065 2379 1163 2409 ullam
1178 2379 1348 2417 licentiam,
1364 2380 1565 2419 quantumvis
1579 2380 1734 2417 usitatam,

1011 2431 1190 2471 confugere,
1208 2445 1241 2462 ero
1256 2433 1423 2462 subiciente
1437 2432 1593 2470 ponendo.
1627 2455 1631 2459 .

1012 2483 1148 2519 Interea,
1174 2492 1240 2513 non
1263 2482 1401 2523 ignobile
1415 2481 1573 2522 specimen
1589 2481 1736 2522 deprava-

1010 2535 1106 2566 tionis
1121 2546 1158 2565 eo
1173 2546 1298 2576 genere,
1324 2545 1386 2575 quo
1401 2545 1502 2574 nuper
1525 2534 1602 2573 dixi,
1626 2535 1737 2575 glossae

1011 2588 1139 2627 scilicet,
1151 2589 1200 2619 vel
1209 2588 1351 2619 vocabuli
1362 2588 1519 2629 pervagati
1531 2587 1640 2628 magis,
1653 2587 1738 2628 (vide

1012 2650 1117 2679 supra,
1139 2639 1179 2670 ad
1194 2650 1254 2671 ver.
1272 2640 1359 2679 155.)
1382 2640 1415 2669 in
1437 2639 1544 2669 locum
1559 2638 1736 2678 exquisitio-

1014 2692 1056 2722 ris
1070 2702 1107 2722 ac
1121 2692 1255 2731 rarioris,
1271 2692 1405 2729 suffecti,
1426 2701 1465 2721 ex
1488 2691 1642 2720 Athenaeo
1666 2700 1738 2729 pro·

1015 2743 1096 2773 ferre
1110 2743 1212 2781 liceat,
1239 2743 1403 2782 Amipsian
1418 2742 1531 2771 citante
1556 2740 1596 2770 ad
1620 2740 1660 2770 vi.
1688 2744 1738 2772 20.

1015 2795 1060 2825 sic
1075 2794 1208 2825 librariis
1223 2800 1254 2824 et
1268 2792 1433 2834 typothetis
1448 2791 1531 2821 male
1545 2797 1719 2823 exaratum:

1054 2880 1126 2907 Kissa
1149 2889 1185 2906 nt
1208 2889 1245 2907 τις
1262 2889 1307 2903 των
1329 2882 1445 2908 fraenum,
1467 2886 1511 2910 μοι
1533 2887 1572 2903 τον
1591 2877 1736 2912 Ἥφαιστον.

1170 2930 1315 2960 noroy-0105·
