1894 3253
504 223 737 272 LIBER
788 220 1201 272 SECUNDUS.

1519 227 1577 266 ἓ

1585 226 1610 269 „1

251 355 312 397 Ut
332 368 463 412 neque
484 356 593 407 finis,
626 357 709 398 utei
730 356 869 406 docui,
901 370 1034 411 neque
1054 368 1215 395 summa
1234 352 1286 393 sit
1304 350 1404 402 ulla;

137 434 218 471 340
249 429 418 472 Debent
438 432 634 472 nimirum
655 446 741 472 non
767 429 958 471 omnibus
979 429 1119 469 omnia
1138 441 1329 483 prorsum

254 504 355 546 Esse
375 506 467 560 pari
489 505 575 556 filo,
608 505 809 560 similique
830 502 989 544 adfecta
1009 501 1156 558 figura.

314 579 538 628 Praeterea,
570 593 700 635 genus
721 578 965 626 humanum,
998 584 1206 630 mutaeque
1227 582 1413 616 natantes

256 652 573 709 Squamigerfim
593 652 786 707 pecudes,
819 662 860 692 et
879 650 973 691 laeta
993 658 1195 699 armenta,
1226 648 1420 704 feraeque,

254 726 311 768 Et
331 727 455 766 variae
475 725 676 775 volucres,
708 725 890 766 laetantia
910 738 1005 780 quae
1024 723 1115 765 loca
1135 738 1337 779 aquarum

132 806 212 844 345
246 799 564 850 concelebrant,
597 800 754 841 circum
775 800 885 854 ripas
906 798 1128 854 funtisque‚
1160 796 1380 852 lacfisque;

262 875 333 925 Et,
365 889 459 930 quae
478 874 721 932 pervolgant
741 889 913 915 nemora
933 874 1023 915 avia
1042 872 1346 929 pervolitantes:

105 1031 359 1064 Londinensium
380 1041 419 1061 ex
445 1031 625 1072 conjectura
649 1030 840 1069 emendatio,
878 1032 998 1070 phocis,
1022 1028 1153 1069 pelagus
1168 1027 1387 1065 incolentibus,
1414 1027 1496 1066 prior
1513 1028 1611 1058 Pacu-

105 1095 177 1125 quae
191 1084 252 1115 loci
267 1083 443 1114 rationibus
461 1083 593 1113 omnino
608 1083 781 1113 necessaria
796 1083 841 1112 vi-

105 1136 209 1173 detur,
233 1145 335 1175 neque
350 1134 465 1173 injuria
479 1144 575 1164 omne
597 1140 751 1173 punctum
766 1134 839 1164 doc-

106 1193 215 1218 torum
245 1187 328 1217 tulit.
373 1186 508 1216 Codices
541 1186 639 1217 MSS.
668 1192 776 1216 autem
805 1186 844 1216 ad

106 1248 223 1276 unum,
239 1243 270 1268 et
285 1237 477 1278 antiquiores
492 1238 646 1276 impressi,
664 1238 776 1278 legunt
787 1249 839 1268 ar-

104 1290 203 1320 busta.
247 1289 353 1319 Erunt
367 1288 507 1326 fortasse,
535 1289 590 1328 qui
604 1289 760 1327 putabunt
774 1299 840 1318 ver—

111 1350 165 1370 sus
180 1339 419 1378 Empedoclem,
437 1339 594 1370 Clementi
612 1339 841 1378 Alexandrino,

108 1391 152 1423 D.
169 1391 307 1429 La'e'rtio,
331 1396 362 1421 et
380 1392 535 1421 Athenaeo
546 1392 663 1426 citatos,
688 1392 842 1423 librorum

107 1442 235 1473 lectioni
257 1442 404 1473 nonnihil
426 1443 539 1473 favoris
561 1444 745 1482 conciliare;
769 1455 842 1485 ego.

111 1500 177 1524 met
187 1504 260 1525 vero
271 1494 434 1535 aegerrime
445 1496 669 1526 consenserim.
707 1497 844 1535 Interea,

108 1546 278 1584 distichon,
301 1546 341 1576 de
352 1556 415 1586 quo
437 1546 560 1587 loquor,
584 1547 628 1577 sic
644 1548 844 1579 scribendum

107 1604 153 1628 est
170 1603 258 1628 extra
272 1607 402 1628 omnem
418 1597 661 1630 dubitationem:

153 1692 209 1721 Ηδη
222 1702 274 1726 γαρ
287 1691 342 1718 ποτ’
355 1702 403 1724 εγω
416 1703 519 1727 ’γενομπν
531 1704 605 1728 κυρος
617 1704 652 1725 τε,
673 1705 734 1730 κορη
745 1705 780 1726 τε,

132 1741 135 1743 “
150 1741 303 1767 ΘΑΜΝΟΣ
318 1740 351 1771 τ’,
363 1751 439 1770 monog
451 1751 486 1773 τε,
501 1753 548 1768 και
561 1745 583 1774 εξ
595 1744 658 1772 ἀλος
678 1744 846 1771 ΕΛΛΟΠΟΣ

249 1787 327 1822 ιχθυς.

112 1857 317 1888 Casaubonus
350 1859 488 1899 quidem,
519 1859 559 1890 ad
584 1859 679 1891 finem
705 1861 756 1892 lib.
783 1863 845 1894 viii.

112 1910 269 1947 Athenaei,
293 1909 332 1940 de
358 1911 416 1940 hac
430 1911 588 1950 varietate,
613 1919 649 1942 ut
663 1913 703 1943 de
718 1915 848 1954 rejiculo

110 1971 244 2000 prorsus,
270 1963 507 2001 pronunciavit3
545 1963 599 1993 sed
622 1963 726 1994 virum
752 1965 848 2007 longe

109 2017 358 2048 eruditissimum
373 2020 506 2049 humani
529 2020 649 2061 aliquid
664 2021 698 2051 in
717 2022 776 2051 hoc
788 2021 841 2061 ju·

109 2068 193 2098 dicio
207 2080 335 2108 passum
359 2081 422 2101 esse
446 2072 524 2101 mihi
551 2073 740 2111 persuadent
772 2073 843 2104 Cle-

113 2121 227 2150 mentis
250 2122 394 2161 exempla
418 2129 450 2153 et
475 2124 734 2165 Etymologicum
755 2136 846 2167 mag-

115 2182 193 2202 num
208 2173 241 2203 in
259 2184 333 2204 voce
351 2178 491 2215 Μωλωψ·
508 2186 586 2216 quos
601 2177 701 2208 adeas.
748 2183 846 2209 Ελλο-

118 2234 168 2257 τις
186 2233 312 2263 nempe,
335 2236 399 2256 non
415 2227 522 2257 minus
536 2239 632 2268 quam
649 2232 763 2268 ελλοψ,
780 2240 847 2260 ma-

115 2273 205 2312 gistri
235 2275 412 2306 Graecitatis
436 2280 637 2318 usurpabant.
695 2281 848 2311 Conferas

115 2323 271 2355 scholiast.
294 2326 410 2358 Theoc.
435 2329 455 2359 i.
478 2331 743 2370 42.-—Caeterum‚
767 2335 848 2363 hanc

119 2375 256 2405 Lucretii
292 2383 399 2407 contra
432 2382 629 2411 membranas
665 2384 850 2423 scripturam

120 2427 246 2466 egregie
262 2426 365 2457 firmat
380 2428 457 2467 ipse,
481 2431 520 2460 ad
535 2441 561 2461 V.
577 2436 650 2464 229.

150 2501 186 2526 At
201 2501 281 2526 variae
295 2507 418 2528 crescunt
432 2505 550 2536 pecudes,
566 2512 691 2537 armenta,
702 2510 837 2541 fertque.-

121 2574 153 2598 et
169 2570 284 2608 pariter
308 2571 392 2601 haud
412 2572 518 2601 minus
534 2573 624 2610 infra,
649 2575 688 2604 nd
704 2575 741 2606 iv.
761 2580 850 2608 1190.

123 2630 196 2650 cum
214 2621 359 2659 Marone,
385 2623 460 2652 AEu.
479 2623 520 2653 iii.
538 2628 609 2654 220.

156 2708 225 2730 Laeta
237 2707 319 2731 boum
331 2709 427 2739 passim
439 2710 540 2741 campis
550 2715 665 2736 armenta
678 2713 810 2745 videmus,

154 2747 373 2779 Caprigenumque
382 2752 467 2780 pecus.

128 2810 286 2842 Bentleius
301 2813 395 2843 etiam
419 2816 553 2856 margini
579 2817 762 2857 exemplaris
784 2819 853 2859 ejus

127 2859 271 2892 alleverat
284 2872 435 2897 armenta.

140 2938 143 2940 .
171 2910 250 2943 Ibid.
284 2916 513 2957 Squangerz‘lm
540 2923 680 2958 pecudem
742 2921 792 2950 Sic
814 2921 852 2952 de

883 1081 961 1117 vius,
985 1080 1070 1120 apud
1087 1080 1196 1116 Quint.
1212 1079 1296 1110 instt.
1313 1080 1388 1109 rhet.
1405 1078 1425 1109 i.
1441 1082 1471 1110 5.

1421 1151 1498 1176 Nerei

918 1190 1167 1222 Repandirostrum,
1182 1190 1437 1220 incurvicervicum,
1450 1194 1535 1222 pecus.

886 1246 969 1276 Vide
984 1256 1035 1276 me
1049 1246 1098 1276 ad.
1113 1247 1133 1277 i.
1153 1250 1222 1277 165.
1240 1246 1280 1276 ad
1294 1246 1384 1286 Virg.
1401 1256 1468 1286 geo.
1484 1247 1526 1277 iii.
1544 1251 1617 1278 243.

886 1308 985 1338 nuper
991 1310 1001 1335 ;
1025 1304 1056 1328 et
1071 1308 1145 1330 mox
1159 1298 1200 1329 ad
1215 1298 1256 1328 iii.
1275 1301 1346 1329 742.

930 1351 1003 1381 Ver.
1014 1354 1086 1381 544.
1102 1361 1170 1390 quae
1181 1351 1264 1380 loca:
1293 1354 1328 1380 Δ.
1343 1361 1400 1390 que
1412 1357 1440 1381 et
1451 1352 1527 1382 loca.

931 1402 1014 1433 Ibid.
1027 1405 1123 1433 variae
1132 1403 1274 1433 volucres.
1301 1401 1508 1441 Claudianus,
1525 1403 1612 1443 epist.

888 1465 920 1484 u.
932 1467 962 1485 o.

1115 1519 1193 1549 ferae,
1206 1519 1397 1551 picturataeque
1408 1520 1537 1545 volucres.

890 1579 1122 1618 Ampliavimus
1136 1589 1241 1618 supra,
1264 1578 1304 1608 ad
1318 1588 1378 1608 ver.
1396 1582 1466 1609 144.

931 1630 1013 1661 Ibid.
1035 1633 1175 1662 laetantia
1205 1633 1269 1661 loca
1300 1642 1470 1671 aquarum:
1511 1637 1546 1662 ut
1575 1631 1614 1663 de

892 1682 971 1713 lacte
986 1684 1119 1713 uberum
1134 1682 1301 1723 Virgilius,
1324 1693 1390 1723 geo.
1407 1683 1448 1714 iii.
1463 1687 1537 1715 510.

922 1751 993 1773 zeta
1004 1749 1089 1781 magis
1099 1749 1191 1781 pressis
1202 1749 1351 1773 manabunt
1354 1749 1468 1780 flumina
1479 1752 1617 1776 mammis.

910 1825 914 1829 ‹
933 1805 1006 1836 Ver.
1021 1809 1093 1838 545.
1116 1809 1231 1837 circum
1246 1809 1347 1847 ripas:
1374 1807 1415 1838 V.
1438 1807 1485 1838 ed.
1502 1809 1539 1838 B.
1555 1812 1617 1839 cir-

890 1868 957 1888 cum
985 1860 1084 1897 ipsas;
1114 1858 1152 1888 P.
1177 1859 1255 1897 ipsos
1279 1860 1410 1895 cz'rcum;
1434 1869 1506 1899 quae
1527 1860 1618 1890 nihili

891 1914 975 1947 sunt,
1000 1915 1030 1939 et
1044 1908 1244 1949 negligenda.

935 1961 1015 1991 Ibid.
1041 1963 1265 1993 concelebrant.
1311 1961 1400 1992 Hinc
1425 1962 1618 1993 Claudianus

892 2013 932 2044 de
947 2013 1113 2054 Nymphis,
1136 2019 1213 2053 rapt.
1228 2014 1315 2044 Pros.
1331 2013 1361 2044 ii.
1378 2017 1428 2045 59.

921 2084 989 2115 Quae
1001 2082 1101 2113 fontes,
1118 2083 1230 2113 Crinise‚
1246 2086 1318 2113 tuos,
1334 2087 1362 2108 et
1373 2090 1439 2108 saxa
1449 2088 1585 2110 rotantem

921 2124 1087 2155 Pantagiam,
1104 2130 1258 2155 nomenque
1266 2124 1352 2149 Gelan
1365 2125 1410 2156 qui
1421 2126 1538 2156 praebuit
1550 2127 1618 2156 urbi,

921 2163 1103 2188 Concelebrant.

893 2223 1023 2254 Addam
1041 2223 1213 2262 Avienum,
1236 2234 1280 2254 or.
1296 2223 1397 2253 marit.
1412 2226 1484 2253 448.

920 2292 1011 2320 Porro,
1027 2293 1091 2315 ante
1102 2294 1130 2314 et
1141 2291 1219 2314 urbes
1231 2289 1290 2314 heic
1301 2292 1399 2314 stetere
1410 2289 1546 2321 plurimae,

922 2331 1068 2362 populique
1079 2330 1161 2354 multi
1170 2329 1372 2354 concelebrarmzt
1383 2330 1454 2354 locos.

894 2389 1066 2427 Caeterum,
1100 2389 1189 2419 aliter
1218 2395 1310 2429 atque
1339 2389 1457 2428 priores
1487 2390 1619 2421 editores

892 2440 1092 2470 scribendum
1102 2440 1287 2478 existimavi,
1304 2440 1482 2479 lectoribus,
1498 2443 1618 2481 opinor,

892 2492 1056 2531 plausuris.
1101 2493 1222 2533 Vulgo:

1057 2559 1159 2584 circum
1171 2560 1249 2591 ripas,
1257 2560 1423 2592 faustisque,
1439 2560 1572 2591 lacusque.

938 2616 1014 2647 Ver.
1029 2620 1103 2647 546.
1128 2628 1213 2657 quoe:
1240 2618 1280 2647 V.
1297 2617 1344 2647 ed.
1368 2629 1446 2657 qum
1472 2627 1536 2647 non
1550 2628 1618 2649 om-

895 2667 972 2697 nino
986 2669 1078 2699 male.

939 2719 1013 2749 Ver.
1029 2723 1102 2750 547.
1130 2722 1282 2754 Quorum:
1311 2720 1350 2750 G.
1363 2720 1463 2751 Vind.
1482 2722 1620 2759 Horum:-

895 2774 926 2798 et
951 2770 1009 2799 hoc
1033 2770 1149 2808 placuit
1176 2770 1358 2800 editoribus:
1392 2771 1549 2803 immerito
1577 2780 1623 2803 ta-

896 2830 981 2855 men,
1004 2830 1061 2849 nec
1087 2820 1208 2850 idoneis
1235 2821 1274 2851 de
1296 2822 1426 2860 caussis3
1449 2834 1560 2863 quum,
1584 2827 1623 2855 ob

895 2869 1075 2900 distantiam
1091 2871 1259 2908 αποδοσεως,
1276 2872 1369 2914 longe
1380 2875 1560 2915 exquisitim·
1572 2877 1620 2910 sit,

896 2928 987 2961 atque
1003 2923 1166 2953 doctorum
1189 2925 1352 2964 po‘e'tarum
1378 2927 1517 2957 moribus
1539 2928 1620 2956 mul-
