1894 3253
651 264 887 313 LIBER
930 264 1242 315 PRIMUS.

1614 274 1698 314 161

346 397 579 438 Labrorum
601 405 738 447 tenus;
773 398 928 438 interea
947 405 1137 452 perpotet
1156 412 1343 440 amarum

229 475 313 512 940
345 471 557 512 Absinthii
578 471 754 520 laticem,
778 471 1030 525 deceptaque
1050 486 1135 512 non
1156 473 1357 527 capiatur,

349 545 431 587 Sed
451 546 604 599 potius,
627 545 695 586 tali
717 545 825 585 facto
845 553 1042 594 recreata,
1064 546 1254 587 valescat:

351 620 419 661 Sic
441 634 518 675 ego
540 633 667 668 nunc,
690 619 885 673 quoniam
908 617 999 660 haec
1020 619 1125 661 ratio
1144 620 1385 676 plerumque
1405 621 1565 664 videtur

347 692 527 733 Tristior
549 707 649 742 esse,
672 691 821 747 quibus
841 706 927 732 non
948 699 1008 732 est
1027 700 1215 745 tractata,
1238 704 1430 752 retroque

197 851 216 880 i.
233 861 258 880 e.
282 852 381 881 z'nle'tae
396 851 499 880 melle:
525 849 631 890 vulgo,
658 851 743 885 sitae;
769 849 854 890 quod
881 850 930 880 ni-

197 903 317 932 mirum
333 902 384 931 vix
400 901 560 931 tolerabile
576 901 707 932 videtur.

197 953 309 990 Porro,
325 963 381 992 pro
400 955 600 991 Contingunt,
627 952 711 991 apud
739 952 884 987 Fabium,
911 953 931 982 l.

196 1014 222 1036 c.
246 1005 398 1034 habemus
423 1005 586 1042 Aspirant,
610 1003 759 1033 mendose
792 1013 849 1042 pro
873 1005 932 1034 As·

190 1063 339 1096 pergunt,
364 1062 400 1085 ut
428 1057 523 1094 probe
548 1055 670 1095 judicat
695 1055 879 1091 Lambinus,
903 1062 933 1085 et

197 1106 486 1146 interpretationem
525 1106 620 1136 fuisse
668 1118 706 1136 ers·
747 1108 934 1145 Contingunt

201 1158 237 1199 (i.
254 1168 280 1188 e.
303 1158 530 1199 continguunt)
555 1157 665 1187 itidem
695 1159 790 1196 probe
822 1164 935 1187 censet.

199 1208 366 1239 Philoxeni
379 1209 583 1250 glossarium:
605 1212 627 1226 ‘⁶
641 1209 789 1247 Aspergo,
807 1220 934 1238 serm-aer-

353 1267 383 1290 et
408 1266 427 1278 ‘⁴
446 1262 606 1299 sztingo,
632 1259 768 1290 ‘natumst'
810 1260 928 1297 Scribe,

201 1314 380 1351 Continguo.
421 1311 482 1341 Sed
498 1312 556 1340 hoc
572 1310 605 1340 in
623 1310 718 1340 dubio
731 1316 787 1348 est,
804 1316 835 1340 et
850 1311 930 1340 nihil

197 1363 390 1394 confidenter
429 1363 577 1393 dixerim:
627 1364 807 1392 committas
845 1363 931 1392 enim

198 1415 298 1445 Hom.
324 1415 362 1445 Il.
381 1421 402 1445 1.
419 1418 491 1444 214.
515 1424 589 1444 cum
605 1413 781 1445 imitatione
799 1414 933 1454 Virgili-

197 1466 270 1503 ana,
283 1477 351 1507 geo.
368 1466 410 1497 iii.
429 1470 499 1497 405.

241 1519 315 1549 Ver.
333 1522 403 1550 938.
426 1524 503 1549 oetas
528 1520 708 1558 inprovida:
736 1517 755 1547 i.
779 1527 805 1547 e.
828 1517 939 1558 ignara

199 1576 293 1610 atque
309 1571 456 1607 incauta3
481 1581 552 1610 quae
579 1580 643 1599 non
670 1569 754 1608 potis
777 1576 822 1599 est
836 1570 937 1608 provi-

197 1623 283 1660 dere,
308 1629 338 1652 et
359 1625 571 1662 prospiciendo
600 1622 658 1652 sibi
683 1632 792 1652 cavere
815 1628 844 1651 et
860 1632 934 1651 con-

198 1674 310 1712 sulere,
340 1685 440 1715 quum
470 1674 559 1704 nulla
594 1684 703 1704 rerum
745 1674 936 1713 experientia

197 1725 370 1766 contigerit.
418 1726 490 1756 Hac
509 1732 617 1756 autem
637 1724 848 1764 providentia,
865 1736 936 1765 quae

200 1786 241 1806 ex
254 1776 420 1815 praeteritis
443 1776 551 1806 futura
574 1777 704 1817 colligit,
732 1777 811 1807 nihil
835 1777 937 1816 magis

202 1829 346 1858 homines
369 1839 387 1857 a
410 1828 516 1858 bestiis
535 1829 715 1868 distinguit;
738 1828 824 1858 unde
853 1829 935 1858 Oro-

203 1880 268 1909 sius
283 1878 370 1908 haud
384 1878 504 1913 inscite,
523 1878 592 1908 hist.
609 1878 628 1908 i.
650 1881 742 1908 l.—“
759 1879 849 1918 quasi
864 1889 937 1909 vero

198 1263 221 1278 ιι
238 1273 277 1290 σω
289 1260 321 1290 :¹⁸

204 1935 227 1950 “
243 1932 281 1962 ea.
295 1938 388 1962 tenus
402 1934 573 1962 humanum
595 1943 692 1970 genus
708 1931 770 1961 ritu
781 1935 935 1971 pecudum

205 1987 227 2002 “
244 1983 369 2021 vixerit,
393 1989 423 2013 et
438 1989 514 2013 tunc
530 1983 680 2022 primum,
704 1983 801 2013 veluti
824 1983 864 2013 ad
880 1995 936 2014 no-

204 2038 225 2052 “
241 2045 313 2064 vam
338 2037 563 2074 providentiam
591 2044 779 2064 concussum
805 2035 934 2065 suscita-

205 2090 227 2105 “
244 2092 385 2127 tumque,
407 2086 593 2126 evigilarit,”
640 2087 721 2122 Quae
736 2093 811 2117 sunt
825 2087 935 2117 admo-

203 2137 283 2167 dum
298 2143 442 2167 venusta:
470 2147 572 2177 neque
592 2137 632 2167 ad
647 2137 753 2168 locum
768 2138 936 2169 immemor

204 2196 249 2219 est
266 2189 405 2220 Lucretii
421 2189 470 2219 sui
488 2189 736 2229 HavercampuS.

246 2244 320 2274 Ver.
339 2248 409 2275 959.
427 2246 598 2275 Labrurzcm
610 2259 619 2275 .·
639 2246 675 2276 L.
694 2247 741 2276 M.
759 2248 934 2278 Labormn:

205 2295 293 2334 quasi
308 2305 364 2334 pro
379 2297 542 2335 labiorum,
558 2297 661 2338 inquit
680 2299 933 2339 Havercampus:

206 2345 273 2374 imo
295 2346 398 2384 potius
412 2346 556 2383 dixerim,
584 2348 704 2386 derasa,
729 2350 777 2379 vel
803 2361 867 2381 non
883 2353 937 2381 ob-

207 2398 329 2427 servata
350 2398 563 2436 collatoribus,
585 2402 757 2433 minutiore
778 2404 853 2434 nota
866 2404 935 2434 lite-

207 2457 275 2477 ram
292 2460 308 2478 r
323 2449 356 2478 in
372 2451 564 2480 membranis
581 2451 745 2491 aliquoties
760 2453 925 2486 indicante.

250 2500 324 2530 Ver.
342 2504 413 2531 940.
436 2504 598 2540 capiatur.-
624 2503 722 2534 Vind.
741 2504 781 2534 O.
798 2510 833 2535 Σ.
851 2509 936 2546 capi-

205 2561 319 2585 antur:
337 2560 374 2583 ut
390 2560 431 2584 Π.
446 2554 479 2584 in
495 2563 644 2595 sequente
659 2567 759 2593 versu,
775 2561 936 2591 valescunt.

252 2605 331 2635 Ibid.
355 2608 477 2645 decepta
496 2618 554 2637 non
571 2610 732 2646 capiatur:
758 2609 777 2639 i.
794 2621 821 2640 e.
838 2611 940 2642 mellis

207 2663 304 2697 gustu
319 2656 434 2695 praevio
447 2657 587 2696 decepta,
599 2669 661 2688 non
678 2660 819 2699 capiatur
830 2665 938 2699 morbo,

207 2713 300 2749 atque
312 2708 503 2747 devincatur,
515 2710 569 2739 sed
583 2710 622 2740 ad
632 2711 765 2741 salutem
776 2723 938 2753 recupere-

206 2766 267 2791 tur.
292 2761 429 2791 Lucretii
443 2767 596 2800 mentem,
613 2773 685 2792 cum
702 2764 844 2802 pluribus
859 2766 937 2805 aliis,

205 2814 356 2845 'Donatus
385 2816 571 2856 neutiquam
601 2817 714 2854 tenuit,
745 2817 785 2847 ad
812 2818 937 2850 Terent.

209 2865 293 2895 Eun.
309 2866 352 2896 iii.
368 2869 397 2897 5.
416 2871 443 2898 9.
490 2867 561 2897 Has
576 2874 682 2897 autem
702 2869 938 2907 proximitatum

210 2915 335 2948 delicias
349 2918 382 2949 in
397 2920 539 2960 cognatis
552 2919 742 2951 dictionibus
761 2921 855 2952 nimis
879 2933 936 2962 pu-

975 851 1092 883 eriliter
1113 853 1204 892 po'e'ta
1226 861 1331 886 noster
1353 856 1463 886 sectari
1480 856 1708 896 nobismetipsis

976 904 1098 944 saltem,
1132 906 1319 938 Adrasteam
1343 914 1450 938 tamen
1476 909 1707 947 venerantibus,

976 956 1112 995 videtum
1137 958 1180 995 id,
1206 959 1290 999 quod
1313 971 1406 999 supra
1430 971 1557 990 monere
1579 971 1642 990 non
1660 970 1708 990 re-

977 1008 1223 1047 formidavimus,
1240 1011 1376 1042 veritatis
1385 1013 1478 1042 unice
1495 1012 1637 1049 studiosi,
1653 1021 1710 1041 ne-

977 1070 1038 1100 que
1066 1060 1107 1090 ad
1137 1071 1256 1091 errores
1285 1062 1333 1092 vel
1365 1062 1462 1101 ipsius
1491 1063 1641 1098 Lucretii,
1672 1072 1710 1092 ex

979 1122 1088 1142 amore
1102 1113 1202 1143 nimio
1217 1115 1351 1154 suscepti
1375 1116 1489 1155 operiS,
1516 1115 1610 1146 stulte
1635 1114 1709 1146 cali·

979 1170 1096 1202 gantes.

1025 1215 1097 1245 Ver.
1115 1221 1185 1247 941.
1208 1218 1370 1258 talifioeto.
1396 1219 1529 1249 Ovidius
1540 1230 1578 1249 ex
1596 1220 1710 1255 Ponto,

979 1265 1022 1296 iii.
1041 1270 1068 1296 Ω.
1089 1271 1158 1298 102.

1040 1335 1110 1358 Cum
1122 1338 1235 1368 tangant
1247 1337 1318 1362 diros
1329 1337 1475 1369 taliafacta
1489 1339 1583 1363 Getas.

980 1393 1125 1423 Facessat
1150 1401 1258 1425 autem
1283 1396 1356 1425 hinc
1373 1395 1482 1426 saltem
1497 1397 1599 1426 bonus
1614 1396 1711 1426 Lam-

980 1446 1073 1477 binus
1088 1458 1162 1477 cum
1177 1459 1234 1478 suo
1249 1455 1346 1487 tactu,
1362 1449 1395 1479 in
1411 1456 1594 1479 contextum
1603 1460 1709 1488 recep-

982 1505 1026 1536 to,
1042 1510 1096 1538 per
1112 1511 1181 1530 eam
1191 1502 1397 1532 temeritatem
1410 1501 1628 1541 interpolandi,
1642 1513 1711 1542 quae

983 1550 1040 1580 sibi
1056 1551 1145 1590 plura
1162 1553 1194 1582 in
1212 1553 1408 1591 Lucretium,
1435 1563 1530 1594 quam
1554 1553 1587 1582 in
1612 1553 1711 1583 alium

983 1602 1124 1641 quemvis
1139 1603 1329 1642 scriptorem,
1346 1604 1555 1643 permittenda
1569 1603 1711 1640 censuit;

980 1651 1065 1681 unde
1081 1653 1294 1683 nobilissimus
1308 1655 1400 1692 po‘e‘ta
1414 1660 1539 1684 tantum
1554 1664 1618 1683 non
1631 1653 1712 1683 De'i-

980 1705 1101 1743 phobus
1116 1705 1194 1735 alter
1210 1706 1298 1735 nobis
1313 1706 1447 1746 denique
1463 1706 1595 1736 evaserit
1601 1717 1610 1742 ;

1330 1773 1400 1798 lacer
1412 1774 1557 1799 crudeliter
1567 1781 1623 1803 ora,

1012 1813 1074 1843 Ora,
1092 1820 1242 1844 manusque
1258 1813 1366 1843 ambas;
1385 1814 1567 1846 populataque
1586 1818 1711 1847 tempora

1104 1854 1185 1884 raptis

1011 1892 1137 1922 Auribus,
1148 1896 1176 1917 et
1188 1896 1296 1917 truncas
1306 1893 1449 1918 inhonesto
1461 1894 1570 1920 volnere
1581 1896 1660 1919 naris.

1024 1951 1099 1982 Ver.
1117 1955 1185 1984 945.
1208 1959 1365 1993 retroque:
1390 1954 1428 1984 P,
1444 1954 1485 1984 V.
1499 1954 1548 1984 ed.
1569 1955 1608 1985 Ο.
1627 1958 1709 1987 ideo·

981 2016 1056 2044 que:
1075 2005 1279 2044 displicebant
1294 2007 1458 2045 nimirum,
1474 2007 1528 2037 sed
1539 2008 1710 2048 immerito,

980 2058 1103 2087 sociatae
1117 2068 1207 2088 voces
1221 2066 1301 2089 retro
1317 2061 1466 2098 abhorret,
1491 2071 1569 2101 quas
1584 2061 1711 2102 elegan-

979 2115 1026 2139 ter
1042 2109 1182 2140 defendit
1197 2111 1373 2142 Lambinus
1388 2122 1426 2142 ex
1443 2112 1569 2153 Virgilii
1587 2114 1662 2144 *Em
1677 2114 1709 2145 ii.

979 2163 1051 2192 578.

1013 2230 1169 2262 Obstupuit,
1180 2234 1300 2261 retroque
1310 2232 1408 2262 pedem
1421 2237 1484 2255 cum
1496 2238 1564 2256 voce
1575 2230 1689 2263 reprem‘t
1700 2240 1709 2255 .-

983 2293 1075 2329 atque
1090 2299 1128 2319 ex
1145 2288 1199 2319 illa
1215 2288 1319 2328 phrasi
1336 2286 1509 2325 Homerefi,
1523 2287 1561 2318 Il.
1579 2294 1608 2318 Γ.
1623 2291 1675 2319 55.

1060 2363 1110 2394 Aa}
1123 2361 1144 2388 τ’
1157 2371 1306 2397 ανεχωρκσεν
1317 2370 1326 2386 .-

981 2423 1031 2453 cui
1047 2422 1220 2463 gemellum
1236 2429 1282 2453 est
1297 2422 1378 2453 illud
1393 2422 1487 2453 etiam
1503 2421 1575 2452 ibid.
1590 2429 1625 2452 A.
1643 2426 1692 2454 60.

1060 2496 1111 2528 Αψ
1123 2506 1353 2525 marcomani—.-

981 2572 1076 2602 quem
1091 2562 1308 2600 pleonasmum
1325 2563 1367 2593 sic
1378 2562 1489 2593 Florus
1503 2562 1643 2593 imitatus
1652 2569 1711 2602 est,

981 2613 1004 2643 i.
1021 2618 1052 2644 5.
1069 2613 1189 2644 fin.—“
1202 2625 1326 2653 prorsus
1341 2620 1375 2644 ut
1390 2615 1623 2655 consanguinea
1638 2616 1712 2646 civi.

984 2669 1006 2683 “
1024 2671 1070 2695 tas
1093 2676 1157 2695 non
1180 2665 1317 2704 periisse,
1348 2665 1401 2695 sed
1424 2665 1457 2694 in
1479 2676 1574 2695 suum
1599 2676 1711 2706 corpus

984 2719 1006 2734 “
1021 2718 1147 2746 rediisse
1170 2727 1288 2753 rursus,
1314 2716 1508 2746 videretur:”
1532 2717 1586 2747 ubi
1601 2717 1711 2748 eadem

985 2769 1024 2798 de
1039 2769 1147 2798 caussa
1170 2769 1317 2799 nonnulli
1341 2771 1460 2808 scribae,
1486 2781 1557 2812 quae
1582 2771 1710 2802 illorum

983 2819 1078 2849 fuerit
1092 2819 1222 2855 inscitia,
1241 2834 1273 2851 το
1288 2832 1395 2852 rursus
1406 2822 1544 2853 omisere.
1591 2823 1710 2853 Simili-

982 2871 1041 2900 bus
1050 2876 1155 2900 autem
1167 2870 1378 2902 locutionibus
1389 2879 1508 2904 scatent
1516 2874 1709 2913 optimorum

981 2928 1146 2954 auctorum
1161 2923 1291 2964 pagiuae.
1337 2924 1421 2956 Vide
1436 2935 1493 2955 nos
1507 2925 1547 2956 ad
1563 2925 1600 2956 iv.
1615 2927 1688 2955 511.
