1894 3253
239 252 297 292 12

733 249 793 297 Τ.
847 249 1229 299 LUCRETII

377 380 646 424 Memmiadae
675 389 836 432 nostro;
883 396 1006 438 quem
1035 390 1096 433 tu,
1128 383 1238 434 Dea,
1271 391 1456 438 tempore
1483 385 1528 425 in
1557 385 1670 426 omni

377 456 583 498 Omnibus
613 465 806 498 ornatum
835 456 997 499 voluisti
1026 458 1222 499 excellere
1251 458 1392 499 rebus:

377 532 476 580 Quo
506 531 636 588 magis
666 539 868 572 aeternum
898 531 953 572 da
981 531 1115 582 dictis,
1147 532 1274 582 Diva,
1306 531 1500 588 leporem.

291 611 345 647 30
376 605 530 656 Ecfice,
562 614 608 647 ut
636 606 792 648 interea
820 606 906 648 fera
937 621 1121 647 moenera
1150 607 1324 657 militiai,

382 680 463 722 Per
493 681 623 722 marla
652 697 699 722 ac
730 689 859 722 terras
889 681 1061 731 omneis,
1094 681 1240 736 sopita,
1272 681 1493 737 quiescant.

275 821 356 851 Ibid.
375 832 531 862 pangere:
558 828 594 852 ut
616 823 743 853 Ennius
767 822 851 862 prior
873 821 956 861 apud

231 873 295 904 Cic.
320 872 523 913 Tusc.dispp.
542 873 562 903 i.
586 877 634 905 15.

228 932 374 963 Adspicite,
382 933 404 956 0
414 933 420 956 !
431 933 527 962 ceives,
535 933 603 957 sertis
612 933 689 957 Ennii
697 933 818 964 imaginis
826 934 953 958 formam.

260 972 325 996 Heic
336 972 460 997 vostrum
469 972 564 1004 panxit
575 979 707 997 maxuma
710 973 787 1004 facta
798 977 917 1005 patrum.

231 1020 328 1050 Unde
343 1021 447 1060 plures
469 1021 533 1051 illis
556 1021 799 1052 succedentium.
845 1022 958 1051 Totius

226 1072 377 1103 orationis
399 1072 483 1103 color
505 1073 584 1103 mihi
606 1074 692 1104 haud
708 1074 808 1104 levem
830 1085 956 1113 persua-

228 1125 350 1155 sionem
368 1125 492 1164 incutit,
516 1127 597 1156 hanc
612 1136 720 1157 vocem
742 1127 957 1157 redonandam

228 1185 294 1205 esse
312 1176 398 1212 Silio,
415 1177 454 1206 ad
467 1177 552 1207 Pun.
570 1178 626 1208 xii.
643 1182 715 1209 589.
733 1179 874 1218 quamvis
891 1179 956 1217 ple-

227 1237 268 1257 ne
283 1228 379 1257 sciam
394 1235 550 1268 receptam
572 1229 738 1260 lectionem
755 1241 812 1260 suo
825 1230 895 1260 loco
911 1242 956 1261 es-

227 1290 259 1309 se
278 1281 539 1319 probatissimam,
562 1287 593 1311 et
608 1282 735 1321 optimis
756 1282 957 1321 scriptoribus

226 1332 454 1373 frequentatam
462 1347 468 1364 ι

257 1393 317 1415 Non
329 1392 454 1422 equidem
465 1392 618 1418 innumeras
630 1393 728 1423 caede5‚
740 1397 836 1425 totque
847 1394 954 1418 horrida

342 1434 431 1465 sacta,

256 1474 388 1505 sperarim
398 1479 478 1500 tanto
489 1476 570 1508 digne
580 1484 628 1508 pro
638 1477 750 1501 nomine
759 1484 849 1501 rerum

256 1515 380 1544 Pangere,
392 1520 441 1539 nec
452 1515 524 1539 dictis
535 1516 683 1541 bellantum
695 1523 805 1547 aequare
815 1517 942 1542 calorem.

222 1586 225 1589 -
268 1565 447 1606 vulgatum
455 1571 594 1607 pandere
609 1569 648 1598 de
658 1570 750 1599 rebus
760 1569 868 1600 minus
879 1580 952 1610 cog-

224 1617 310 1654 nitis,
327 1624 359 1648 et
373 1620 411 1649 ab
426 1619 635 1660 intelligentia
652 1621 794 1660 populari
808 1622 951 1652 recondi-

225 1668 367 1707 tioribus,
390 1671 504 1701 rectius
525 1678 703 1711 usurpatur.
750 1672 819 1702 Nec
834 1674 952 1703 mirum

227 1725 274 1749 est
288 1722 423 1760 poetam,
447 1722 486 1752 de
508 1722 616 1753 Ennio
639 1723 808 1762 dicturum,
831 1725 951 1755 Ennia-

224 1781 300 1802 nam
316 1772 486 1804 dictionem
500 1774 687 1806 adhibuisse.
732 1776 796 1805 Hae
810 1786 900 1806 voces
914 1777 951 1806 li-

225 1825 336 1857 brariis
351 1833 571 1865 permutantur
585 1828 680 1858 etiam
690 1827 730 1858 ad
743 1828 847 1859 Seren.
867 1829 951 1860 Sam.

227 1875 266 1905 de
281 1877 363 1907 med.
384 1881 408 1908 l.

276 1927 350 1957 Ver.
367 1932 416 1959 27.
444 1932 664 1961 Memmiadae:
693 1932 712 1961 i.
729 1943 754 1961 e.
783 1932 950 1968 BTemmio,

227 1979 352 2010 &milia
358 1981 589 2012 Memmiorum
596 1983 744 2020 oriundo,
754 1989 789 2013 ut
801 1984 845 2014 iii.
860 1987 951 2014 1047.

288 2039 425 2071 Scipiades,
436 2041 499 2065 belli
507 2041 623 2072 fulmen,
635 2042 801 2074 Carthaginis
811 2043 916 2073 horror,

289 2080 353 2103 Ossa
363 2079 437 2104 dedit
448 2084 539 2105 terrae.

270 2128 352 2159 Ibid.
367 2136 413 2167 tu,
437 2131 520 2168 Dea,
539 2132 662 2162 voluisti
682 2134 840 2163 excellere:
865 2138 901 2162 ut
916 2132 955 2163 de

230 2181 373 2210 Antonio
404 2181 500 2211 Mus&
525 2182 718 2222 epigramma
745 2183 881 2223 Virgilio
906 2194 954 2213 as-

226 2231 376 2271 criptum,
393 2243 454 2264 ver.
468 2236 498 2264 5.

257 2292 309 2316 Cui
320 2294 401 2317 Venus
411 2296 475 2317 ante
484 2293 558 2323 alios,
570 2293 640 2323 Divi,
652 2294 808 2324 Divumque
818 2301 928 2323 sorores,

290 2336 406 2365 Cuncta,
417 2341 504 2366 neque
515 2335 636 2367 indigno,
646 2337 732 2365 Musa,
743 2336 840 2360 dedere
850 2336 930 2360 bona.

269 2384 344 2414 Ver.
361 2388 411 2414 28.
428 2385 572 2415 Omnibus
584 2392 725 2415 ornatum
741 2388 837 2417 rebus.
882 2386 953 2416 Ho-

227 2437 307 2467 meri
322 2437 460 2477 vestigiis
474 2436 615 2467 insistere
630 2437 762 2476 videtur,
786 2438 826 2468 ad
843 2438 952 2479 Odyss.

229 2493 265 2519 Δ.
282 2490 353 2520 725.

264 2553 389 2587 Παντοιῃς
401 2561 502 2588 aget-“pm
512 2562 666 2586 κεκασμενον
678 2562 700 2579 εν
712 2553 854 2579 Δανκοισιν,

227 2595 324 2625 Unde
349 2597 514 2628 refellendi
538 2604 622 2636 sunt,
649 2598 704 2638 qui
727 2608 765 2629 ex
790 2598 954 2629 ruderibus

225 2646 293 2677 cod.
313 2647 351 2677 G.
367 2660 419 2678 ora
435 2651 543 2686 latum,
568 2649 694 2680 eradere
711 2650 821 2680 volunt
838 2652 953 2690 praela-

225 2703 302 2735 tum,
321 2698 369 2727 vel
380 2701 523 2739 altulum,
542 2701 660 2732 Gratiis
675 2702 888 2732 renuentibus.

226 2747 293 2780 His
307 2754 415 2780 autem
429 2751 568 2782 Lucretii
591 2754 729 2784 versibus
750 2753 842 2784 facile
864 2754 951 2784 dixe-

226 2800 288 2832 rim
303 2808 443 2832 mentem
467 2803 536 2833 Silii
557 2804 711 2835 intentam
734 2817 799 2836 esse
813 2806 853 2836 ad
868 2806 951 2836 Pun.

227 2863 278 2886 xv.
293 2857 366 2885 456.
378 2864 481 2895 neque
494 2855 599 2888 locum
613 2857 788 2897 elegantem
803 2859 865 2888 huc
875 2859 951 2888 ube-

227 2905 294 2938 rius
308 2905 468 2943 tralatum,
490 2912 522 2937 et
536 2908 686 2947 scriptum
708 2910 953 2950 distinctumque

229 2958 438 2999 emendatius,
454 2958 549 2992 lector
562 2959 686 3002 lepidus
700 2961 906 2994 damnaverit:

1038 822 1169 852 Magnum
1181 820 1334 850 Dardaniae,
1346 820 1424 850 Laeli,
1436 820 1533 851 decus3
1551 821 1641 846 omnia
1653 820 1721 846 felix

1033 862 1084 886 Cui
1097 864 1197 886 Natura
1208 862 1293 891 dedit,
1304 862 1378 886 nullo
1390 865 1520 886 renuente
1530 862 1653 886 deorum.

1034 902 1092 932 Ille,
1104 902 1163 926 foro
1175 902 1281 926 auditus
1292 909 1355 926 cum
1369 902 1455 926 dulcia
1467 902 1577 926 solveret
1589 909 1646 933 ora,

1034 946 1166 974 AEquabat
1177 944 1258 976 Pyliz:
1272 944 1363 968 Neleia
1374 944 1453 969 mena
1464 948 1580 969 senectae
1592 952 1598 968 :

1034 985 1090 1014 Ille,
1101 986 1146 1009 ubi
1156 986 1273 1017 suspensi
1284 989 1381 1015 patres,
1394 989 1422 1010 et
1431 985 1503 1009 curia
1515 992 1612 1009 vocem

1033 1026 1153 1053 Posceret,
1166 1029 1196 1048 ut
1208 1029 1301 1054 cantu,
1312 1024 1434 1048 mulcebat
1446 1024 1526 1048 corda
1537 1024 1654 1049 senatus.

1002 1073 1124 1114 Vulgo,
1139 1075 1283 1108 ducebat;
1304 1083 1360 1103 nec
1377 1073 1509 1103 absurde
1524 1083 1660 1112 prorsus:
1680 1072 1734 1102 sed

1002 1126 1131 1166 Virgilii
1161 1126 1290 1166 vestigia
1323 1125 1417 1155 Silius
1442 1125 1617 1155 indefessus
1647 1124 1732 1165 legit.

1004 1179 1054 1208 Sic
1069 1185 1175 1209 autem
1188 1177 1341 1208 AEne'idos
1357 1177 1471 1207 divinae
1484 1177 1635 1214 conditor,
1652 1177 1729 1207 AEn.

1001 1231 1021 1261 i.
1038 1234 1107 1261 155.

1063 1292 1115 1315 Iste
1126 1290 1193 1322 regit
1206 1290 1282 1314 dictis
1294 1291 1405 1319 animm,
1416 1293 1442 1315 et
1451 1293 1551 1322 pectora
1560 1288 1660 1313 mulcet.

1001 1330 1114 1360 Addas
1130 1331 1205 1360 AEn.
1221 1330 1272 1360 vii.
1287 1334 1340 1360 55.

1059 1389 1186 1414 Adsuetae
1199 1389 1259 1420 ripis
1271 1389 1402 1419 volucreS,
1413 1392 1441 1414 et
1452 1388 1569 1413 fluminis
1579 1388 1667 1419 alveo,

1061 1428 1171 1453 AEthera
1183 1428 1324 1452 mulcebant
1333 1431 1421 1452 cantu.

1000 1479 1112 1516 Porro,
1127 1478 1355 1519 liquidissimus
1371 1484 1416 1509 est
1430 1485 1523 1520 atque
1540 1479 1730 1510 numerosis·

999 1532 1097 1562 simus
1112 1532 1163 1561 hic
1184 1531 1257 1561 Cari
1274 1532 1370 1561 nostri
1386 1542 1508 1569 versus;
1524 1537 1555 1561 et
1569 1531 1733 1561 elisionem

997 1583 1085 1613 illam
1100 1584 1134 1613 in
1158 1583 1264 1613 medio
1285 1583 1388 1623 quarti
1411 1583 1511 1623 pedis,
1535 1594 1610 1613 sane
1625 1583 1732 1624 perju-

997 1634 1144 1670 cundam,
1169 1634 1400 1673 impensissimo
1427 1645 1501 1664 cum
1523 1635 1638 1664 affectu
1662 1645 1734 1665 am-

998 1685 1108 1724 plexus
1124 1691 1178 1722 est,
1191 1691 1221 1715 et
1236 1686 1414 1723 aemulatus,
1433 1687 1536 1716 illato.

1040 1737 1113 1767 Ver.
1128 1742 1180 1768 50.
1200 1739 1304 1780 Eqfice
1322 1744 1367 1768 ut.
1413 1737 1487 1767 Hoc
1507 1738 1666 1768 sincerum
1681 1748 1729 1768 es-

997 1799 1041 1826 se,
1057 1794 1088 1818 et
1103 1790 1141 1819 ab
1165 1789 1263 1828 ipsius
1285 1789 1385 1828 po'e'tae
1408 1799 1517 1827 manu,
1540 1800 1623 1830 nego
1645 1789 1732 1830 equi-

998 1839 1083 1877 dem,
1100 1850 1136 1869 ac
1152 1850 1297 1880 pernego.
1346 1840 1454 1880 Ocyus
1469 1851 1610 1880 reponas.

1060 1890 1158 1920 Ecfice,
1169 1893 1196 1914 at
1207 1891 1320 1915 interea.

997 1933 1176 1964 Vinculum
1214 1934 1455 1964 constructionis
1486 1934 1526 1964 ad
1555 1933 1733 1964 molliorem

998 1984 1113 2013 seriem
1134 1985 1300 2014 verborum
1316 1985 1477 2024 impendio
1492 1984 1664 2025 flagitatur3
1681 1996 1736 2016 ne-

998 2045 1058 2075 que
1074 2034 1208 2064 dubium
1224 2041 1281 2072 est,
1304 2035 1383 2075 quin
1400 2035 1585 2076 exquisitior
1599 2041 1734 2066 structu·

997 2095 1041 2114 rae
1052 2085 1158 2115 forma
1173 2085 1308 2115 librariis
1324 2086 1524 2125 scriptoribus
1538 2086 1734 2125 imposuerit.

999 2137 1121 2168 Pariter
1138 2137 1284 2176 Ovidius,
1308 2137 1375 2168 fast.
1392 2138 1437 2168 iii.
1460 2142 1531 2169 683.
1547 2139 1663 2169 emisso
1678 2145 1730 2170 ut.-

1062 2196 1145 2228 Fffice,
1157 2197 1199 2220 Dii
1209 2197 1297 2221 studio
1309 2197 1406 2222 similes
1418 2198 1533 2222 cob'amus
1544 2197 1570 2222 in
1582 2205 1680 2223 unum.

999 2238 1169 2277 Apuleius,
1192 2244 1266 2269 met.
1288 2238 1311 2267 i.
1328 2249 1357 2278 p.
1373 2242 1424 2269 51.
1443 2242 1465 2257 “
1480 2239 1595 2277 Effeci,
1623 2250 1732 2280 sequa-

1001 2292 1022 2307 “
1048 2289 1137 2319 tur:'’
1154 2290 1209 2320 ubi
1224 2289 1330 2320 videas
1348 2289 1629 2330 Oudendorpium;
1645 2301 1733 2330 nam,

999 2341 1032 2371 in
1049 2340 1233 2382 pervulgata
1248 2351 1293 2380 re,
1310 2346 1341 2371 et
1364 2342 1511 2372 omnibus
1526 2342 1575 2372 vel
1590 2342 1732 2381 puerulis

998 2393 1174 2433 notissima,
1197 2392 1273 2435 quid
1297 2395 1434 2433 operosis
1459 2405 1538 2434 opus
1560 2400 1606 2425 est
1625 2405 1732 2425 exem-

997 2445 1076 2485 plis?
1102 2446 1184 2476 Vide
1199 2451 1355 2484 nostrum,
1370 2446 1409 2476 vi.
1423 2450 1494 2477 231.
1514 2452 1545 2476 et
1553 2452 1662 2477 notata
1674 2457 1731 2477 no-

997 2498 1046 2528 bis
1068 2497 1107 2527 ad
1130 2497 1161 2528 ii.
1188 2501 1278 2528 1005.
1303 2503 1333 2527 et
1348 2497 1389 2527 ad
1413 2497 1502 2538 Virg.
1526 2499 1602 2529 [En.
1625 2508 1654 2528 v·
1676 2500 1727 2529 59.

1000 2548 1216 2586 Inveniemus,
1234 2548 1266 2578 in
1278 2559 1371 2588 opere
1387 2548 1595 2586 decurrendo,
1611 2548 1729 2578 Lucre-

996 2600 1079 2630 tium
1094 2599 1226 2630 minime
1242 2600 1438 2630 abhorruisse
1453 2601 1493 2630 ab
1509 2601 1568 2629 hac
1582 2598 1692 2637 ellipsi.

999 2652 1065 2688 Qui
1091 2652 1196 2692 legere
1222 2652 1369 2682 volebant
1400 2653 1445 2682 Et
1467 2651 1556 2691 face,
1583 2651 1731 2680 morbum

997 2703 1126 2744 quidem
1148 2703 1433 2743 deprehenderunt,
1457 2701 1511 2731 sed
1534 2700 1674 2731 remedio
1696 2712 1729 2732 e-

995 2761 1066 2784 rant
1086 2754 1238 2786 infelices.

1040 2806 1122 2837 Ibid.
1141 2817 1292 2837 moenera:
1318 2805 1356 2835 P.
1377 2811 1422 2835 n..
1438 2815 1583 2839 munera,·
1611 2803 1653 2834 V.
1676 2804 1726 2836 ed.

996 2859 1035 2888 B.
1051 2864 1087 2890 Σ.
1103 2870 1237 2889 monera.
1280 2856 1404 2886 Locum
1427 2856 1502 2886 citat
1516 2855 1665 2886 Lutatius
1687 2855 1728 2886 ad

1004 2910 1080 2941 Stat.
1104 2910 1204 2940 Theb.
1229 2908 1273 2939 iii.
1291 2911 1363 2940 295.
1386 2907 1441 2938 ubi
1463 2908 1581 2938 lectum
1603 2907 1730 2938 invenio

1004 2964 1026 2980 “
1050 2961 1115 2992 fera
1137 2959 1291 2997 moenz‘a3''
1320 2965 1357 2991 ut
1381 2965 1502 3000 putem,
1527 2969 1587 3000 pro
1611 2960 1731 2996 munia,
