1894 3253
194 262 290 302 290

690 256 750 302 T.
804 254 1183 303 LUCRETII

333 389 392 429 At
411 388 593 444 regione,
615 385 787 441 locoque
807 386 901 437 alio,
923 387 1122 442 terrisque
1142 388 1323 437 remotis,

217 467 300 502 535
335 461 471 502 Multa
490 460 584 500 licet
602 474 753 516 genere
774 475 858 501 esse
877 461 921 501 in
942 476 1009 511 θος
1043 476 1342 517 numerumque
1362 462 1522 518 repleri:

336 535 418 583 Sic,
441 534 501 575 uti
522 534 837 590 quadrupedum
858 550 953 577 cum
973 536 1116 590 primis
1137 551 1222 577 esse
1240 537 1425 578 videmus

336 609 385 649 In
407 623 558 665 genere
578 610 850 666 anguimanos
871 610 1109 666 elephantos
1115 629 1127 660 3
1164 611 1284 652 India
1304 626 1480 667 quorum

334 682 506 724 Milibus
528 699 550 724 e
570 684 708 726 multis
728 685 833 726 vallo
852 686 1039 727 munitur
1060 686 1234 736 eburno,

333 757 393 798 Ut
413 758 576 812 penitus
596 769 773 815 nequeat
791 762 1014 816 penetrari:
1046 769 1162 802 tanta
1180 761 1360 802 ferarum

215 836 298 872 540
331 832 404 872 Vis
424 840 483 873 est
490 851 502 882 3
536 848 711 888 quarum
731 849 806 876 nos
826 850 1034 891 perpauca
1053 836 1244 890 exempla
1264 835 1461 876 videmus.

187 987 262 1017 &oris
277 987 370 1017 taedio
395 987 518 1017 summa
541 987 703 1027 diligentia
727 988 785 1018 sibi
801 999 915 1027 praeca-

187 1040 340 1078 ventium,
367 1040 534 1069 Lucretius
556 1039 723 1070 concludit.
768 1041 844 1070 Loci
868 1048 915 1070 to-

186 1090 248 1120 tius
273 1101 383 1130 scopus
407 1091 450 1120 sic
465 1101 519 1130 per
545 1091 772 1130 expositionem
792 1092 915 1121 uberio-

186 1153 253 1173 rem
279 1142 425 1173 declarari
442 1148 555 1181 potest:
585 1147 606 1160 “
624 1142 777 1172 Dicebam
804 1154 914 1182 nuper,

187 1197 209 1211 “
228 1204 384 1223 summam
416 1193 555 1223 materiae
585 1204 650 1223 esse
679 1193 848 1232 infinitam,
886 1201 917 1224 et

187 1248 209 1262 “
227 1255 396 1274 numerum
412 1244 506 1274 etiam
517 1244 760 1283 primordiorum
776 1245 917 1275 similiter

187 1299 210 1313 “
227 1295 433 1334 figuratorum
477 1305 564 1334 aeque
607 1294 709 1324 cluere
746 1295 916 1327 infinitum.

189 1349 211 1364 “
230 1346 368 1385 Regeres
383 1351 499 1381 autem,
515 1347 574 1375 hoc
591 1346 633 1375 ita
649 1345 715 1375 fieri
732 1357 795 1376 non
811 1357 916 1386 posse3

186 1401 210 1416 “
226 1408 299 1427 nam
316 1398 457 1428 videmus
479 1400 511 1427 in
529 1400 576 1428 lzc's
601 1398 789 1428 animalibus
803 1410 915 1429 nume-

187 1454 208 1469 “
226 1461 296 1481 rum
315 1451 471 1480 minorem
487 1462 562 1488 esse,
591 1453 621 1481 in
642 1454 704 1481 illis
727 1458 833 1483 autem
849 1463 915 1482 ma-

189 1507 209 1521 “
224 1503 326 1543 jurem
337 1503 578 1539 fecunditate1u;
597 1513 696 1543 quum
708 1503 748 1533 ad
763 1510 850 1533 tuam
861 1505 916 1544 hy-

190 1559 212 1573 “
228 1554 369 1594 pothesin
386 1555 493 1584 omnia
508 1555 656 1584 deberent
673 1561 703 1584 et
718 1566 783 1586 esse
805 1566 916 1586 nume-

188 1610 211 1624 “
228 1617 262 1635 ro
278 1605 343 1644 pari
359 1612 389 1635 et
404 1605 534 1635 infinito.
576 1605 639 1635 His
655 1606 838 1646 respondeo,
851 1608 918 1637 Nos

189 1663 210 1676 “
228 1658 363 1688 universi
386 1664 506 1697 partem
529 1659 748 1688 tantummodo
770 1660 917 1700 exiguam

190 1715 212 1730 “
228 1712 388 1752 cognitam
411 1713 536 1742 habere:
565 1713 590 1742 si
609 1723 704 1742 omne
726 1713 917 1744 immensum

189 1767 210 1781 “
227 1763 331 1793 liceret
358 1774 534 1804 peragrare,
568 1774 733 1794 numerosa
764 1764 917 1795 invenire-

189 1818 211 1832 “
229 1825 300 1844 mus
315 1826 351 1844 ea
375 1815 461 1853 alibi,
488 1826 558 1855 quae
574 1825 640 1844 rara
664 1822 737 1845 sunt
761 1817 864 1853 nobis3
889 1822 919 1846 et

188 1870 211 1884 “
228 1866 375 1903 invicem,
403 1876 472 1905 quae
496 1866 657 1895 abundant
676 1867 776 1904 uobis,
800 1867 869 1897 aliis
883 1868 916 1897 in

190 1921 211 1935 “
228 1917 328 1958 plagis
343 1917 473 1947 rariora:
500 1918 543 1948 ita
558 1924 594 1947 ut
609 1918 641 1947 in
657 1920 814 1956 omnibus,
831 1930 915 1950 sum·

189 1974 211 1987 “
229 1980 289 1999 mae
305 1980 408 2000 rerum
426 1971 548 2000 ratione
564 1971 682 2009 habita,
706 1972 865 2012 aequalitas
887 1979 917 2003 et

189 2024 211 2038 “
229 2021 397 2059 proportiO,
424 2021 491 2050 sine
506 2021 643 2060 defectu,
670 2023 736 2053 sine
752 2024 912 2054 abundan-

186 2074 209 2090 “
226 2071 279 2107 tia,
296 2072 506 2102 obtinerent.‘'

230 2135 304 2164 Ver.
329 2138 400 2165 554.
425 2135 491 2164 Hic
518 2145 622 2165 versus
648 2136 681 2165 in
708 2136 748 2166 V.
775 2137 822 2167 ed.
849 2148 913 2167 non

186 2193 356 2225 comparet.

230 2246 304 2276 Ver.
333 2249 403 2278 555.
427 2258 553 2286 genere:
581 2247 623 2276 sic
646 2247 730 2277 solus
748 2247 841 2277 Vind.
868 2248 914 2277 uti

186 2297 329 2338 vulgares
359 2297 433 2328 editi
441 2310 451 2335 ;
481 2305 512 2328 et
537 2298 704 2334 verissime,
731 2305 766 2329 ut
792 2299 912 2338 opinor,

186 2350 327 2390 quamw's
363 2349 416 2379 alii
445 2361 554 2380 omnes
575 2351 645 2381 libri
668 2362 733 2381 uno
762 2362 913 2381 consensu

186 2400 263 2432 dent
275 2413 388 2441 genera
397 2416 407 2432 .·
433 2413 504 2442 quae
519 2408 625 2432 tamen
640 2403 732 2434 lectio
746 2414 808 2444 quo
822 2410 912 2443 pacto

188 2459 268 2483 stare
283 2453 390 2492 possit,
414 2453 499 2484 haud
514 2453 648 2484 invenio.

231 2512 310 2542 Ibid.
326 2523 486 2543 numerum
502 2515 622 2553 repleri.
660 2514 764 2552 illato,
781 2515 856 2545 [En.
872 2515 911 2545 vi.

184 2566 256 2594 545.

188 2654 339 2685 Discedam,
351 2654 451 2687 explebo
461 2662 606 2687 numerum,
616 2656 765 2688 reddarque
775 2657 900 2682 tenebris.

192 2736 333 2765 Reddar:
360 2736 380 2766 i.
396 2748 422 2768 e.
437 2747 488 2768 me
498 2738 636 2774 reddam,
653 2738 693 2769 ad
704 2739 816 2769 mediae
830 2739 913 2769 vocis

191 2786 374 2817 Graecorum
401 2796 592 2827 potestatem.
640 2791 672 2821 Si
687 2802 759 2821 vero
778 2798 910 2832 nugato-

187 2837 272 2867 rium
293 2837 348 2866 tibi
364 2840 563 2877 propinatum
578 2841 665 2878 velis,
690 2843 743 2873 en!
768 2842 824 2872 tibi
840 2843 911 2873 Ser-

187 2888 276 2918 vium
300 2888 426 2926 ibidem,
453 2901 556 2931 gen-as
578 2903 743 2933 gemianus
767 2894 911 2925 effutien-

184 2945 259 2970 tem.

1002 989 1077 1019 Ver.
1095 992 1168 1020 536.
1188 991 1238 1021 Sic
1254 991 1318 1019 uti:
1337 989 1436 1029 Lege,
1453 991 1546 1020 Sicut.
1563 990 1687 1021 ΒΕΝΤ-

961 1050 1075 1070 rmus.

960 1091 1056 1129 Vere,
1082 1097 1118 1120 ut
1137 1096 1259 1129 putem;
1283 1101 1323 1120 ne
1346 1090 1462 1130 syllaba
1484 1097 1595 1130 praeter
1620 1102 1701 1123 mo-·

959 1152 1027 1172 rem
1054 1142 1208 1178 omnium,
1232 1142 1267 1172 ni
1289 1142 1392 1180 fallor,
1417 1144 1580 1182 poetarum
1595 1145 1689 1175 corri-

960 1194 1076 1231 piatur:
1102 1193 1154 1223 sed
1171 1193 1279 1223 nullus
1294 1193 1371 1224 liber
1386 1194 1582 1235 suffragatur.

1003 1244 1078 1273 Ver.
1099 1247 1169 1274 537.
1203 1247 1424 1283 anguimanos:
1462 1245 1501 1276 P.
1527 1246 1624 1277 Vind.
1650 1246 1688 1277 V.

962 1293 1009 1324 ed.
1030 1294 1071 1323 Ο.
1095 1297 1321 1333 anguimanus:
1358 1296 1437 1326 forte
1463 1297 1608 1328 volebant
1631 1310 1689 1329 an-

957 1347 1127 1389 guc'nzanes.
1171 1346 1279 1376 Julius
1297 1346 1490 1386 Obsequens,
1513 1349 1553 1378 de
1566 1349 1685 1389 prodig.

961 1388 1026 1435 cap.
1047 1396 1215 1426 lxxiii.—“
1234 1398 1323 1435 pueri
1339 1399 1554 1438 quadrupedes
1569 1407 1599 1431 et
1613 1412 1689 1441 qua-

962 1450 1163 1479 “drumanes
1191 1450 1521 1490 nati.'’-—eleplzantos:
1563 1458 1598 1483 Δ.
1631 1455 1689 1484 ele-

950 1499 1068 1540 fantes.

1006 1551 1086 1581 Ibid.
1102 1554 1306 1592 anguimunos
1321 1554 1508 1592 elephantos:
1534 1554 1554 1584 i.
1571 1565 1596 1584 e.
1621 1558 1642 1573 “
1657 1566 1689 1586 e-

964 1607 986 1621 “
1002 1603 1175 1643 lephantos,
1201 1614 1336 1644 quorum
1359 1616 1478 1641 manus,
1501 1606 1549 1636 vel
1565 1608 1691 1645 probos.

962 1659 984 1673 “
999 1656 1055 1693 cis,
1085 1656 1219 1686 versatili
1246 1656 1378 1686 mollitie
1402 1663 1542 1688 tortuosa
1566 1665 1623 1694 est,
1649 1659 1691 1690 ad

1316 1708 1459 1747 Orosius,
1489 1709 1559 1740 hist.
1589 1710 1628 1742 iv.
1661 1715 1687 1742 1.

963 1763 985 1777 “
1003 1759 1388 1799 Minucius—protentam
1398 1761 1431 1790 in
1443 1772 1475 1791 se
1486 1773 1609 1793 manum
1623 1762 1689 1793 bel-

963 1816 984 1830 “
1002 1812 1063 1842 luae
1079 1812 1160 1842 ferro
1176 1812 1342 1842 desecuit.”
1391 1813 1451 1844 Sed
1477 1814 1569 1844 adeas
1591 1814 1687 1845 inter-

960 1870 1060 1902 pretes
1086 1864 1126 1894 ad
1147 1865 1187 1900 Q.
1208 1865 1294 1895 Curt.
1310 1865 1372 1895 viii.
1392 1869 1439 1896 14.
1455 1869 1504 1898 29.
1529 1877 1603 1897 nam
1618 1878 1687 1898 om-

960 1916 1014 1945 nia
1041 1927 1132 1956 super
1158 1918 1215 1947 hac
1241 1927 1274 1947 re
1298 1917 1371 1947 trita
1396 1924 1478 1954 sunt,
1505 1929 1541 1949 ac
1564 1919 1686 1950 dudum

962 1968 1101 2008 vulgata:
1129 1979 1185 1998 nec
1208 1974 1313 1998 tamen
1331 1969 1507 2010 elegantem
1529 1971 1602 2001 satis
1619 1971 1686 2011 Op-

959 2020 1045 2058 piani
1072 2020 1311 2059 descriptionem
1340 2021 1505 2052 lectoribus
1533 2023 1684 2053 invidebi-

958 2082 1041 2110 mus,
1058 2082 1167 2112 cyneg.
1183 2073 1213 2102 ii.
1231 2076 1301 2103 522.

962 1711 984 1725 ‘⁶
1000 1708 1098 1738 instar
1126 1708 1269 1747 anguis.”

997 2161 1057 2184 Tm
1072 2159 1100 2187 ὃν,
1112 2169 1147 2184 τοι
1160 2168 1289 2191 pozo-cmm
1303 2159 1462 2193 εἰςεκπραθεει
1472 2165 1578 2192 ,taz-sam
1587 2161 1631 2195 ῥις,

998 2207 1083 2234 Aen-rr,
1097 2216 1131 2232 τε.
1147 2211 1235 2235 cmii-1,
1249 2212 1283 2232 σε’
1303 2204 1457 2240 τριέοο-κιόαι
1471 2218 1512 2235 ‘rm
1526 2213 1642 2235 καλεεαι,

998 2257 1066 2282 Κεινκ
1082 2254 1158 2287 θῆρας
1170 2261 1209 2285 sev
1221 2259 1345 2286 50:20⁶}aeer
1365 2264 1437 2290 κεινζη,
1452 2266 1489 2280 τοι
1501 2256 1603 2286 Senem,

996 2300 1105 2329 Ῥκϊέιως
1119 2300 1206 2334 {piso-1.

1002 2376 1073 2407 Ver.
1093 2380 1163 2407 538.
1198 2378 1354 2407 Millibus:
1393 2377 1432 2408 V.
1454 2377 1502 2408 ed.
1530 2380 1679 2417 fidelibus,-

955 2428 991 2457 L.
1010 2429 1056 2458 M.
1074 2429 1218 2463 Milibus‚·
1247 2438 1324 2468 quos
1348 2429 1519 2468 sequimur:
1545 2430 1617 2460 vide
1641 2431 1697 2462 ad‘

954 2481 996 2511 iii.
1030 2485 1175 2512 724.—-—e:
1212 2488 1252 2511 Π.
1281 2488 1322 2512 est
1328 2497 1338 2517 ;
1371 2482 1462 2521 fortz,
1492 2487 1677 2516 ‘em—vallo.-

953 2533 991 2563 L.
1007 2535 1089 2564 valli.

1000 2585 1081 2615 Ibid.
1097 2587 1173 2616 vallo
1189 2586 1312 2616 eburno.
1354 2585 1420 2616 Nec
1434 2586 1541 2616 minus
1555 2587 1678 2627 elegan-

955 2643 1001 2666 ter
1016 2636 1152 2673 Tullius,
1176 2643 1238 2667 nat.
1253 2637 1336 2667 deor.
1352 2637 1384 2667 ii.
1399 2641 1518 2668 57.—“
1533 2638 1677 2668 munitae-

957 2692 981 2706 “
997 2699 1059 2729 que
1083 2694 1157 2718 sunt
1170 2689 1326 2727 palpebrae
1349 2695 1508 2729 tamquam
1529 2690 1607 2719 vallo
1624 2691 1677 2728 pi-

957 2744 980 2758 “
995 2741 1138 2771 lorum:’'
1162 2741 1217 2771 ubi
1245 2741 1403 2772 fructuose
1432 2740 1550 2771 consuli
1578 2746 1678 2779 potest

959 2792 1116 2824 Davisius.
1148 2794 1346 2824 Homereum
1356 2793 1445 2829 illud,
1464 2794 1536 2834 ἕρκος
1554 2791 1675 2831 οδοντων,

955 2844 1025 2884 quis
1039 2844 1137 2875 nescit
1152 2844 1199 2874 vel
1213 2844 1379 2883 puerulus?
1405 2842 1465 2872 Sed
1480 2842 1579 2872 obiter
1595 2844 1675 2874 Var-

955 2895 1040 2924 ronis
1054 2895 1277 2934 pulcherrimos
1300 2893 1473 2929 versiculos,
1497 2894 1580 2934 apud
1607 2895 1675 2925 No-

955 2945 1054 2982 nium,
1078 2956 1151 2976 voce
1167 2946 1358 2984 Palpebrum,
1374 2945 1418 2976 iii.
1436 2948 1505 2977 164.
1528 2946 1674 2977 emenda-
