1894 3253
536 245 766 294 LIBER
820 244 1238 294 SECUNDUS.
1548 254 1634 293 3521

177 384 260 423 740
293 379 418 430 Nam,
441 394 567 436 quom
588 378 822 436 caecigenei,
845 377 938 419 solis
958 378 1051 434 quei
1071 378 1244 419 numina
1263 391 1490 434 numquam

291 455 546 510 Despexme,
569 463 707 495 tamen
728 460 979 510 cognoscant
999 467 1175 507 corpora
1195 460 1323 503 tactu,

292 529 359 571 Ex
380 530 547 570 ineunte
567 543 657 569 aevo
678 527 789 569 nullo
809 526 1028 582 conjuncta
1048 526 1202 576 colore3

291 605 405 646 Scire
424 604 532 654 licet,
556 610 708 645 nostrae
728 616 892 658 quoque
909 601 1039 642 menti
1060 615 1236 656 corpora
1255 617 1373 658 posse

291 678 411 718 Vorti
431 678 475 718 in
495 677 700 727 notitiam,
723 676 836 718 nullo
855 675 1084 718 circumlita
1097 675 1204 718 fuco.

175 756 255 794 745
287 752 497 808 Denique,
519 766 595 792 nos
616 750 732 807 ipsei,
756 751 874 793 caecis
893 765 1198 808 quaequomque
1216 751 1396 793 tenebris

143 929 166 945 ‘⁶
181 936 252 956 suas
266 925 409 955 fortunas
422 926 454 955 in
470 931 598 957 extremo
610 925 722 956 sitas:''
739 935 775 956 ac
786 925 874 956 simi-

144 978 195 1008 lia.
243 977 338 1014 Quod
353 977 377 1007 si
402 984 524 1008 rectum
546 978 595 1014 sit,
621 977 772 1008 Davisius
794 977 875 1008 illud

142 1031 247 1060 ultimi
261 1028 418 1059 immerito
433 1029 552 1059 studuit
566 1029 745 1059 immutare.

188 1081 265 1111 Ver.
281 1083 350 1111 740.
367 1082 514 1111 numina:
534 1080 570 1111 P.
584 1080 620 1110 L.
631 1082 769 1115 Iumz'na;
789 1080 871 1110 mul-

144 1138 176 1162 to
196 1132 301 1162 minus
326 1131 495 1172 eleganter,
521 1138 552 1161 et
577 1132 712 1171 poetice;
736 1142 771 1162 ac
794 1142 873 1171 prae-

142 1185 262 1223 sertim,
285 1194 385 1225 quum
400 1194 455 1223 per
472 1185 633 1223 emphasin
657 1186 744 1215 Deus
769 1184 872 1224 saepis-

143 1237 222 1268 sime
240 1237 294 1267 Sol
309 1236 423 1267 audiat.
471 1236 615 1274 Ovidius,
628 1243 702 1267 met.
718 1247 766 1267 xv.
785 1240 857 1268 192.

204 1323 263 1353 Ipse
274 1322 323 1346 Dei
334 1322 455 1354 clypeus,
466 1321 538 1347 terra
551 1328 615 1346 cum
627 1321 732 1346 tollitur
742 1320 808 1351 ima,

202 1363 283 1386 Mane
293 1362 381 1386 rubet.

143 1436 249 1468 Adeas
263 1442 370 1467 notata
385 1436 475 1467 nobis
491 1436 531 1467 ad
548 1436 635 1477 Vin-g.
661 1446 728 1476 geo.
752 1436 770 1466 i.
789 1440 817 1466 6.
840 1441 872 1465 et

140 1489 284 1519 librarios
298 1489 333 1518 in
347 1489 396 1518 his
415 1488 606 1518 dictionibus
621 1488 790 1527 saepissime
805 1493 869 1517 tur-

141 1543 226 1579 bare,
243 1546 360 1571 norunt
382 1550 503 1571 omnes.
550 1539 761 1570 Phavorinus:
791 1546 869 1574 Ζευς-

139 1594 245 1626 Ἥλιος.

186 1643 259 1674 Ver.
287 1646 358 1674 741.
380 1644 566 1682 Despetere:
602 1643 638 1673 P.
668 1643 707 1673 Ο.
737 1647 771 1673 Δ.
796 1644 872 1673 Βίε-

135 1707 260 1737 peccere;
290 1704 400 1726 omnes
423 1694 476 1725 alij
502 1695 545 1725 sic
568 1700 604 1724 ut
624 1694 874 1734 imprimendum

141 1748 333 1785 curavimus,
371 1757 428 1777 nec
458 1747 527 1776 ausi
557 1757 666 1776 sumus
696 1747 873 1777 immutare.

144 1800 341 1832 Glossarium
353 1804 455 1829 vetus:
477 1803 499 1817 “
512 1801 672 1839 Despicio,
686 1813 873 1838 κατοπτευω,

142 1856 163 1872 “
181 1854 296 1893 καθορω,
312 1850 457 1888 βλεπω.·”
476 1853 581 1893 καθαρὰ)
597 1856 704 1881 autem
715 1857 746 1881 ct
756 1864 872 1882 κατοπ-

144 1915 216 1933 τευω
243 1902 412 1941 saepissime
435 1901 551 1939 valent,
578 1909 691 1933 attente
715 1905 872 1942 inspicere.

146 1955 275 1985 Veteres
289 1955 501 1995 grammatici:
530 1959 552 1972 “
569 1956 746 1995 DesJ›z'cere‚
763 1962 794 1986 et
808 1955 872 1986 dis-

144 2010 167 2025 “
184 2007 316 2047 quirem,
340 2007 533 2038 cunsilium.”
579 2007 702 2038 Passim
724 2017 873 2047 reponere

142 2059 331 2090 facillimum
347 2065 392 2090 est
408 2070 482 2090 sane
497 2062 646 2100 dispicere
652 2075 662 2095 ;
689 2061 743 2091 sed
758 2071 798 2090 an
822 2067 872 2091 tu-

143 2118 212 2142 tum
228 2112 278 2150 sit,
295 2113 494 2142 vehementer
509 2112 659 2143 dubitem.
705 2114 753 2144 M.
770 2113 872 2144 Tulli-

142 2174 192 2202 us,
215 2174 271 2203 pro
297 2164 378 2194 Sext.
403 2164 496 2194 Rosc.
519 2165 689 2203 Amerino,
713 2172 784 2195 sect.
802 2169 874 2196 8.-

144 2219 167 2234 “
184 2226 257 2246 cum
268 2216 440 2255 praesertim
453 2223 516 2247 tam
528 2217 621 2246 multi
634 2217 873 2256 occupationem

145 2270 167 2284 “
184 2267 250 2307 ejus
266 2269 438 2307 observent,
463 2276 650 2310 tempusque
665 2276 870 2308 aucupentur,

145 2320 167 2334 “
184 2324 220 2346 ut
241 2318 335 2348 simul
358 2325 449 2359 atque
475 2320 528 2350 ille
549 2323 726 2360 despexerit,
754 2321 872 2362 aliquid

145 2374 167 2389 “
184 2371 400 2412 hujuscemodi
416 2373 624 2404 moliantur:”
648 2374 688 2404 ad
709 2385 804 2415 quem
825 2375 871 2405 lo-

146 2433 220 2453 cum
240 2423 383 2453 Graevius
405 2423 497 2454 debet
513 2424 546 2453 in
570 2424 738 2454 consilium
760 2427 871 2457 vocari.

146 2474 201 2504 Ad
218 2480 355 2504 nostram
369 2474 536 2505 lectionem
551 2475 770 2506 stabiliendam
785 2487 871 2518 egre-

145 2525 196 2566 gie
225 2524 298 2555 facit
336 2526 585 2556 constantissima
620 2528 874 2559 membranarum

145 2577 296 2615 scriptura
311 2576 350 2606 ad
369 2577 529 2607 Ciceronis
544 2577 619 2608 finn.
636 2578 674 2608 iV.
690 2582 810 2609 25.—-“
821 2591 872 2610 ca·

147 2631 169 2646 “
186 2627 256 2664 tuli,
272 2628 326 2668 qui
337 2628 405 2668 jam
419 2630 593 2668 despecturi
607 2629 680 2668 sint,
697 2631 769 2660 caeci
786 2642 873 2672 aeque

145 2682 167 2697 “
185 2685 215 2709 et
230 2679 253 2709 ii
273 2680 327 2719 qui
343 2679 437 2710 modo
460 2680 555 2710 nati.'’
601 2680 726 2712 Deinde
750 2683 868 2713 statim:

146 2734 214 2754 ——“
231 2731 326 2761 catuli
342 2742 429 2772 aeque
446 2732 519 2762 caeci
534 2732 715 2772 priusquam
736 2736 874 2773 despere-

147 2784 170 2799 “
185 2790 270 2821 runt,
300 2793 335 2813 ac
358 2784 383 2813 si
406 2784 450 2814 ita
471 2783 570 2814 futuri
592 2793 714 2823 semper
742 2785 872 2815 essent.”

150 2831 287 2863 Mutatio
317 2840 424 2865 autem
449 2841 495 2865 tot
516 2835 659 2865 locorum
681 2845 718 2865 ex
749 2836 876 2867 arbitrio

148 2884 443 2920 periculosissimum
465 2887 588 2917 facinus
602 2887 732 2918 videtur.
778 2888 874 2918 Colu-

148 2933 253 2973 mella,
269 2934 288 2966 i.
303 2940 332 2967 6.
348 2941 398 2968 25.
443 2941 466 2957 “
485 2940 581 2977 Area,
608 2938 633 2968 si
649 2939 808 2978 competit,
831 2939 875 2969 ita

920 929 942 944 “
958 926 1177 957 constituenda
1193 931 1249 965 cst,
1276 931 1313 956 ut
1337 926 1386 956 vel
1408 938 1426 957 a
1442 927 1582 967 domino,
1598 930 1647 960 vel

919 981 941 997 “
958 985 1040 1009 certe
1068 990 1087 1009 a
1116 985 1327 1018 procuratore,
1361 982 1479 1020 despici
1510 981 1644 1020 possit:'’

917 1030 936 1060 i.
952 1041 977 1061 e.
999 1031 1126 1062 oculum
1142 1031 1262 1062 intente
1277 1031 1491 1070 explorantem
1506 1033 1646 1065 tolerare.

918 1084 999 1114 Haec
1014 1089 1121 1114 autem
1137 1084 1161 1113 si
1178 1084 1240 1114 sint
1255 1084 1295 1114 ad
1309 1084 1484 1126 legitimam
1499 1086 1591 1116 crisin
1614 1093 1646 1117 et

916 1137 1020 1174 probae
1036 1136 1217 1166 Latinitatis
1231 1136 1372 1166 indolem
1394 1143 1512 1176 exacta,
1537 1138 1645 1179 Virgi-

917 1189 1008 1227 lium,
1021 1190 1061 1220 ad
1075 1190 1149 1220 AEn.
1162 1190 1203 1220 vi.
1218 1193 1289 1221 734.
1305 1190 1495 1221 imitatorem
1507 1192 1647 1223 Lucretii

916 1239 1144 1276 fidelissimum,
1163 1240 1250 1270 nefas
1265 1241 1362 1271 fuerit
1376 1242 1554 1279 immutare,
1570 1254 1645 1274 con-

915 1297 964 1321 tra
979 1291 1118 1331 plurium
1134 1293 1391 1323 membranarum
1411 1295 1641 1326 testimonium:

946 1386 1014 1411 Hinc
1031 1389 1170 1416 metuunt,
1190 1387 1375 1418 cupiuntque3
1392 1387 1497 1418 dolent,
1513 1389 1645 1421 gaudent-

1040 1433 1108 1457 que:
1127 1433 1216 1457 neque
1230 1433 1306 1451 auras

946 1467 1106 1499 Despiciam,
1121 1468 1220 1493 clausae
1231 1469 1359 1499 tenebris,
1369 1473 1397 1495 et
1409 1477 1516 1496 carcere
1526 1478 1613 1498 caeco.

917 1542 961 1572 Et
983 1541 1119 1582 dignum
1140 1553 1290 1583 quaerere,
1310 1554 1351 1574 an
1373 1547 1533 1585 dispicere,
1560 1549 1645 1588 quod

917 1594 998 1624 valet
1020 1595 1141 1625 “inter
1161 1606 1208 1625 res
1230 1598 1365 1628 diversas
1388 1599 1555 1637 spectando
1581 1599 1646 1630 dis-

919 1651 940 1666 “
957 1647 1134 1688 tinguere‚‘’
1172 1649 1221 1678 vel
1255 1652 1276 1668 “
1299 1649 1506 1687 discernere‚''
1543 1652 1646 1683 hilum

918 1700 1083 1731 conveniat
1112 1701 1186 1731 huic
1209 1701 1288 1732 loco.
1336 1703 1399 1732 His
1421 1704 1539 1743 positis,
1566 1706 1645 1735 mihi

918 1752 1087 1783 clarissime
1102 1753 1308 1784 manifestum
1324 1761 1381 1793 est,
1408 1756 1488 1786 nihil
1509 1767 1575 1787 esse
1591 1758 1646 1789 de-

917 1804 1119 1843 mutandum,
1147 1805 1201 1836 sed
1223 1806 1336 1846 majori
1350 1807 1495 1838 codicum
1511 1819 1648 1840 numero

917 1856 1075 1892 standum,
1090 1856 1131 1887 ad
1145 1857 1287 1897 ejusdem
1309 1868 1377 1898 geo.
1393 1859 1427 1890 ii.
1448 1862 1517 1891 187.

949 1941 1064 1972 Qualem
1075 1948 1148 1974 saepe
1159 1942 1225 1967 cava
1236 1943 1326 1969 montis
1337 1945 1459 1970 convalle
1469 1946 1586 1971 solemus

948 1981 1092 2014 Despicere:

917 2058 936 2088 i.
957 2068 983 2088 e.
1006 2063 1156 2097 spectare,
1181 2059 1344 2098 inspicere,
1371 2059 1533 2099 deorsum3
1556 2062 1644 2102 quasi

919 2109 952 2138 in
968 2116 1066 2140 monte
1081 2115 1211 2140 stantes:
1229 2112 1389 2150 dispicere,
1406 2125 1566 2155 ανακρινειν,
1583 2113 1642 2144 δια-

917 2175 1020 2204 κρινειν,
1038 2164 1157 2204 ακριῖως
1175 2176 1272 2204 ενομῳν,
1295 2163 1374 2193 nihil
1390 2164 1448 2194 loci
1472 2165 1522 2195 hic
1544 2167 1644 2196 habet.

920 2213 1001 2243 Vide
1018 2214 1100 2244 Vell.
1118 2215 1238 2245 Patere.
1259 2215 1290 2244 ii.
1310 2219 1358 2245 14.
1384 2215 1423 2245 ad
1449 2227 1543 2256 quem
1561 2218 1643 2247 Bur-

916 2275 1052 2295 mannus
1069 2272 1213 2304 provocat
1219 2278 1228 2303 3
1246 2265 1299 2296 ubi
1315 2266 1500 2306 neutiquam
1515 2269 1644 2306 probem

917 2319 1102 2349 Ruhnkenii
1117 2318 1262 2356 rationes,
1277 2319 1317 2349 ad
1332 2321 1412 2349 hanc
1421 2330 1530 2350 vocem
1544 2321 1644 2351 offen-

917 2370 1027 2406 dentis,
1065 2376 1096 2399 et
1126 2377 1262 2410 αφελεικς
1293 2371 1450 2410 primaevae
1480 2372 1644 2410 periodum

916 2423 990 2452 hinc
1004 2421 1159 2462 glossema
1174 2432 1240 2452 esse
1254 2435 1410 2462 αποτομως
1433 2422 1645 2462 pronuncian-

916 2474 964 2504 tis.
1012 2474 1057 2503 Et
1070 2474 1191 2514 quoties
1206 2474 1337 2504 demum
1352 2474 1407 2504 illa
1421 2474 1596 2513 praepositio
1607 2476 1644 2505 de

916 2525 950 2555 in
974 2525 1152 2565 compositis
1175 2536 1215 2555 ne
1237 2525 1405 2555 minimam
1426 2525 1553 2565 quidem
1569 2534 1644 2556 cum

918 2591 959 2618 τῳ
985 2580 1120 2608 deorsum
1147 2578 1408 2608 communitatem
1430 2577 1539 2608 habet?
1567 2578 1644 2608 Huc

916 2629 1013 2670 igitur
1028 2640 1077 2659 res
1091 2629 1180 2659 redit.
1216 2631 1256 2659 In
1272 2629 1327 2659 tali
1342 2640 1412 2665 usu,
1423 2639 1481 2659 vox
1492 2631 1644 2669 despicere

917 2691 981 2711 non
1010 2687 1076 2711 tam
1102 2681 1183 2711 valet
1212 2684 1349 2712 deorsum
1373 2688 1519 2720 spectare,
1548 2692 1645 2722 quam

917 2740 1052 2773 spectare
1067 2735 1103 2764 de
1119 2733 1199 2770 loco,
1217 2732 1270 2762 ubi
1286 2743 1406 2770 sumus,
1429 2732 1463 2763 in
1478 2733 1644 2773 circumja-

918 2784 1034 2821 centia3
1058 2786 1129 2822 late,
1155 2783 1203 2813 vel
1224 2785 1328 2822 libere,
1350 2791 1492 2824 spectare.
1540 2785 1643 2824 Inspi-

919 2836 980 2866 cias
1006 2836 1103 2866 etiam
1126 2836 1205 2865 mihi
1230 2842 1336 2867 notata
1359 2837 1399 2867 ad
1414 2837 1457 2867 iii.
1472 2837 1643 2869 26.—Cae-

918 2893 1032 2925 terum,
1049 2898 1104 2926 pro
1119 2894 1215 2925 tactu,
1232 2893 1266 2918 Δ.
1282 2895 1375 2919 tacta.

962 2938 1033 2969 Ver.
1052 2943 1122 2970 74⁶2.
1144 2940 1317 2981 conjuncta.
1342 2940 1424 2970 Haec
1439 2946 1483 2970 cst
1498 2937 1643 2970 omnium
