1894 3253
616 269 853 319 LIBER
907 268 1218 320 PRIMUS.

1609 279 1670 324 75

302 404 438 445 Saxea
457 403 747 459 conspicimus:
782 413 886 455 tum,
908 412 1048 460 portas
1068 412 1256 460 propter,
1279 402 1413 446 ahena

301 479 431 535 Signa
451 493 597 519 manus
617 478 786 520 dextras
807 479 1042 520 obtendunt
1062 479 1280 521 adtenuari

300 554 422 608 Saepe
442 553 693 594 salutantum
715 562 842 604 tactu,
865 562 1100 610 praeterque
1121 562 1346 595 meantum.

181 632 264 668 3520
297 627 407 669 Haec
431 628 557 684 igitur
576 628 724 679 minui,
748 644 876 684 quom
896 630 977 670 sint
998 629 1163 680 detrita,
1186 628 1395 678 videmus3

150 790 262 824 ccrpta.
301 785 347 814 At
364 783 520 815 Horatius
535 791 642 824 aperte
658 785 802 826 sequitur
817 786 889 818 Ho-

150 845 286 874 merum,
306 835 344 866 Il.
362 841 388 866 P.
406 839 458 867 53.

191 905 246 931 oin
259 906 283 931 δε
297 913 372 940 τςεφει
387 907 498 932 ΕΡΝΟΣ
515 917 574 943 σιγης
586 907 685 942 agiona&
700 912 783 937 ελοειης

191 955 294 997 ΧΩΡῼ
321 963 342 980 εν
356 955 527 999 ΟΙΟΠΟΛΙΙΣ.

148 1021 338 1052 Eustathius
353 1021 393 1052 ad
417 1021 536 1052 locum:
566 1029 637 1061 φασι
657 1036 716 1065 γαρ
732 1036 772 1054 «τοι
792 1036 816 1054 εν
833 1036 891 1066 spn-

150 1086 206 1112 μιςι
234 1086 284 1103 και
299 1073 465 1111 μοναζοντα.
492 1081 573 1113 φας-οε
588 1081 727 1113 μαλιστα
752 1076 889 1105 Samen·

151 1137 192 1154 ‘5oe
208 1123 236 1154 δε
262 1138 305 1163 μη
327 1138 461 1161 rolmara,
489 1126 577 1158 ἦττον
602 1134 725 1169 turgowe
742 1139 819 1161 ειναι,
846 1128 890 1157 οἷαι

151 1189 204 1209 την
227 1183 373 1209 αλλκλων
400 1178 515 1216 ευφυῗοιν
541 1190 577 1219 τῃ
599 1191 747 1218 εγγυτητι
772 1186 891 1220 αφαιρε-

151 1240 231 1266 μενοι.
280 1227 450 1257 Maeonidis
469 1227 576 1257 locum
593 1228 738 1258 Catullus
753 1229 893 1259 versibus

150 1278 275 1309 Latinis
291 1278 421 1317 pulchre
437 1277 613 1315 adornavit,
631 1278 671 1308 lx.
687 1282 742 1310 59.

183 1338 221 1361 Ut
229 1337 279 1367 stus
290 1337 317 1361 in
330 1336 410 1368 septis
421 1339 528 1360 secretus
541 1336 659 1360 nascitur
670 1337 757 1367 hortis,

184 1378 296 1408 Ignotus
309 1376 409 1408 pecori,
423 1375 497 1400 nullo
509 1375 652 1400 convolsus
668 1380 768 1406 aratro,

179 1418 269 1448 Quem
282 1416 406 1441 mulcent
418 1422 503 1445 aurae,
522 1416 614 1440 firmat
624 1416 673 1446 sol,
685 1417 783 1441 educat
795 1416 891 1442 imber.

152 1474 296 1504 Accedat
334 1474 430 1504 etiam
470 1483 537 1503 non
561 1474 783 1505 incommodus
814 1474 891 1504 Avi-

149 1535 247 1563 enus,
263 1525 329 1555 orb.
346 1525 426 1555 desc.
445 1527 536 1555 1058.

475 1591 523 1615 per
535 1584 669 1616 inhospita
680 1585 755 1616 cujus

214 1625 335 1655 AEquora
351 1627 442 1648 secreto
455 1625 540 1648 vitam
553 1625 722 1656 produxerat
733 1633 803 1658 agro.

153 1674 300 1713 Ovidius,
322 1685 418 1716 quem
437 1681 468 1706 et
483 1675 536 1705 alii
552 1675 729 1715 laudavere,
753 1675 893 1706 Lucretii

149 1737 257 1757 versus
280 1737 355 1757 cum
369 1728 518 1758 varietate
534 1728 718 1759 suavissima
732 1728 892 1767 expressit,

156 1777 190 1807 in
205 1784 263 1808 art.
280 1788 341 1808 am.
357 1778 377 1808 i.
394 1782 466 1809 475.

155 1835 266 1860 Ferreus
277 1835 389 1860 adsiduo
401 1835 571 1860 consumitur
581 1836 695 1860 annulus
707 1842 772 1866 usu3

187 1875 282 1899 Interit
294 1875 404 1898 adsidua
417 1882 511 1899 vomer
523 1876 645 1900 aduncus
657 1875 752 1899 humo.

159 1914 232 1946 Quid
244 1915 330 1946 magis
341 1919 380 1939 est
392 1922 460 1940 saxo
472 1916 586 1940 durum?
605 1916 669 1947 quid
681 1916 787 1941 mollius
804 1916 895 1943 unda?

189 1956 262 1979 Dura
273 1958 367 1979 tamen
379 1955 454 1980 molli
464 1961 531 1980 saxa
542 1959 674 1980 cavantur
685 1956 765 1987 aqua.

157 2004 247 2035 Hinc
263 2004 359 2034 etiam
375 2004 569 2035 Theocriteae
589 2006 739 2037 orationis
754 2007 892 2046 proprie-

154 2062 244 2093 tates,
272 2057 444 2088 editoribus
459 2059 594 2089 minime
609 2065 778 2099 perceptas,
804 2060 892 2100 peni-

156 2108 220 2138 tius
235 2108 416 2148 dispexeriS,
433 2109 519 2150 idyll.
535 2109 599 2141 xiii.
615 2114 667 2142 51.

562 2173 617 2200 ενθω
631 2177 725 2202 Κιανων

197 2219 326 2248 Αυλικκοις
342 2229 452 2255 ευςυνοντι
463 2221 525 2251 βοες,
538 2218 657 2255 τξιὲονπς
668 2232 774 2257 αξη-ξαν.

156 2270 281 2301 vividis
295 2272 451 2302 nimirum
466 2273 719 2313 circumstantiis,
736 2275 830 2305 aratri
846 2280 892 2306 at-

157 2323 235 2353 tritu
250 2329 282 2353 et
296 2324 504 2364 amplitudine
516 2326 686 2364 sulcorum,
702 2328 800 2358 boum
815 2327 895 2358 vires

156 2381 249 2415 atque
265 2375 484 2407 excellentiam
496 2377 718 2408 solertissimus
733 2380 824 2418 poeta
839 2379 893 2410 de-

156 2425 292 2457 claravit.
324 2427 495 2468 Eleganter
509 2435 628 2467 tamen,
654 2436 685 2460 et
700 2431 833 2470 erudite,
852 2432 893 2463 D.

159 2477 315 2508 Heinsius
341 2481 472 2510 wau-mm
498 2482 704 2520 proponebat;
730 2482 770 2512 de
785 2482 847 2523 quii
863 2493 896 2513 re

157 2538 215 2558 nos
229 2529 356 2559 uberius
376 2529 605 2569 disputavimus
620 2533 652 2562 in
671 2532 743 2563 Silv.
762 2533 837 2563 Crit.
854 2534 893 2565 iv,

158 2590 208 2620 pp.
226 2582 280 2618 58,
309 2584 360 2617 59,
388 2585 439 2612 60.
467 2582 521 2612 sed
537 2583 697 2614 Theocriti
721 2584 815 2615 lectio
830 2596 895 2616 non

158 2631 360 2662 immutanda
375 2638 429 2663 est.
473 2633 536 2663 His
551 2641 657 2665 autem
673 2646 801 2667 exorsus
815 2638 893 2667 Avi-

160 2692 259 2712 enum
273 2683 432 2724 castigabo
447 2684 480 2714 in
496 2686 559 2715 orb.
577 2685 656 2716 desc.
673 2690 748 2717 354.

161 2750 277 2775 vomere
287 2756 350 2781 quae
363 2750 442 2782 duro,
453 2758 515 2782 quae
528 2751 601 2784 longi
612 2753 731 2784 pondere
741 2754 831 2784 aratri,

160 2788 309 2814 solicitavit
320 2790 436 2815 humum
447 2800 454 2821 ;
473 2798 536 2822 quae
549 2792 622 2816 rectis
633 2792 745 2817 scindere
755 2793 830 2817 sulcis

158 2827 300 2854 Tellurem
311 2830 420 2860 docuit;
439 2837 513 2861 quae,
527 2834 624 2855 metans
635 2832 753 2863 partibus
764 2832 893 2863 aethram,

159 2868 277 2893 Prodidit
287 2869 396 2901 obliquo
406 2870 490 2895 solem
503 2870 644 2895 decurrere
655 2870 737 2896 coelo.

161 2924 270 2966 Vulgo
283 2926 406 2968 legunt,
427 2930 543 2959 caedere
559 2934 590 2959 et
604 2931 721 2960 cedens.

161 2975 268 3015 Ipsam
283 2978 422 3010 Lucretii
438 2980 627 3011 sententiam
639 2980 739 3011 obiter
753 2979 893 3021 quidem,

936 786 990 818 sed
1010 786 1219 824 ornatissime,
1245 785 1300 816 sed
1327 783 1518 823 felicissime,
1543 783 1676 824 protulit

937 838 1106 879 Virgilius,
1122 849 1190 879 geo.
1206 838 1226 868 i.
1245 841 1295 868 46.

1103 902 1141 929 et,
1151 898 1218 922 sulco
1229 896 1350 926 adtritus,
1360 895 1543 927 splendescere
1555 902 1656 920 vomer.

981 947 1057 977 Ver.
1072 950 1145 977 516.
1162 949 1264 977 Strata
1276 946 1407 984 pedibus
1422 947 1534 976 detrita
1550 948 1672 976 viarum

939 1001 1033 1029 Sarea
1043 1014 1052 1029 .·
1079 1009 1149 1039 quae
1173 1008 1212 1027 ex
1239 996 1415 1037 liquefactis
1437 997 1596 1027 montium
1624 1007 1674 1027 ar-

937 1049 1083 1080 dentium
1094 1049 1317 1089 ejectamentis,
1328 1048 1575 1089 congelatisque,
1586 1058 1674 1078 com-

938 1101 1038 1140 posita
1060 1100 1156 1130 fuisse
1172 1099 1371 1139 probabiliter
1396 1105 1564 1138 putantur3
1587 1099 1674 1130 unde

937 1151 1114 1190 Juvenalis,
1142 1151 1181 1180 vi.
1197 1154 1270 1180 550.
1298 1160 1394 1190 quem
1408 1150 1614 1190 depravatum
1629 1151 1677 1181 le-

937 1213 1011 1243 gere
1026 1209 1072 1232 est
1095 1204 1129 1232 in
1143 1202 1175 1233 J.
1194 1201 1308 1232 Sarisb.
1330 1201 1369 1231 de
1385 1203 1479 1242 nugis
1493 1202 1674 1241 curialium,

937 1254 998 1284 viii.
1019 1257 1067 1284 ll.

1100 1311 1194 1336 silicem
1202 1310 1308 1342 pedibus
1319 1317 1382 1342 quae
1394 1311 1498 1336 conterit
1509 1314 1609 1336 atrum:

937 1362 1023 1393 unde
1053 1362 1150 1392 etiam
1180 1360 1386 1400 Prudentius,
1418 1367 1527 1393 contra
1555 1361 1675 1402 Symm.

939 1417 1010 1445 582.

969 1473 1077 1505 Quique
1086 1472 1144 1497 terit
1154 1472 1246 1497 silicem
1258 1472 1337 1497 variis
1348 1472 1506 1498 discursibus
1516 1476 1613 1498 atram.

938 1533 990 1563 De
1004 1531 1117 1562 eodem
1135 1531 1248 1561 Romae
1272 1531 1452 1570 pavimento
1469 1531 1605 1562 Ovidius
1626 1531 1676 1562 in-

936 1585 1126 1626 telligendus
1141 1590 1188 1615 est
1202 1584 1301 1625 loqui,
1317 1584 1357 1615 ad
1372 1590 1428 1615 art.
1444 1595 1506 1615 am.
1521 1585 1567 1616 iii.
1584 1589 1636 1617 91.

953 1643 1111 1669 Conteritur
1120 1642 1236 1672 ferrum,
1247 1642 1326 1667 silices
1337 1646 1496 1673 tenuantur,
1506 1644 1539 1667 ab
1552 1650 1643 1667 usu—.

938 1693 990 1723 Ita
1004 1692 1308 1732 interpungendum,
1334 1697 1372 1721 ut
1396 1702 1488 1722 voces
1509 1693 1546 1722 ab
1562 1703 1620 1723 usu
1636 1702 1676 1723 u-

937 1750 1083 1784 tramque
1097 1742 1272 1773 clausulam
1287 1742 1464 1782 respiciant.

983 1794 1065 1824 Ibid.
1083 1795 1191 1824 Strata
1207 1795 1337 1824 viarum.
1376 1793 1542 1834 Virgilius,
1559 1793 1637 1826 AEn.
1655 1794 1676 1827 i.

939 1847 1012 1875 422.

955 1902 1070 1927 Miratur
1077 1906 1178 1933 ροηδε,
1188 1901 1397 1933 strepitumque,
1407 1905 1436 1927 et
1445 1906 1528 1928 strata
1536 1903 1659 1930 viarum.

983 1961 1058 1992 Ver.
1073 1964 1146 1992 517.
1169 1963 1283 1991 ahena.-
1309 1961 1351 1991 V.
1371 1960 1419 1991 ed.
1434 1963 1565 1992 harena.

983 2013 1058 2045 Ver.
1096 2016 1169 2043 518.
1213 2014 1390 2044 obtendunt:
1438 2013 1477 2043 Β.
1507 2015 1676 2045 ostendant.

939 2065 1046 2096 Scriba
1076 2064 1205 2095 fortasse
1239 2064 1349 2100 voluit,
1385 2071 1535 2096 ostentant
1541 2081 1552 2101 ;
1591 2066 1676 2107 quod

937 2117 971 2147 in
986 2127 1018 2147 se
1033 2117 1147 2147 habere
1164 2116 1321 2147 vividioris
1337 2115 1456 2156 aliquid
1478 2122 1509 2147 et
1523 2116 1675 2157 signatio-

938 2169 981 2199 ris
995 2169 1093 2199 videri
1111 2168 1218 2208 possit.

980 2221 1056 2251 Ver.
1078 2223 1152 2252 519.
1179 2226 1278 2250 tactu:
1304 2229 1369 2248 non
1391 2228 1548 2249 manuum
1571 2219 1676 2250 solum

938 2271 1212 2309 contrectantium,
1228 2271 1282 2301 sed
1305 2271 1399 2301 etiam
1417 2270 1576 2301 labrorum
1591 2271 1674 2301 scili-

938 2330 997 2363 cet,
1018 2324 1096 2354 dum
1112 2324 1211 2353 turbae
1227 2322 1420 2352 salutatriccs
1442 2322 1674 2355 deosculantur.

939 2377 1040 2407 Hunc
1057 2386 1179 2405 morem
1204 2374 1407 2414 lepidissimis
1428 2375 1566 2404 versibus
1589 2375 1673 2405 Pru-

939 2427 1064 2458 dentius
1078 2426 1280 2466 praestrinxit,
1297 2432 1405 2456 contra
1424 2425 1541 2465 Symm.
1564 2425 1583 2455 i.
1602 2429 1674 2457 208.

939 2478 1091 2516 Lucretii,
1107 2483 1144 2507 ut
1157 2483 1277 2517 putem,
1294 2487 1359 2507 non
1377 2476 1558 2506 immemor:

968 2539 1046 2566 Mox,
1057 2536 1177 2561 humeris
1187 2536 1288 2567 positus
1299 2534 1419 2563 nutrici5‚
1432 2533 1513 2558 trivit
1523 2538 1550 2559 et
1560 2534 1616 2566 ipse

969 2577 1104 2608 impressis
1119 2576 1212 2601 silit-em
1223 2575 1314 2603 labris
1331 2574 1442 2606 puerilia
1453 2578 1518 2599 vota

969 2618 1060 2648 Fudit,
1070 2624 1188 2649 opesque
1197 2617 1247 2641 sibi
1257 2616 1322 2641 caesti
1335 2616 1369 2640 de
1379 2622 1445 2646 rupe
1455 2616 1594 2648 poposcit:

938 2686 1008 2716 quae
1018 2681 1065 2706 est
1076 2674 1326 2715 ingeniosissima
1339 2673 1518 2703 emendatio
1529 2673 1673 2712 Heinsii,

938 2737 995 2765 pro
1010 2725 1104 2763 caecct,
1119 2731 1213 2766 atque
1228 2725 1324 2755 etiam
1338 2723 1504 2755 verissima.
1552 2725 1672 2756 Simili-

937 2784 984 2808 ter
998 2778 1083 2808 idem
1101 2776 1306 2814 Prudentius,
1321 2776 1425 2816 per-ist.
1442 2777 1488 2808 iii.
1506 2781 1557 2808 69.

1061 2838 1092 2860 Et
1103 2836 1175 2861 male
1185 2836 1297 2868 prodiga
1306 2837 1388 2860 corda
1398 2835 1439 2860 sui

1063 2878 1186 2901 Sternere
1197 2876 1443 2912 rasilibuscsdcopulis.

937 2927 1059 2956 Locum
1090 2925 1263 2963 Ciceronis,
1292 2926 1326 2956 in
1353 2926 1445 2956 verr.
1471 2925 1510 2955 iv.
1535 2928 1586 2955 43.
1617 2933 1672 2963 per

937 2977 1096 3008 solertiam
1122 2977 1338 3016 tempestivam
1354 2977 1594 3016 Havercampus
1615 2974 1670 3005 ad·

886 3037 948 3067 1⁴¹5
