1894 3253
218 255 312 295 236

724 250 783 296 T.
836 248 1215 296 LUCRETII

250 383 332 419 205
366 379 572 428 Pondera‚
604 386 805 434 quantum
825 380 868 419 in
889 394 931 420 se
951 387 1025 428 est,
1059 379 1252 420 deorsum
1272 379 1474 422 deducere
1493 392 1690 440 pugnent.

366 453 682 508 Nocturnasque
701 453 838 504 faceis,
871 453 961 494 coeli
983 453 1154 496 sublime
1173 454 1384 505 volanteis,

363 526 516 567 Nonne
536 527 648 568 vides
667 527 812 585 longos
831 528 1091 569 flammarum
1112 528 1262 570 ducere
1282 537 1450 580 tractus,

264 698 280 728 1
284 697 344 728 bid.
362 709 420 738 per
449 711 544 731 auras
575 703 675 731 Aeris.
730 700 943 741 Hendyadem

220 750 332 780 maluit
347 750 381 780 in
396 750 464 781 loco
476 751 586 781 similis
597 752 754 789 orationis,
771 759 801 783 et
810 753 943 782 minime

216 801 435 841 intempestivo
448 803 548 842 nobis,
563 804 708 842 Ovidius,
724 810 797 835 met.
810 814 857 835 xv.
872 806 942 835 246.

659 890 784 912 tenuatus
792 887 820 910 in
831 893 910 910 auras

248 924 367 955 Afraque
378 923 476 949 humor
487 925 556 949 abit:
574 925 687 957 dempto
697 932 807 957 quoque
817 926 945 957 pondere,

327 971 415 988 rursus

249 1004 279 1027 ln
288 1011 398 1035 superos
409 1004 455 1028 a'er
466 1005 636 1030 tenuissimus
647 1006 747 1030 emicat
759 1006 841 1037 ignes.

258 1075 334 1106 Ver.
353 1080 423 1107 204.
445 1088 590 1117 expressae
600 1079 762 1118 flammae:
787 1083 824 1107 ut
843 1077 944 1108 Luca.

217 1136 286 1163 nus,
309 1127 329 1157 i.
350 1131 418 1158 151.

411 1215 556 1244 expressum
566 1212 653 1237 ventis
665 1219 711 1243 per
722 1211 810 1236 nubila
813 1211 930 1242 fulmen:

214 1287 250 1311 ut
264 1282 349 1320 prior
363 1283 502 1321 Tullius,
524 1284 563 1314 de
577 1284 637 1313 div.
659 1284 691 1314 ii.
710 1286 828 1315 19.-“
845 1284 869 1313 si
884 1293 939 1312 au-

217 1335 240 1350 “
256 1338 321 1363 tem
343 1334 477 1364 nubium
500 1335 647 1365 conflictu
669 1338 763 1366 ardor
786 1347 940 1376 expressus

218 1387 241 1402 “
258 1396 290 1415 se
305 1386 454 1424 emiserit,
476 1387 510 1417 id
519 1398 584 1417 esse
595 1387 840 1418 fulmen.”—Et
855 1388 941 1418 insu-

217 1448 273 1476 per
297 1439 401 1479 jungo
426 1451 546 1471 sursum
573 1451 647 1470 cum
672 1452 832 1481 expressae;
868 1451 943 1471 nam

216 1499 336 1528 vereor,
359 1497 396 1520 ut
418 1492 569 1522 Latinum
592 1493 632 1522 sit
646 1493 718 1523 satis
739 1504 859 1524 sursum
874 1504 942 1524 suc-

218 1543 333 1578 cedere,
357 1552 430 1571 cum
450 1553 505 1581 per
530 1553 562 1572 se
585 1546 743 1574 succedere
769 1543 810 1573 sit
823 1555 943 1574 sursum

217 1594 299 1628 tom,-
324 1593 446 1631 sedita,
470 1600 595 1633 propter
616 1597 682 1632 sub,
705 1601 741 1625 ut
767 1595 805 1625 de
831 1594 944 1625 humili

217 1644 287 1674 loco
302 1655 429 1685 surgere
440 1646 577 1686 incipiat.
625 1647 731 1688 Atque
746 1648 791 1677 sic
811 1653 857 1677 est
871 1657 944 1677 cum

217 1699 317 1729 verbis
333 1700 480 1730 omnibus
502 1701 645 1732 similiter
656 1701 845 1741 compositis,
868 1712 945 1742 quo-

217 1761 289 1781 rum
304 1758 438 1791 potestas
450 1754 620 1784 nonnullos
634 1754 772 1784 multum
784 1754 943 1791 cruciavit,

217 1810 310 1844 atque
332 1805 471 1844 impulit,
496 1812 532 1836 ut
558 1807 719 1837 crederent
745 1817 783 1837 ex
811 1818 944 1844 sursum,

218 1866 283 1885 non
298 1858 362 1894 sub,
386 1857 540 1894 confecta;
565 1864 606 1896 et,
623 1865 688 1888 tam
704 1858 872 1888 hodiernos
886 1858 945 1888 cri-

218 1908 304 1944 ticos,
322 1918 417 1948 quam
432 1909 652 1949 grammaticos
665 1909 858 1940 vetustiores.
887 1909 945 1940 Su-

218 1969 284 1997 pra,
307 1960 347 1989 ad
362 1971 422 1990 ver.
441 1964 509 1992 191.
532 1962 671 1991 subsilire
694 1960 733 1991 de
758 1962 817 1991 hoc
832 1971 946 2001 genere

220 2016 282 2047 est;
305 2013 467 2048 submittit,
490 2011 529 2041 ad
545 2011 563 2041 i.
581 2015 610 2041 8.
625 2013 716 2049 subit,
733 2012 823 2052 Virg.
841 2022 908 2051 geo.
925 2011 944 2041 i.

223 2064 293 2091 152.
309 2063 474 2099 subvolare,
500 2061 609 2091 Aurel.
625 2062 709 2092 Vict.
727 2062 766 2091 de
780 2062 834 2092 vir.
850 2062 945 2092 illust.

220 2112 260 2142 vi.
275 2117 305 2143 5.
329 2119 359 2143 et
374 2113 436 2143 alia
449 2112 559 2150 millia,
582 2123 652 2153 quae
663 2113 812 2153 leguntur
834 2114 944 2144 ubivis.

223 2165 288 2195 Adi
303 2165 344 2195 sis
358 2165 398 2195 iv.
417 2169 486 2196 162.

263 2217 339 2247 Ver.
358 2220 431 2248 205.
459 2220 618 2247 Pondera:
647 2218 696 2247 M.
715 2220 870 2254 Pondere5
894 2228 946 2248 ra-

221 2269 358 2299 tionibus
373 2269 527 2299 sermonis
541 2269 633 2308 plane
647 2270 947 2310 repugnantibus.—

221 2324 254 2352 2‘n
270 2333 299 2352 se
314 2328 374 2352 est:
400 2321 496 2351 Vind.
515 2322 558 2352 V.
571 2322 619 2352 ed.
643 2322 679 2352 B.
704 2322 741 2352 L.
766 2323 813 2352 M.
842 2329 882 2352 Π.
910 2327 944 2354 Σ.

220 2376 316 2409 inest;
343 2384 400 2404 nec
415 2374 545 2404 omnino
560 2374 659 2404 male:
686 2374 755 2404 vide
778 2385 836 2405 nos
860 2375 900 2404 ad
922 2375 944 2404 i.

220 2429 292 2457 362.
309 2432 339 2456 et
353 2436 437 2462 mox,
460 2437 520 2456 ver.
542 2429 823 2458 eelz—deducere.-
850 2427 945 2457 Vind.

221 2478 264 2508 V.
282 2478 330 2508 ed.
349 2478 388 2509 O.
404 2483 439 2509 Δ.
456 2485 497 2508 Π.
514 2482 549 2509 Σ.
564 2485 606 2508 Ω.
623 2481 749 2515 ducere‚·
773 2479 858 2509 unde
869 2488 945 2519 quo-

221 2529 266 2559 vis
278 2530 408 2571 pignore
419 2529 643 2565 contenderim,
662 2540 699 2559 eo
710 2540 808 2569 more,
825 2541 888 2571 quo
899 2541 946 2561 se-

221 2581 338 2621 quitur,
361 2581 545 2611 Lucretium
560 2581 731 2620 scripsisse:

724 2664 890 2688 quamquam

253 2697 375 2727 Pondere,
386 2701 519 2729 quantum
530 2698 603 2729 ines-t,
612 2698 737 2724 deorsum
748 2706 773 2722 se
780 2698 869 2723 ducere
880 2705 946 2731 pug-

330 2740 411 2761 nent:

221 2806 253 2831 et
266 2806 391 2832 tantum
406 2814 469 2834 non
481 2804 620 2844 poenitet,
642 2816 694 2836 me
708 2811 888 2836 contextum
903 2805 946 2835 ita

221 2852 355 2894 denique
373 2856 576 2887 constitutum
591 2857 764 2898 relinquere
778 2858 922 2889 noluisse.

266 2905 341 2935 Ver.
357 2909 428 2937 206.
443 2909 584 2938 sublime:
604 2910 645 2940 V.
658 2910 705 2940 ed.
720 2911 773 2941 sub
784 2913 872 2947 lune;
890 2920 946 2951 per

222 2965 357 2988 errorem
372 2956 413 2988 ad
427 2967 487 2988 ver.
505 2962 574 2990 196.
591 2958 791 2991 declaratum.

1030 700 1112 732 Ibid.
1123 704 1205 733 Noct
1211 713 1305 733 urnas
1306 703 1420 743 faceis.
1459 701 1510 732 Sic
1523 702 1634 741 spiritu
1644 712 1714 733 vere

987 753 1156 792 magnifico
1172 753 1332 791 Lucanus,
1358 759 1388 783 et
1410 753 1547 783 versibus
1569 753 1713 792 politissi-

987 804 1056 840 mis,
1080 805 1099 835 i.
1115 808 1188 836 526.

1005 873 1102 904 Ignota
1110 873 1230 897 obscurae
1243 872 1369 898 viderunt
1382 872 1467 898 sidera
1478 877 1580 903 noctes,

1004 912 1207 943 Ardentemque
1218 913 1310 944 polum
1330 913 1457 943 flammis,
1473 913 1582 944 coelique
1592 913 1713 938 volantes

1005 952 1130 982 Obliquas
1140 959 1187 983 per
1198 952 1276 977 inane
1279 952 1363 983 faces.

989 1008 1040 1038 Ita
1063 1009 1294 1049 castigandum,
1323 1016 1360 1039 ut
1384 1010 1572 1040 constructio
1596 1010 1717 1040 facilior

988 1060 1107 1099 evadat,
1114 1072 1173 1101 per
1181 1063 1275 1092 inane
1287 1063 1362 1092 coelz'.
1406 1062 1507 1099 Libri,
1518 1064 1598 1092 caelo.
1631 1063 1716 1093 Vide

988 1113 1137 1151 eundem,
1161 1113 1199 1144 vi.
1217 1117 1287 1144 751.
1304 1113 1346 1144 ix,
1361 1116 1432 1144 475.
1459 1113 1572 1144 Claud.
1587 1114 1622 1143 in
1647 1114 1715 1144 Eu-

988 1171 1065 1204 trop.
1080 1165 1101 1196 i.
1115 1168 1187 1197 575.
1231 1165 1402 1206 Eleganter
1427 1166 1523 1196 etiam
1549 1166 1716 1205 Manilius,

986 1216 1007 1246 i.
1026 1219 1098 1247 857.

1017 1285 1056 1308 Ne
1066 1284 1173 1313 mirere,
1182 1285 1256 1315 faces
1266 1285 1365 1310 subitas
1373 1292 1516 1317 erumpere
1528 1286 1610 1316 coelo‚

1015 1322 1138 1353 Aeraque
1148 1329 1293 1347 accensum
1306 1324 1421 1348 flammis
1432 1325 1522 1350 lucere
1532 1325 1658 1350 coruscis.

985 1381 1029 1411 Et
1053 1390 1107 1419 per
1121 1380 1224 1421 faces,
1252 1381 1396 1421 intelligo
1427 1392 1555 1421 corpora
1584 1396 1713 1425 μετεωροι

986 1431 1102 1461 caussis
1117 1442 1154 1460 ex
1170 1432 1307 1461 obscuris
1321 1432 1524 1472 ignaecenfia,
1548 1438 1579 1463 et
1593 1433 1715 1472 impetu

990 1483 1154 1513 subitaneo
1162 1483 1277 1513 coelum
1286 1485 1542 1523 transcurrentia3
1553 1496 1624 1526 quae
1633 1485 1717 1522 ὅρκοι,

988 1536 1096 1571 trabes,
1112 1534 1161 1564 vel
1177 1536 1336 1572 columnae,
1360 1534 1422 1564 alio
1437 1536 1566 1565 nomine
1577 1536 1715 1566 vocitan-

989 1591 1048 1616 tur.
1094 1585 1222 1621 Seneca,
1245 1592 1309 1615 nat.
1332 1591 1451 1626 quaestt.
1467 1586 1487 1616 i.
1507 1590 1534 1617 1.
1557 1590 1578 1605 “
1594 1587 1645 1617 Ex
1659 1587 1719 1616 hac

991 1641 1012 1656 “
1029 1637 1137 1679 (a'eris)
1162 1638 1326 1668 vexatione
1352 1643 1523 1668 nascuntur
1548 1639 1662 1677 trabes,
1684 1644 1717 1669 et

992 1693 1013 1708 “
1030 1689 1127 1730 globi,
1150 1696 1182 1719 et
1184 1690 1287 1730 faces,
1311 1695 1341 1719 et
1357 1689 1511 1720 ardores.”

1035 1741 1116 1771 Ibid.
1127 1742 1251 1772 sublime
1262 1743 1414 1772 volanteis.
1459 1740 1624 1781 Virgilius,
1640 1741 1715 1771 AEn.

989 1804 1019 1824 x.
1035 1797 1107 1824 664.

1020 1853 1081 1882 Sed,
1097 1852 1200 1876 sublime
1211 1853 1317 1883 volans,
1335 1852 1400 1876 nubi
1409 1859 1436 1877 se
1447 1852 1583 1877 inmiscuit
1595 1855 1674 1877 atrae.

1034 1902 1114 1933 Ibid.
1137 1905 1205 1933 coeli
1226 1904 1350 1933 sublime
1371 1904 1534 1933 volenteis.-
1572 1901 1593 1932 i.
1616 1911 1642 1932 e.
1660 1912 1717 1942 per

989 1956 1124 1991 sublime,
1148 1953 1238 1984 solita
1252 1954 1419 1983 omissione
1433 1953 1533 1993 po'etis
1548 1953 1582 1982 in
1597 1952 1721 1993 generis

990 2007 1122 2046 hujusce
1136 2006 1250 2036 verbisz
1277 2006 1347 2036 vide
1372 2015 1442 2046 quae
1457 2004 1652 2035 contulimus
1677 2004 1717 2034 ad

991 2057 1010 2086 i.
1029 2060 1099 2086 854.
1118 2061 1208 2087 1060.
1232 2057 1263 2086 ii.
1290 2060 1358 2087 124.
1382 2056 1471 2086 Hinc
1495 2055 1717 2090 Callimachus,

991 2109 1099 2147 hymn.
1115 2108 1210 2138 Dian.
1229 2112 1296 2139 195.

1313 2171 1325 2196 ὁ
1337 2170 1358 2196 δ’
1369 2179 1433 2196 tvvm
1443 2180 1526 2204 μῆνας
1536 2170 1676 2195 ΕΦΟῙΤΑ

1066 2221 1235 2245 HAIIIAAA
1247 2229 1282 2250 τε,
1304 2220 1496 2245 ΚΡΗΜΝΟΥΣ
1510 2229 1551 2245 τε(

990 2288 1020 2312 et
1035 2281 1176 2311 similiter
1190 2281 1262 2311 ibid.
1281 2284 1349 2312 155.
1372 2288 1460 2323 Ουρεω
1475 2282 1641 2317 βοσκεσθαι·
1659 2291 1717 2320 per

989 2340 1101 2364 montes
1116 2345 1145 2364 se
1158 2344 1294 2373 pascere,
1317 2333 1365 2363 vel
1378 2335 1485 2373 pasci:
1512 2333 1555 2362 ita
1571 2332 1658 2363 locus
1672 2338 1719 2363 est

991 2385 1182 2416 reddendus:
1210 2391 1242 2415 et
1256 2395 1316 2415 ver.
1329 2388 1400 2416 255.
1415 2392 1503 2427 Oupsoe
1517 2385 1718 2424 πλαζομενοις·

993 2437 1110 2468 Confer
1138 2437 1253 2467 Theoc.
1284 2437 1348 2467 xiii.
1379 2441 1428 2467 66.
1463 2437 1557 2475 Soph.
1587 2436 1640 2476 Aj.
1665 2439 1718 2466 30.

991 2490 1121 2519 Veteres
1143 2489 1176 2518 in
1198 2490 1256 2518 hac
1278 2488 1373 2518 etiam
1396 2486 1533 2518 formula
1555 2480 1715 2521 sermonis,

990 2546 1026 2570 ut
1049 2540 1083 2570 in
1107 2540 1244 2579 pulchris
1267 2539 1424 2576 omnibus,
1455 2537 1596 2568 aemulari
1619 2536 1717 2566 voluit

990 2591 1147 2622 maximus
1175 2591 1348 2628 Miltonus;
1378 2590 1418 2626 ei,
1445 2590 1495 2620 cui
1518 2588 1567 2618 vel
1592 2587 1714 2624 Virtus,

991 2643 1040 2672 vel
1054 2643 1207 2681 Libertas,
1223 2642 1308 2672 cordi
1324 2642 1374 2679 sit,
1389 2640 1438 2671 vel
1451 2641 1555 2671 Musae
1569 2637 1713 2677 denique,

993 2695 1183 2735 Gratiaeque,
1206 2704 1380 2735 nunquam,
1402 2692 1462 2723 nisi
1490 2689 1714 2721 venerabundis

989 2757 1063 2777 cum
1078 2746 1250 2783 affectibus,
1274 2743 1492 2776 nominandus.
1537 2740 1712 2780 Assurgite,

989 2798 1153 2828 doctorum
1167 2797 1266 2828 chori!
1300 2795 1410 2826 Parad.
1425 2793 1527 2823 amiss.
1543 2791 1581 2821 iv.
1598 2793 1670 2822 677.

1019 2866 1134 2891 Millions
1144 2866 1176 2891 of
1183 2865 1301 2897 spiritual
1313 2866 1445 2889 creatur-es
1456 2859 1530 2885 walk
1540 2859 1579 2884 the
1589 2859 1660 2884 earth

1020 2909 1142 2932 Unseen:

988 2968 1081 3004 atque
1095 2963 1222 3000 iterum,
1244 2960 1316 2992 ibid.
1332 2959 1382 2990 vii.
1399 2961 1471 2990 477.
1487 2956 1676 2990 felicissime:
