1894 3253
717 250 776 297 T.
833 250 1241 299 LUCRETII‘

363 385 550 437 Corpora
563 381 711 437 jactari
731 382 851 422 unius
871 383 1064 439 genitalia
1083 384 1161 434 rei3

362 457 502 506 Unde,
524 456 611 506 ubi,
634 455 713 512 qua
735 457 789 506 vi,
812 465 852 497 et
873 472 955 512 quo
974 466 1111 512 pacto,
1135 473 1352 516 congressa
1372 460 1555 513 coibunt,

251 536 332 573 550
364 530 556 572 Materiae
577 538 693 571 tanto
713 531 756 570 in
777 530 937 587 pelago,
961 531 1163 587 turbaque
1183 533 1338 575 aliena?

357 605 472 654 Non,
495 613 540 645 ut
560 605 724 660 opinor,
746 604 901 646 habent
920 606 1122 647 rationem
1143 607 1405 649 conciliandi:

358 679 455 730 Sed,
478 679 608 734 quasi,
630 677 857 736 naufragiis
877 681 1037 737 magnis
1057 681 1274 737 multisque
1294 684 1460 733 coortis,

353 753 582 809 Disjectare
602 754 701 795 solet
722 769 920 811 magnum
940 770 1053 796 mare
1073 764 1265 807 transtra,
1289 772 1497 807 cavernas,

355 829 599 879 Antemnas‚
621 844 804 884 proram,
826 830 968 880 malos,
991 839 1224 887 tonsasque,
1253 833 1476 882 natanteis;

240 907 321 944 555
355 903 436 944 Per
456 911 658 944 terrarum
677 904 833 944 omneis
854 919 946 944 oras
966 905 1167 946 fluitantia
1190 906 1370 960 aplustra

352 976 414 1019 Ut
433 977 664 1028 videantur,
687 985 727 1019 et
746 977 945 1019 indicium
966 979 1207 1020 mortalibus
1229 979 1370 1029 edant,

209 1144 283 1164 nam
298 1144 347 1165 res
362 1134 485 1165 videtur
499 1133 673 1174 perdifficili
691 1135 851 1166 intellectu
869 1137 935 1167 cui-

208 1187 264 1225 vis,
284 1187 516 1226 deprehendere
530 1188 681 1227 quidnam
703 1188 751 1218 vel
768 1188 937 1218 venustatis

207 1239 329 1277 habeat,
352 1239 400 1269 vel
424 1239 519 1269 etiam
534 1241 739 1278 proprietatis,
763 1241 822 1270 hoc
846 1251 934 1270 voca-

207 1290 319 1320 bulum
334 1291 365 1320 in
381 1290 528 1320 hocloco.
576 1292 760 1331 Cogitabam
777 1291 933 1332 equidem,

207 1353 247 1373 an
262 1344 305 1374 sic
322 1349 427 1373 noster
442 1344 608 1383 scripserit:

221 1428 327 1460 Quippe
337 1433 365 1453 et
376 1428 448 1453 enim
459 1432 568 1453 sumant
579 1429 645 1459 ollei,
660 1430 735 1454 finita
746 1437 792 1461 per
804 1437 931 1455 omne—:

204 1508 225 1538 i.
241 1519 266 1538 e.
284 1508 339 1543 illi,
362 1508 416 1548 qui
432 1509 595 1538 materiam
613 1509 750 1548 cujusvis
765 1510 809 1539 rei
827 1510 932 1539 infini-

206 1565 270 1589 tam
293 1570 357 1590 esse
382 1560 485 1590 nolint
509 1561 689 1598 concedere,
717 1567 748 1591 et
773 1561 934 1601 principiis

205 1613 317 1642 nostris
332 1613 513 1643 consentire.
550 1613 650 1651 Nihil,
668 1613 751 1654 quod
767 1613 934 1645 lectoribus

204 1664 344 1700 offeram,
361 1664 551 1702 probabilius
566 1666 624 1694 hoc
640 1671 779 1704 tempore
796 1672 933 1696 mentem

204 1727 310 1746 meam
338 1716 636 1753 incurrit—Porro,
666 1728 722 1756 pro
739 1719 854 1760 finita,
892 1725 932 1749 Π.

204 1768 300 1799 codex
316 1769 408 1798 habet
419 1768 547 1808 functa.

249 1827 321 1857 Ver.
349 1830 421 1858 550.
445 1829 617 1858 Materiae:
654 1833 688 1859 Δ.
711 1830 863 1866 ⁴'llatericu
891 1836 932 1860 Π.

205 1883 240 1910 Σ.
256 1881 398 1909 Materie.

249 1937 329 1967 Ibid.
353 1940 489 1968 matcrioe
509 1940 635 1978 pelago:
661 1945 697 1969 ut
719 1945 790 1978 pote
813 1950 933 1978 semper

204 1998 349 2020 movente
374 2003 418 2029 se,
446 1999 476 2022 et
499 2000 656 2024 aestuante.
704 1995 799 2024 Hanc
827 2002 933 2025 autem

205 2042 340 2082 figuram
369 2045 520 2074 sermonis
550 2045 673 2075 dudum
703 2046 866 2085 illustravi,
895 2048 934 2077 ad

207 2093 281 2123 Silv.
314 2093 388 2124 Crit.
416 2094 454 2124 iv.
481 2105 530 2133 pp.
560 2099 631 2131 125,
663 2100 731 2127 124.
777 2098 827 2127 Ita
855 2098 934 2128 dixit

209 2145 355 2176 Clemens
372 2145 616 2184 Alexandrinus,
633 2149 748 2178 cohort.
764 2149 802 2178 ad
818 2159 868 2189 gg.
884 2153 931 2179 10.

207 2207 340 2239 τελειγος
357 2202 490 2239 myndam:
517 2199 744 2238 Theodoretus,
763 2201 782 2231 i.
808 2205 855 2232 15.
881 2215 931 2232 πε-

206 2259 301 2291 λαγος
318 2255 519 2291 αγαέοτητοςῐ
546 2258 577 2282 et
593 2252 797 2291 Themistius‚
813 2264 842 2292 p.
862 2257 931 2285 177.

204 2310 323 2337 καλλες
351 2311 502 2343 πελαγος.·
528 2303 582 2333 sed
607 2304 792 2344 plerumque
807 2305 846 2334 de
865 2317 931 2335 ma-

203 2356 302 2384 lorum
324 2354 528 2384 multitudine
551 2355 693 2394 usurpari
717 2355 794 2384 solet
808 2355 932 2386 locutio.

205 2407 323 2437 Confer
346 2417 420 2437 mox
438 2417 497 2436 ver.
516 2410 588 2438 562.
634 2407 686 2437 Ad
712 2418 818 2446 parem
835 2414 932 2438 meta-

204 2459 335 2496 phoram
364 2457 587 2496 proverbialem
623 2458 789 2498 exigebant
826 2469 932 2489 vocem

204 2514 326 2545 montes,
357 2514 393 2538 ut
416 2514 520 2539 noster
544 2509 578 2538 in
606 2509 644 2539 vi.
676 2513 744 2541 159.
783 2513 933 2542 “montes

204 2562 225 2577 ‘⁴
242 2559 451 2590 nimborum.”
497 2560 616 2590 Durior
641 2566 686 2590 est
701 2571 757 2599 pro
778 2571 877 2599 more,
900 2568 931 2592 et

203 2622 296 2651 quem
312 2612 362 2642 vix
380 2614 502 2652 probes,
527 2612 701 2651 Sallustius,
728 2613 818 2643 Catil.
835 2618 884 2645 95.
899 2616 928 2644 5.

205 2667 228 2681 “
247 2667 346 2694 maria
370 2671 546 2705 montesque
568 2665 708 2704 polliceri
725 2666 852 2705 coepit:’'
877 2667 930 2696 ubi

203 2714 294 2753 plene
309 2722 340 2745 et
354 2717 474 2748 erudite
489 2718 625 2756 Cortius,
638 2718 775 2748 Lucretii
791 2728 854 2748 non
871 2719 928 2748 im-

204 2776 333 2796 memor.

246 2827 320 2856 Ver.
345 2830 418 2858 551.
443 2833 649 2862 conciliandi:
675 2831 696 2861 i.
713 2843 738 2862 e.
766 2832 798 2862 in
825 2831 929 2862 conci-

204 2878 283 2907 lium
299 2878 448 2915 materiae,
466 2882 557 2911 rebus
572 2883 740 2923 gignendis
755 2894 929 2915 accommo-

205 2927 326 2966 datum,
342 2932 494 2962 veniendi.

1024 1138 1097 1168 Ver.
1118 1140 1192 1169 552.
1217 1139 1339 1169 multis:
1364 1137 1399 1168 P.
1418 1138 1529 1174 ventis;
1553 1136 1608 1168 sed
1629 1137 1712 1170 frus-

980 1195 1034 1219 tra.
1718 1217 1727 1237 Ι

1023 1248 1096 1277 Ver.
1113 1249 1184 1279 553.
1208 1255 1362 1279 transtra.-
1391 1248 1430 1279 O.
1448 1253 1483 1279 Δ.
1506 1260 1708 1280 curva.—ca-

978 1309 1101 1329 vernas:
1129 1299 1171 1328 sic
1203 1300 1249 1329 M.
1280 1305 1310 1329 et
1336 1299 1379 1329 ita
1404 1300 1467 1330 fere
1491 1301 1527 1330 L.
1556 1312 1684 1332 caverna
1694 1313 1706 1331 .·

978 1349 1062 1389 quod
1078 1350 1110 1379 in
1126 1350 1253 1388 proclivi
1269 1356 1314 1379 est
1328 1350 1502 1390 intelligere
1514 1351 1553 1380 de
1569 1351 1707 1391 quolibet

977 1411 1112 1431 concavo
1127 1402 1214 1431 navis
1228 1402 1384 1432 interioris
1399 1402 1576 1443 fragmento
1585 1414 1595 1440 ς
1615 1403 1707 1443 quale

981 1452 1082 1481 Graeci
1095 1459 1312 1491 nuncuparent
1324 1453 1432 1492 εδαφος,
1451 1467 1548 1491 κου-ος,
1563 1467 1706 1496 ’γαπ-ραν,

977 1503 1025 1533 Vel
1041 1512 1242 1546 αμφιμητριον,
1259 1511 1356 1538 κωλῆς
1375 1518 1450 1538 vnn:
1474 1504 1525 1534 adi
1542 1505 1583 1534 sis
1591 1505 1623 1535 J.
1633 1505 1709 1535 Pol-

978 1553 1092 1592 lucem,
1110 1555 1128 1584 i.
1146 1559 1195 1585 87.
1212 1557 1353 1585 carinas:
1380 1555 1420 1584 P.
1432 1555 1529 1585 Vind.
1544 1555 1585 1585 V.
1601 1555 1648 1585 ed.
1666 1562 1707 1586 Π.

979 1613 1012 1638 Σ.
1030 1608 1136 1637 itidem
1154 1609 1247 1645 bene3
1271 1608 1331 1637 nisi
1346 1608 1430 1648 quod
1452 1609 1516 1638 veri
1530 1609 1570 1638 sit
1586 1609 1708 1639 similli-

976 1670 1078 1697 mum,
1094 1661 1211 1690 hancce
1223 1660 1393 1690 dictionem
1408 1660 1640 1698 indepravatam
1652 1671 1706 1700 per

976 1711 1173 1741 librariorum
1208 1721 1322 1741 manus
1351 1711 1448 1741 fuisse
1478 1711 1705 1742 descensuram.

976 1766 1098 1800 carina,
1123 1762 1162 1792 O.
1181 1768 1215 1792 Δ.
1232 1764 1386 1800 carinam,
1410 1768 1454 1792 Ω.
1502 1762 1617 1792 Saltem
1634 1773 1708 1793 con-

976 1814 1083 1844 silium
1107 1813 1269 1851 Lambini,
1301 1813 1481 1852 reponentis
1510 1823 1548 1842 ex
1577 1814 1707 1853 ingenio

973 1868 1122 1906 guberna,
1160 1866 1193 1895 in
1228 1865 1318 1905 cujus
1352 1865 1539 1895 sententiam
1575 1865 1709 1896 editores

976 1919 1108 1958 pedibus
1123 1918 1255 1953 iverunt,
1279 1917 1463 1958 neutiquam
1485 1917 1610 1948 videtur
1631 1918 1709 1948 citra

977 1970 1193 2000 necessitatem
1208 1969 1433 2008 adoptandum.
1481 1969 1542 1999 Sed
1556 1969 1709 2000 nimirum

977 2021 1010 2051 in
1023 2022 1111 2051 omni
1122 2028 1261 2060 tempore
1273 2022 1321 2051 hae
1336 2021 1561 2061 conjecturales
1577 2021 1708 2060 castiga-

977 2074 1078 2104 tiones
1098 2074 1192 2103 nimis
1208 2074 1348 2110 faciliter,
1376 2083 1415 2103 ne
1441 2073 1543 2103 dicam
1569 2072 1705 2102 inconsi-

977 2127 1082 2157 derate
1110 2127 1375 2167 negligenterque,
1407 2132 1480 2155 sunt
1504 2126 1538 2155 in
1568 2124 1708 2155 Lucretii

977 2178 1131 2208 sincerum
1148 2184 1268 2208 textum
1286 2178 1467 2216 importatae.

1020 2242 1100 2272 Ibid.
1133 2244 1307 2283 Disjectare
1337 2254 1420 2273 mare
1450 2248 1597 2273 transtra.
1655 2242 1706 2273 lta

978 2294 1082 2330 Maro,
1100 2294 1174 2323 [En.
1190 2294 1209 2323 i.
1228 2297 1297 2323 128.

1006 2378 1146 2410 Disjectam
1158 2379 1251 2402 AEneae
1265 2382 1324 2403 toto
1337 2379 1410 2403 videt
1421 2385 1520 2410 «equore
1529 2379 1641 2403 classem.

977 2463 1168 2493 Ammianus
1195 2463 1290 2493 etiam
1309 2463 1523 2499 Marcellinus,
1553 2463 1613 2493 xvi.
1628 2467 1704 2493 5.—

977 2518 999 2532 “
1016 2515 1285 2553 iit—conspiratas
1311 2521 1420 2555 gentes
1445 2514 1480 2544 in
1508 2524 1624 2544 noxam
1640 2514 1705 2543 Ro-

974 2569 996 2584 “
1012 2566 1097 2596 mani
1115 2567 1252 2596 nominis
1266 2566 1471 2606 disjectaret.”

1015 2627 1092 2657 Ver.
1111 2630 1183 2658 554.
1216 2629 1395 2658 Antemnas.
1441 2628 1521 2657 Haec
1537 2631 1583 2656 est
1598 2625 1702 2654 ortho-

974 2680 1103 2719 graphia
1118 2680 1158 2709 V.
1174 2679 1221 2710 ed.
1244 2680 1386 2720 glossarii
1401 2679 1520 2714 veteris,
1537 2676 1701 2714 sosipatris

977 2730 1121 2767 Charisii,
1132 2731 1202 2761 inst.
1218 2741 1351 2771 gramm.
1366 2731 1387 2761 i.
1399 2741 1428 2769 p.
1450 2733 1502 2760 20.
1511 2733 1542 2758 et
1556 2727 1600 2756 sic
1615 2727 1701 2756 codi-

974 2791 1024 2811 ces
1039 2781 1131 2811 multi
1147 2781 1187 2811 ad
1204 2782 1292 2822 Virg.
1309 2783 1385 2812 AEn.
1401 2780 1697 2810 iii.·549.-tonsas.-

975 2832 1014 2862 V.
1031 2832 1077 2862 ed.
1096 2844 1209 2864 consus.

1019 2893 1091 2923 Ver.
1108 2896 1179 2924 555.
1190 2892 1377 2933 fluitantia:
1405 2895 1445 2918 Π.
1460 2890 1701 2929 fluvitantia.—

976 2945 1131 2983 aplustra:
1160 2942 1253 2972 Vind.
1270 2941 1312 2971 V.
1333 2939 1380 2970 ed.
1408 2940 1444 2970 B.
1470 2938 1517 2969 .Μ.
1536 2939 1577 2969 Ο.
1602 2944 1636 2972 Σ.
1656 2944 1698 2968 Ω.
