1894 3253
584 227 815 276 LIBER

872 224 1288 276 SECUNDUS

1590 237 1677 279 251

331 361 511 402 Cernere
526 361 612 417 jam
634 376 826 417 nequeas,
850 368 985 401 motus
1006 375 1171 416 quoque
1191 374 1359 415 surpere
1377 359 1545 402 debentz

214 438 294 475 315
329 435 580 486 Praesertim,
604 451 745 492 quom,
769 450 862 491 quae
882 436 1089 490 possimus
1110 449 1294 485 cernere,
1316 434 1448 476 celent

332 511 453 566 Saepe
474 520 611 552 tamen
634 519 785 560 motus,
809 510 940 565 spatio
961 509 1130 550 diducta
1150 509 1350 550 locorum.

327 585 437 626 Nam
458 600 566 640 saepe
586 586 629 626 in
650 585 756 635 colli,
779 583 995 625 tondentes
1016 583 1166 638 pabula
1184 583 1294 633 laeta,

327 658 547 715 Lanigerae
569 666 733 713 reptant
753 657 945 713 pecudes,
969 671 1052 713 quo
1073 671 1279 712 quamque
1300 664 1490 699 vocantes

326 732 511 774 Invitant
530 732 689 783 herbae,
711 740 966 790 gemmantes
988 747 1082 773 rore
1102 732 1276 782 recenti;

212 810 294 848 320
325 807 382 849 Et
401 807 558 850 satiatei
578 807 699 865 agnei
720 807 883 858 ludunt,
906 806 1137 862 blandeque
1158 814 1394 848 coruscant:

213 978 340 1011 Ingemit,
352 983 383 1004 ut
394 980 460 1004 ruris
470 980 605 1011 dominus,
617 981 661 1006 cui
670 984 765 1013 pascua
777 980 836 1004 Iaeta

214 1021 367 1045 mnumerae
380 1020 481 1045 tondent
489 1020 606 1053 pecudes,
619 1021 728 1046 rectoris
740 1024 858 1052 egentes.

183 1083 248 1114 Ubi
263 1089 369 1114 tamen
387 1084 546 1124 epitheton
571 1087 740 1116 innumera:
767 1084 852 1121 facit,
876 1089 911 1113 ut

181 1134 349 1165 dictionem
364 1138 424 1166 late
435 1136 566 1166 minime
578 1136 802 1167 desideremus:
822 1134 911 1166 aliter

181 1187 370 1225 praestitisset
385 1189 458 1219 lata.

223 1237 298 1269 Ver.
314 1242 387 1270 518.
411 1246 552 1280 reptant:
579 1241 616 1271 P.
645 1242 684 1272 Ο.
712 1246 747 1272 Δ.
773 1247 909 1280 raptant.

182 1288 334 1319 Similiter
348 1291 446 1320 variat
461 1291 501 1321 ad
519 1291 593 1321 Stat.
611 1291 711 1322 Theb.
731 1292 769 1321 iv.
788 1294 859 1322 795.
879 1296 911 1321 et

181 1350 207 1370 v.
224 1344 295 1371 581.
317 1341 415 1371 codex
444 1342 518 1372 MS.
547 1342 644 1372 seculi
659 1341 850 1380 duodecimi,
874 1341 908 1371 in

180 1391 304 1422 Musaeo
322 1393 519 1432 Britannico,
535 1394 624 1425 nobis
640 1394 779 1425 collatus.

222 1443 305 1475 Ibid.
328 1446 496 1485 Lanigero:
514 1449 654 1486 pecudes.
700 1447 806 1484 IMarO,
830 1446 907 1476 AEn.

187 1495 230 1526 iii.
246 1500 318 1527 642.

498 1565 678 1596 Polyphemus
690 1564 716 1588 in
728 1567 807 1588 antro

240 1603 378 1636 Lanigeras
389 1604 489 1629 claudit
499 1604 616 1637 pecudes.

224 1669 305 1700 Ibid.
328 1676 469 1710 reptant.-
495 1671 516 1701 i.
535 1682 560 1701 e.
576 1671 767 1710 pedetentim
783 1680 909 1711 progre-

180 1719 449 1752 diuntur—tardis
464 1723 605 1761 passibus
619 1727 855 1762 promoventur:
876 1727 911 1752 ut

181 1773 220 1804 de
236 1773 364 1803 Tibullo
378 1773 497 1804 otiante
512 1774 652 1810 Flaccus,
668 1774 755 1813 epist.
771 1773 790 1803 i.
807 1776 835 1803 4.
849 1776 878 1803 4.

244 1832 286 1856 An
297 1832 413 1856 tacitum
424 1832 511 1863 sylvas
523 1832 592 1857 inter
603 1835 701 1864 reptare
712 1831 843 1856 salubres:

182 1884 214 1909 et
228 1879 374 1917 Plautus,
401 1880 505 1910 Casin.
520 1880 540 1910 i.
559 1884 606 1911 10.
630 1879 792 1910 nonnullis
806 1879 910 1910 infeli-

182 1932 259 1962 citer
275 1933 456 1963 solicitatus:

218 1993 289 2024 Quid
298 1992 325 2016 in
335 1992 400 2017 urbe
411 1994 504 2024 reptas,
516 1992 613 2022 villice,
625 1991 685 2017 heic
696 1993 788 2024 magni
799 1993 893 2024 pretii?

225 2052 300 2081 Ver.
315 2056 389 2084 519.
412 2054 568 2083 Invitant:
594 2052 635 2082 V.
657 2051 704 2082 ed.
734 2056 768 2082 Δ.
793 2054 910 2083 Immu-

182 2110 504 2144 tant.—gemmantes:
531 2105 572 2134 V.
589 2103 636 2134 ed.
649 2106 851 2143 geminantes.

227 2156 309 2188 Ibid.
333 2158 432 2188 lzerbae
453 2168 530 2188 rore.
576 2156 741 2197 Virgilius,
766 2156 821 2188 ecl.
847 2155 910 2186 viii.

185 2211 233 2239 15.

216 2267 307 2297 Quum
319 2275 358 2291 ros
368 2267 394 2291 in
406 2267 509 2297 tenera,
520 2266 611 2298 pecori
621 2266 795 2298 gratissimus,
806 2264 892 2290 herbd.

227 2313 312 2344 Ibid.
335 2317 433 2346 lzerbce
445 2322 633 2355 gemmantes
648 2326 725 2345 rore.
771 2314 822 2344 Sic
841 2313 910 2344 Au-

186 2365 303 2403 sonius,
316 2365 398 2405 idyll.
412 2367 470 2397 xiv,
486 2370 532 2396 15.
548 2366 647 2396 multa
658 2377 732 2397 cum
743 2365 907 2407 elegantia:

258 2438 331 2462 Clara
339 2439 468 2470 pruinosis
478 2440 590 2463 canebat
596 2446 694 2470 gemma
702 2438 820 2470 frutetis,

290 2480 331 2505 Ad
343 2481 423 2511 primi
433 2481 518 2505 radios
529 2481 669 2506 interitura
677 2481 729 2505 die.

189 2544 241 2575 Sic
256 2543 439 2584 legendum:
465 2543 569 2584 vulgo,
585 2556 669 2574 rara.
714 2543 758 2573 Et
772 2544 912 2583 impense

185 2597 288 2636 placet
302 2595 422 2626 erudita
439 2595 560 2626 Barthii
577 2595 737 2633 divinatio,
752 2597 827 2631 Dei,
852 2596 870 2626 i.
887 2606 912 2625 e.

186 2649 274 2686 solis;
298 2649 364 2679 vice
387 2650 445 2679 die.
492 2648 543 2678 De
558 2647 714 2678 vocabulis
728 2653 835 2677 autem
850 2649 914 2678 cla.

185 2712 239 2732 rus
253 2706 284 2730 et
298 2710 389 2730 rarus
415 2698 565 2736 confusis,
589 2699 660 2728 vide
681 2699 913 2734 Burmannum,

187 2753 228 2782 ad
245 2752 336 2783 Ovid.
352 2758 425 2781 met.
441 2752 491 2781 vii.
505 2755 575 2782 622.
591 2751 644 2792 qui
657 2760 763 2781 versus
775 2750 815 2781 ad
830 2751 915 2780 hunc

189 2807 320 2837 modum
335 2806 463 2836 fortasse
477 2805 690 2836 rescribendus
705 2810 763 2835 est:

252 2892 332 2916 Forte
343 2891 395 2916 fuit
403 2892 495 2923 juxta,
506 2891 602 2923 patulis
613 2890 771 2924 sparsissima
782 2889 873 2919 ramis,

253 2932 330 2957 Sacra
339 2932 409 2965 Jovi,
421 2938 549 2963 quercus:

954 981 1062 1021 vulgo,
1092 983 1254 1012 rarissima
1263 996 1273 1016 ‚·
1307 978 1392 1020 quod
1415 979 1488 1020 jure
1517 977 1688 1009 editoribus

954 1033 1122 1072 displicuit.
1180 1032 1316 1068 Plinius,
1346 1036 1412 1060 nat.
1443 1030 1513 1060 hist.
1545 1030 1604 1059 xvi.
1635 1032 1686 1060 652.

955 1088 978 1103 “
997 1085 1080 1115 Item
1096 1084 1292 1120 selenitium;
1317 1082 1408 1124 cujus
1428 1088 1474 1112 est
1499 1081 1604 1112 minor
1623 1079 1686 1110 aci-

955 1138 976 1154 “
993 1147 1065 1174 nus,
1103 1138 1237 1175 sparsior
1274 1134 1447 1165 racemuS.’'
1494 1132 1686 1173 Calpurnius

954 1187 1049 1217 etiam
1058 1187 1165 1216 lectori
1176 1186 1263 1216 lauto
1274 1186 1471 1226 gratissimus
1480 1183 1687 1224 superveniet,

953 1238 1032 1267 meis
1047 1236 1303 1277 castigationibus
1319 1236 1496 1275 expolitior:
1524 1236 1579 1265 ecl.
1596 1245 1624 1265 ν.
1635 1238 1685 1266 52.

985 1333 1047 1339 -
1057 1322 1121 1344 ante
1132 1319 1205 1344 diem
1217 1326 1298 1350 pecus
1309 1321 1407 1343 exeat:
1426 1317 1537 1342 humida
1548 1317 1642 1341 dulces

983 1359 1068 1384 Efficit
1080 1366 1143 1383 aura
1155 1359 1237 1388 cibos,
1250 1358 1364 1389 quoties,
1377 1357 1543 1389 fugientibus
1554 1356 1660 1386 umbris,

982 1399 1087 1430 Frigida
1099 1402 1232 1423 nocturno
1244 1398 1407 1429 tinguuntur
1419 1404 1516 1428 pascua
1527 1404 1593 1426 rore,

986 1439 1020 1462 Et
1032 1438 1178 1462 matutinae
1190 1438 1282 1462 lucent
1294 1437 1321 1461 in
1333 1437 1456 1469 gramine
1463 1443 1580 1468 gemmae.

957 1501 1064 1531 Adeas
1089 1501 1205 1537 locum,
1233 1506 1264 1530 et
1287 1506 1392 1530 tecum
1417 1499 1591 1539 perpendas
1612 1508 1688 1529 rem.

956 1552 1078 1592 Vulgo,
1096 1553 1195 1582 Euris
1211 1560 1242 1581 et
1254 1558 1361 1591 guttce.
1395 1551 1494 1581 Malis
1503 1556 1609 1580 tamen
1623 1550 1688 1580 for-

956 1604 1044 1634 tassis
1059 1603 1099 1634 ad
1111 1604 1196 1633 hunc
1210 1613 1346 1633 morem:

1017 1673 1049 1696 Et
1061 1671 1206 1695 matutiuae
1221 1670 1312 1694 lucent
1324 1669 1350 1693 in
1359 1668 1472 1701 germine
1482 1671 1581 1701 guttae.

954 1730 999 1760 Et
1013 1739 1087 1759 cum
1102 1730 1162 1759 hoc
1179 1728 1252 1759 Cari
1268 1727 1337 1758 loco
1360 1727 1538 1757 committas
1563 1737 1591 1757 v.
1613 1730 1687 1758 462.

956 1781 1038 1810 Haec
1054 1786 1160 1811 autem
1175 1790 1240 1809 non
1256 1779 1350 1808 nimis
1366 1780 1502 1816 obstant,
1513 1778 1590 1819 quin
1602 1777 1687 1808 mul-

955 1837 1025 1861 tum
1054 1831 1204 1870 suspicer,
1242 1830 1518 1870 germanissimam
1546 1829 1686 1860 Lucretii

955 1893 1088 1913 manum
1104 1883 1148 1913 ita
1164 1893 1229 1913 esse
1244 1881 1466 1913 exhibendam:

1018 1952 1138 1976 Invitant
1151 1951 1254 1981 herbae,
1267 1953 1436 1983 gemmantes
1438 1949 1505 1980 flore
1515 1950 1633 1975 recentI:

954 2012 974 2042 i.
1004 2022 1030 2042 e.
1066 2022 1155 2042 verno
1185 2010 1563 2048 flore--tenero--nuper
1602 2012 1685 2039 nato.

955 2064 1097 2101 Flaccus,
1114 2063 1164 2093 od.
1180 2062 1224 2093 iii.
1241 2065 1292 2093 27.
1310 2065 1360 2092 45.

1304 2135 1435 2160 meliusne
1445 2133 1545 2159 fluctus

1080 2177 1122 2201 Ire
1133 2183 1180 2207 per
1191 2175 1285 2207 longos
1296 2174 1360 2204 fuit,
1371 2181 1405 2198 an
1417 2173 1521 2198 recentis

1173 2215 1369 2247 Carpereflores
1377 2215 1390 2238 ἓ

957 2280 1126 2320 Appositos
1142 2290 1246 2309 versus
1261 2286 1292 2308 et
1307 2277 1514 2316 lepidissimos
1526 2274 1643 2305 Hilarii
1654 2276 1689 2306 in

954 2333 1096 2374 genesin,
1125 2342 1188 2361 ver.
1215 2334 1265 2361 65.
1289 2328 1491 2366 emaculatos,
1521 2333 1552 2357 et
1573 2327 1688 2357 rectius

955 2385 1129 2422 distinctos,
1146 2383 1329 2413 admovebo:

987 2471 1068 2494 Tunc
1080 2469 1198 2494 condens
1209 2471 1285 2493 Pater
1292 2472 1373 2497 astra,
1384 2467 1459 2498 polos
1471 2463 1689 2497 quoquelumine

1080 2510 1193 2538 donans,

986 2551 1074 2576 Sidera
1086 2549 1237 2581 distinguit,
1249 2548 1327 2572 variis
1336 2550 1452 2579 pertexta
1465 2545 1571 2577 figuris:

986 2589 1095 2614 Lucifer
1106 2588 1238 2619 exsurgit,
1249 2593 1392 2617 roseusque
1404 2589 1432 2611 et
1442 2585 1560 2616 fulgidus
1572 2591 1619 2609 ore

987 2631 1096 2661 Vesper,
1106 2628 1233 2660 puniceos
1243 2625 1343 2658 spargit
1354 2626 1457 2650 Aurora
1468 2623 1590 2655 capillos:

988 2669 1089 2700 Anguis
1101 2668 1157 2699 agit
1167 2667 1276 2695 sudum,
1293 2669 1333 2689 ast
1350 2665 1501 2695 important
1511 2662 1626 2688 Pleiades
1636 2662 1685 2687 im-

1082 2708 1155 2732 bres:

992 2750 1058 2772 Sunt
1074 2748 1149 2778 juga,
1167 2748 1230 2770 sunt
1249 2745 1377 2777 plaustra,
1396 2747 1430 2774 et,
1447 2745 1602 2775 gemmantes
1611 2742 1687 2773 flore,

1081 2791 1202 2810 coronae.

960 2862 1081 2902 Vulgo,
1093 2866 1245 2901 perlecta:
1270 2866 1390 2899 poteras
1401 2858 1552 2900 27evficta5
1577 2855 1631 2886 sed
1643 2855 1688 2885 al-

961 2915 1043 2946 lusio
1067 2920 1112 2946 est
1136 2913 1174 2945 ad
1198 2919 1288 2946 vestes
1313 2912 1441 2944 floribus
1456 2918 1486 2943 et
1501 2908 1688 2942 animalibus

894 2975 958 3006 Rs
