1894 3253
584 227 822 276 LIBER
870 221 1285 273 SECUNDUS.

1589 227 1673 266 221

328 360 432 402 Inde
453 375 515 410 ca,
538 375 631 416 quae
651 374 780 415 parvo
801 365 895 399 sunt
916 369 1092 410 corpora
1112 352 1345 400 conciliatu,

328 435 384 477 Et
404 436 517 492 quasi
539 435 732 490 proxima
751 440 845 473 sunt
870 431 921 471 ad
945 430 1063 469 vireis
1082 427 1395 483 principiorum,

220 514 295 550 135
331 510 484 551 Ictibus
505 509 666 550 illorum
687 508 805 549 caecis
825 504 1000 559 inpulsa,
1024 503 1202 550 cicntur3

331 584 524 639 Ipsaque,
548 597 640 639 quae
662 596 788 637 porro
807 579 944 635 paullo
965 578 1136 631 majora,
1159 576 1372 615 lacessunt.

330 659 398 700 Sic
419 674 443 698 a
464 658 676 712 principiis
696 654 909 697 adscendit
930 660 1081 701 motus,
1105 658 1145 691 et
1166 649 1250 690 exit

323 732 541 773 Paullatim
562 740 724 772 nostros
745 730 798 771 ad
819 744 978 776 sensus3
1013 734 1058 767 ut
1080 731 1329 765 moveantur

326 805 402 847 Illa
422 820 601 861 quoque,
623 806 666 846 in
689 804 781 846 solis
802 817 895 859 qnae
916 801 1070 841 lumine
1091 812 1258 839 cernere
1278 797 1458 852 quimus;

215 886 293 921 140
325 879 415 922 Nec
436 880 583 937 quibus
605 879 649 920 id
671 879 824 920 faciant
843 876 973 933 plagis
994 873 1165 929 adparet
1184 878 1336 926 aperte.

178 1048 238 1068 ver.
260 1041 327 1068 111.
374 1036 437 1068 Sed
452 1037 622 1067 nimietatis
637 1037 910 1076 reprehensionem

176 1090 380 1127 incurrimus,
396 1096 427 1120 et
442 1090 580 1129 receptui
595 1089 774 1119 canendum
787 1095 845 1119 est.

221 1142 296 1171 Ver.
315 1144 386 1171 134.
413 1142 455 1172 Et
468 1143 573 1181 quasi:
600 1141 643 1171 V.
658 1141 709 1171 ed.
726 1143 774 1172 Ec
790 1142 873 1181 quai.

221 1194 297 1223 Ver.
317 1196 384 1223 155.
408 1194 541 1224 Ictibus:
569 1193 609 1223 V.
627 1193 674 1223 ed.
692 1194 835 1227 Letibzcs,·
863 1192 909 1222 fa-

177 1245 230 1277 cili
246 1255 359 1282 errore,
385 1246 425 1275 ob
450 1245 611 1274 literarum
630 1244 835 1282 vicinitatem,
863 1254 909 1273 se-

178 1297 320 1328 cuudum
347 1296 471 1326 solitam
494 1296 679 1335 scripturam
703 1295 909 1326 librariorum.

179 1351 360 1380 —cz'entnr.·
384 1348 420 1378 L.
438 1348 486 1377 M.
499 1350 633 1387 gientur.

219 1400 299 1431 Ibid.
320 1401 436 1431 Ictibus
451 1402 583 1439 inpulsa.
629 1400 751 1431 Pariter
777 1400 911 1431 Ovidius

176 1453 301 1484 locutus
316 1458 372 1489 est,
395 1451 428 1481 in
444 1451 513 1482 loco
527 1451 646 1481 vitiosis
659 1451 911 1482 distinctionibus

176 1504 260 1534 male
276 1503 388 1533 affecto
404 1502 644 1542 depravatoque,
660 1503 703 1532 sic
720 1503 861 1541 demum,
877 1502 912 1531 ni

178 1555 281 1590 fallor,
297 1553 482 1591 ordinando,
499 1559 573 1582 met.
591 1552 634 1583 iii.
649 1556 701 1583 61.

502 1627 656 1659 dextraque
666 1628 798 1653 molarem

177 1669 301 1698 sustulit,
314 1672 341 1693 et
352 1674 484 1699 magnum
496 1674 597 1700 magno
612 1669 755 1694 conamine
766 1669 848 1693 misit.

180 1708 253 1732 Illius
265 1707 375 1740 impulsu
387 1714 450 1732 cum
463 1707 579 1731 turribus
591 1709 674 1732 ardua
685 1709 761 1733 celsis

178 1749 280 1774 Moenia
292 1751 367 1772 mota
382 1747 484 1777 forent,
498 1754 604 1778 serpens
614 1747 670 1772 sine
681 1749 793 1773 vulnere
802 1749 911 1772 mansit.

182 1812 301 1842 Omnia
337 1817 413 1841 sunt
455 1821 520 1840 uno
564 1810 673 1849 spiritu
715 1811 912 1852 perlegenda.

179 1866 201 1881 “
219 1863 353 1900 Serpens
367 1860 482 1890 illaesus
500 1861 627 1898 mansit,
644 1862 787 1901 quamvis
802 1862 913 1892 eodem

180 1918 202 1933 “
217 1915 281 1945 ictu
297 1914 414 1944 moenia
431 1914 561 1944 fuissent
577 1914 809 1946 collabefacta.’'

223 1967 296 1997 Ver.
316 1970 387 1997 156.
409 1978 466 2006 qne
483 1968 569 1996 abest
584 1967 625 1996 V.
642 1967 689 1997 ed.
705 1968 741 1997 L.
760 1973 796 1998 A.
815 1975 855 1998 Π.
873 1973 909 2000 Σ.

182 2018 267 2048 haud
293 2017 386 2047 dubie
412 2018 453 2047 ob
482 2017 686 2047 comitantem
716 2019 912 2048 consimilem

180 2069 363 2099 dictionem:
391 2068 430 2098 de
445 2068 507 2108 qua
524 2078 566 2104 re,
583 2068 652 2098 vide
667 2079 771 2107 supra,
784 2080 846 2100 ver.
862 2073 911 2101 19.

180 2120 268 2151 Hinc
283 2120 426 2160 suppleas
442 2120 614 2158 Avienum,
639 2121 702 2150 orb.
718 2121 800 2151 desc.
818 2124 910 2153 1025.

178 2172 301 2213 integro
323 2172 401 2212 pede
424 2171 633 2202 deficientem:
665 2171 911 2215 Termessusque

180 2223 293 2254 dehinc
319 2225 393 2254 urbs
415 2224 545 2254 eminet:
572 2226 695 2262 eminet,
723 2235 824 2255 arcem
854 2227 909 2256 In-

181 2275 274 2315 olym,
289 2286 345 2314 per
358 2277 457 2306 nubes
472 2276 616 2307 attollens
631 2277 756 2314 moenia,
772 2278 884 2318 Lyrbe.

181 2326 222 2356 In
245 2325 380 2356 editione
397 2327 629 2365 Maittaireami,
652 2338 722 2367 quae
744 2329 823 2358 mihi
845 2330 911 2361 sola

182 2377 329 2417 suppetit,
352 2378 505 2416 posterior
527 2382 637 2409 eminet
661 2381 792 2411 omnino
808 2381 910 2420 deest3

182 2434 214 2458 et
228 2428 315 2458 locus
340 2428 423 2458 male
447 2429 663 2468 interpunctus
684 2430 810 2471 legitur.
859 2433 910 2464 Sic

180 2488 286 2512 autem
303 2482 539 2521 repetitionibus
553 2483 697 2523 indulget
710 2483 763 2513 iile
782 2484 910 2524 scriptor

179 2532 394 2563 facetissimus-
440 2533 520 2563 Mox
536 2533 608 2564 ibid.
624 2543 683 2564 ver.
703 2537 794 2565 1253.

209 2614 337 2639 Panditur
349 2614 477 2645 Hyrcanis
491 2613 548 2639 hinc
558 2616 657 2647 janua.-
669 2616 755 2647 janua
766 2616 846 2640 Persis

210 2653 275 2678 Hinc
287 2657 373 2686 patet,
391 2653 560 2679 imbriferum
580 2654 632 2685 qua
649 2655 736 2687 vergit
753 2655 870 2680 mundus
881 2656 907 2679 ln

335 2697 466 2718 austrum.

181 2757 233 2787 Ita
247 2757 479 2798 castigandum:
506 2758 613 2798 ungu,
636 2761 660 2776 “
678 2760 743 2788 Hic
758 2759 872 2797 patet.”

183 2808 352 2847 Caeterum,
370 2824 403 2840 ero
419 2812 485 2840 Icta
506 2809 640 2847 Gifanii,
662 2820 718 2848 pro
731 2812 816 2849 Ipsa,
843 2810 904 2840 cal-

179 2858 252 2889 culo
276 2871 333 2890 suo
360 2861 523 2891 Bentleius
549 2861 775 2899 comprobavit3
799 2866 830 2890 et
855 2871 904 2891 ac-

180 2908 342 2942 cessissem
352 2912 433 2952 ipse,
449 2913 475 2943 si
490 2912 644 2943 librorum
660 2912 818 2953 veracium
833 2922 905 2945 auc-

953 1031 1077 1062 toritate
1092 1030 1184 1060 lectio
1199 1030 1260 1059 ista
1276 1037 1342 1058 non
1357 1026 1488 1056 omnino
1503 1025 1684 1057 destituere-

954 1091 1013 1115 tur.

998 1136 1080 1167 ibid.
1103 1137 1271 1166 lacessunt:
1299 1134 1407 1164 ictibus
1434 1131 1551 1162 scilicet
1580 1131 1686 1162 versus

954 1186 1131 1227 praeeuntiS.
1162 1185 1318 1225 Virgilius
1333 1184 1374 1214 ad
1389 1183 1527 1213 eundem
1542 1183 1685 1219 modurn,

955 1249 1023 1279 geo.
1039 1239 1084 1268 iii.
1102 1241 1172 1268 255.

1337 1297 1488 1323 ventosque
1497 1292 1595 1316 lacessit

1017 1335 1118 1360 Ictibus.

998 1400 1072 1430 Ver.
1104 1401 1172 1430 157.
1206 1400 1284 1429 escit:
1322 1397 1344 1427 i.
1376 1406 1402 1426 e.
1434 1395 1689 1426 terminationem

957 1463 1048 1482 suam
1079 1452 1183 1489 habet,
1216 1451 1342 1481 εκζαινει·
1375 1454 1412 1478 ut
1440 1447 1690 1488 elegantissimus

955 1504 1084 1542 scriptor
1112 1502 1250 1542 epistolae
1278 1501 1318 1531 ad
1345 1501 1510 1537 Hebraeos,
1536 1500 1601 1530 xiii.
1618 1503 1690 1530 7.-

955 1556 991 1585 ὡν
1006 1555 1213 1595 αναθεωρεντες
1231 1566 1282 1585 την
1300 1555 1472 1581 ΕΚΒΑΣῙΝ
1487 1564 1538 1584 «τῆς
1552 1563 1689 1592 amc—rpo-

956 1613 1022 1645 φης,
1042 1607 1168 1645 μιμεισθε
1185 1617 1237 1635 ’την
1253 1615 1366 1632 ‘mm-w:
1393 1601 1431 1630 de
1447 1611 1509 1640 quo
1524 1600 1593 1630 loco
1607 1600 1688 1630 dixi-

956 1667 1027 1687 mus
1051 1654 1205 1686 nonnulla
1232 1653 1271 1684 ad
1301 1653 1373 1683 silv.
1393 1652 1467 1682 Crit.
1484 1652 1522 1682 iv.
1547 1663 1597 1691 pp.
1614 1656 1689 1690 931,

957 1712 1028 1738 259.
1061 1705 1312 1748 Exquisitissime
1324 1703 1490 1744 Virgilius,
1506 1714 1574 1743 geo.
1589 1703 1621 1734 ii.
1634 1707 1686 1734 81.

1122 1781 1172 1799 nec
1184 1774 1297 1806 longum
1307 1777 1426 1804 tempuS,
1437 1775 1464 1796 et
1474 1771 1568 1802 ingens

1020 1814 1091 1838 Exiit
1102 1814 1137 1837 ad
1147 1813 1235 1837 coelum
1251 1812 1332 1836 ramis
1343 1811 1464 1836 felicibus
1474 1811 1561 1835 arbos.

959 1877 1110 1907 Similiter
1125 1876 1306 1915 Euripides,
1324 1874 1411 1905 Med.
1429 1877 1481 1904 56.

1145 1957 1178 1978 εις
1193 1945 1260 1974 ‘rav'
1279 1943 1466 1973 EKBEBHK’
1477 1941 1646 1982 αλγπδονος.

1000 2019 1075 2048 Ver.
1097 2021 1167 2048 140.
1191 2019 1277 2048 IVec:
1306 2018 1353 2047 M.
1371 2018 1438 2051 Ne,·
1465 2015 1568 2055 elapsa
1584 2013 1685 2054 litera,

956 2070 996 2099 ob
1011 2068 1107 2098 simili
1124 2078 1201 2098 sono
1223 2073 1421 2108 sequentem3
1444 2066 1544 2097 scriba
1557 2067 1686 2098 fortasse

954 2130 1062 2151 vocem
1078 2119 1237 2149 recitantis
1252 2119 1434 2158 excipiente.

998 2171 1074 2201 Ver.
1094 2174 1164 2201 142.
1187 2173 1276 2202 lzinc:
1305 2171 1344 2200 P.
1361 2173 1428 2205 lzic;
1460 2170 1543 2200 facili
1566 2181 1684 2209 errore3

955 2230 990 2253 Δ.
1007 2224 1076 2260 hen,
1092 2228 1276 2253 monstroso.
1317 2222 1358 2250 In
1374 2231 1464 2251 versu
1479 2221 1685 2261 praecedente,

955 2279 990 2305 Σ.
1005 2274 1071 2303 vice
1085 2276 1250 2310 mobilitas,
1266 2273 1359 2302 habet
1372 2273 1526 2309 nobilitas,
1542 2282 1596 2310 per
1611 2273 1684 2303 soli-

954 2332 1020 2356 tam
1040 2325 1171 2355 librariis
1193 2324 1483 2355 commutationem.
1528 2324 1607 2354 111οΧ
1628 2336 1683 2355 au-

953 2383 1030 2414 tem,
1042 2377 1084 2407 V.
1100 2377 1147 2407 ed.
1163 2383 1268 2414 tetras,
1285 2387 1340 2415 pro
1355 2383 1465 2407 terras.

996 2428 1074 2457 Ver.
1106 2431 1174 2458 145.
1208 2430 1343 2467 spargit:
1380 2428 1400 2458 i.
1431 2438 1456 2457 e.
1486 2427 1566 2457 lucis
1593 2430 1683 2468 quasi

949 2479 1042 2520 jactis
1055 2481 1237 2511 seminibus:
1260 2490 1419 2518 compares
1430 2479 1521 2514 infra,
1537 2489 1598 2509 ver.
1612 2483 1683 2511 211.

955 2531 996 2561 In
1012 2532 1070 2561 hac
1084 2531 1186 2571 figura
1199 2531 1376 2561 Maeonides
1391 2530 1538 2562 omnibus
1553 2541 1683 2569 praeces-

953 2583 1004 2621 sit,
1026 2583 1065 2613 Il.
1083 2589 1120 2614 Θ.
1139 2587 1166 2614 l.

952 2648 1007 2674 Ηως
1021 2656 1067 2680 μεν
1079 2651 1245 2680 xpum-xmo,-
1259 2645 1446 2670 EKIANATO
1459 2654 1547 2670 ’,τασαν
1562 2644 1598 2671 ειτ’
1608 2656 1682 2673 motu.-

954 2707 994 2737 ad
1010 2718 1105 2747 quam
1120 2708 1202 2737 vocis
1218 2717 1363 2737 normam
1378 2707 1495 2737 Aratus
1509 2707 1682 2747 exigendus

954 2766 1000 2789 est
1014 2761 1071 2789 sub
1088 2760 1216 2789 introitu
1233 2759 1431 2796 Diosemion,
1447 2759 1486 2789 de
1501 2759 1577 2789 luna
1590 2761 1683 2789 verba

952 2810 1082 2839 faciens:

1092 2871 1131 2898 ἑτε
1143 2882 1224 2906 τρανσπ
1237 2873 1494 2899 ΑΠΟΚῙΔΝΑΤΑΙ
1507 2872 1602 2899 σενα-σθεν
1614 2882 1682 2903 αυγῆ

969 2921 1059 2946 'Otto-ov
1074 2929 1251 2946 szztrxem-—.
