1894 3253
715 264 774 310 T.
813 261 1191 310 LUCRETII

351 397 557 438 Ardorem
578 394 621 434 in
641 394 807 449 parteis,
840 401 880 434 et
898 393 1053 434 lumine
1068 394 1246 435 conserit
1265 408 1378 437 arva:

351 471 402 511 In
423 477 552 510 terras
573 469 699 525 igitur
720 483 883 524 quoque
903 467 997 509 solis
1017 469 1201 525 vergitur
1221 469 1358 510 ardor.

349 542 706 598 Transvorsosque
725 542 862 583 volare
879 557 954 597 per
974 541 1139 583 iinbreis
1159 542 1331 584 fiilmina
1350 543 1497 585 cernis:

235 701 265 724 In
276 704 475 731 quamquumque
484 696 559 721 dedit
568 700 665 728 partem
681 701 777 722 natura
788 699 927 722 meatum:

204 748 258 778 sed
276 747 426 784 Avienus,
457 745 552 775 modo
566 745 707 784 collatus,
724 745 803 776 nihil
817 747 910 776 favet.

245 800 321 829 Ver.
348 802 419 829 209.
442 803 573 828 terram:
607 797 650 828 sic
676 808 797 836 omnes,
820 804 930 837 praeter

207 852 246 881 G.
266 851 303 880 L.
321 850 368 880 M.
383 848 437 889 qui
459 847 558 885 ter7·a'';
589 849 675 879 haud
697 849 853 890 ingratam
877 859 932 888 per

206 901 396 936 varietatem,
420 905 451 930 et
473 900 600 930 fortasse
622 911 705 930 vere:
732 901 803 931 vide
819 911 877 931 nos
891 900 931 930 ad

205 953 224 983 i.
251 956 322 984 889.
368 952 417 982 Re
439 951 573 992 denique
597 951 630 981 in
657 952 764 983 animo
789 953 928 992 repetita,

206 1015 270 1035 non
279 1004 368 1035 aliter
377 1004 467 1043 impri
471 1004 622 1034 mendum
631 1005 819 1043 curavimus,
826 1005 930 1035 Theo-

206 1056 282 1087 crito
298 1056 495 1095 potissimum
510 1055 642 1094 inducti,
665 1057 704 1087 ad
720 1057 783 1087 xiii.
799 1062 849 1088 50.
866 1056 931 1094 ubi,

206 1108 291 1148 quod
306 1108 434 1146 adsolet,
457 1107 597 1138 multum
619 1109 744 1150 agendo
765 1109 845 1139 nihil
868 1108 933 1149 agit

208 1162 390 1191 wartonus:

508 1243 631 1268 κατηριπε
642 1234 663 1260 δ’
675 1244 695 1262 ες
707 1240 789 1267 μελικν
801 1235 860 1269 ὕδωρ

225 1282 322 1317 Αθροος,
344 1283 374 1310 ὡς
387 1281 439 1307 ὅκα
449 1291 536 1316 πυρσος
545 1281 590 1307 απ)
608 1292 687 1317 upum
699 1284 828 1313 Hle-:bj
840 1291 921 1317 αστηρ

225 1330 313 1364 Αθροος
325 1331 368 1354 EN
382 1329 521 1371 ΠΟΝΤῼ.

206 1399 256 1429 1ὺί
272 1410 377 1439 parem
393 1400 554 1441 regiminis
565 1401 785 1438 diversitatem,
802 1399 929 1430 ornatus

202 1450 314 1491 gratia,
338 1452 428 1490 po'e'ta
457 1453 682 1483 mellitissimus
707 1451 865 1488 exhibuit3
895 1449 929 1479 in

203 1513 266 1543 quo
277 1505 437 1543 praeiverat
452 1505 627 1543 Homerus,
645 1505 684 1535 Il.
702 1509 734 1535 E.
752 1506 801 1535 75.

283 1581 359 1614 Hpm
371 1579 392 1605 δ’
403 1590 423 1606 εν
435 1590 507 1614 mun.

208 1642 358 1672 Similiter
385 1643 547 1683 Hyginus,
570 1644 630 1674 fab.
656 1643 776 1673 cxxxix.
807 1645 829 1660 “
844 1641 933 1672 Juno

207 1697 228 1712 “
243 1700 350 1725 autem
365 1695 386 1726 J
389 1705 479 1725 ovem
502 1697 535 1726 in
560 1695 702 1726 Cretensi
723 1692 825 1725 insum
842 1693 932 1723 detu-

206 1750 229 1764 “
245 1747 533 1786 lit.'’—Caeterum,
556 1749 658 1778 verius
672 1747 710 1778 de
733 1748 790 1777 hac
805 1756 837 1776 re
854 1744 931 1776 Ovi-

204 1798 275 1829 dius
290 1800 444 1838 exposuit,
467 1806 543 1830 met.
555 1800 586 1830 ii.
604 1804 674 1830 222.

249 1851 324 1882 Ver.
340 1855 411 1881 210.
426 1863 558 1882 summo:
579 1859 620 1882 Π.
631 1863 766 1888 ,ςαηιπια;
793 1855 829 1881 Δ.
840 1851 931 1881 oetlze-

205 1913 269 1938 tw,-
293 1913 331 1932 ex
346 1902 458 1943 glossa,
482 1909 519 1933 ut
533 1903 863 1942 videtum—dissupat.-
891 1906 931 1930 Π.

207 1956 356 1994 discz'pat;
384 1955 438 1995 qui
453 1955 722 1994 pronunciationis
737 1965 822 1985 error
836 1960 889 1984 est.

252 2005 332 2035 Ibid.
355 2008 473 2036 vortice.
501 2006 703 2036 Cassiodorus
717 2006 757 2035 de
773 2006 933 2044 orthogra-

208 2054 291 2094 phia,
314 2066 344 2094 p.
363 2059 458 2086 2285.
485 2060 506 2075 “
531 2059 634 2087 Vortex
661 2056 737 2086 olim
762 2056 806 2085 ita
830 2066 885 2095 per
907 2067 933 2090 o,

208 2109 230 2125 ‘⁶
246 2106 339 2136 hodie
352 2112 449 2138 vertes
465 2116 519 2145 per
541 2107 597 2136 e:''
622 2117 696 2136 nam
719 2111 880 2148 nugantur
902 2105 934 2134 hi

207 2159 414 2199 grammatici,
439 2159 493 2199 qui
504 2158 734 2189 distinctionem
750 2160 863 2189 horum
878 2168 931 2188 vo-

209 2211 393 2241 cabulorum
419 2209 613 2240 comminisci
639 2210 784 2249 cupiunt:
811 2209 860 2240 adi
877 2219 933 2239 nos

207 2264 241 2293 in
256 2264 276 2293 i.
298 2267 370 2294 902.
395 2263 481 2293 unde
502 2273 627 2302 prorsus
650 2263 827 2302 importune
853 2262 934 2292 Gro-

208 2315 329 2351 novius,
352 2315 392 2345 ad
406 2316 429 2346 J
432 2315 534 2345 ulium
550 2314 733 2353 Firmicum,
749 2326 779 2354 p.
794 2318 864 2345 455.
879 2324 935 2353 pro

209 2369 230 2384 “
248 2366 315 2397 Nili
337 2366 454 2405 rapidis
477 2366 670 2402 verticibus,”
703 2365 935 2397 emendandum

207 2418 304 2450 edixit
317 2419 486 2450 vorticibus.

252 2471 326 2500 Ver.
354 2473 425 2500 211.
448 2481 542 2501 arva:
571 2470 610 2500 G.
638 2481 755 2501 urvem:
781 2470 801 2500 i.
816 2480 842 2500 e.
865 2469 932 2509 opi-

209 2531 265 2553 nor
280 2520 437 2561 equidem,
459 2531 570 2550 arvom.

252 2571 333 2602 Ibid.
355 2573 471 2603 lumine
484 2573 614 2602 conserit
626 2582 718 2602 arva:
744 2571 813 2601 vide
828 2582 879 2602 me
894 2572 933 2602 ad

209 2626 227 2654 i.
243 2629 272 2656 9.
296 2625 488 2665 Exemplum
502 2625 634 2666 hujusce
649 2625 768 2666 figurae,
783 2636 934 2666 perquam

210 2676 366 2715 speciosae,
383 2677 512 2707 dederat
523 2677 627 2707 nescio
637 2676 707 2718 quis
717 2677 801 2717 apud
813 2676 935 2708 Aristo-

209 2726 304 2757 telem
318 2728 351 2757 in
366 2728 509 2767 poeticis:

405 2813 445 2820 ·—
461 2801 618 2827 ΣΠΕῙΡΩΝ
630 2801 778 2828 &sommant
793 2803 916 2831 ΦΛΟΓΑ.

212 2859 300 2890 Hinc
329 2859 539 2892 divinaveram
568 2862 771 2903 depravatum
806 2865 935 2897 Manilii

212 2921 337 2942 versum
365 2913 541 2943 sanandum
566 2924 641 2951 esse,
667 2922 699 2946 et
724 2917 934 2957 conjecturam

212 2963 314 2995 firmat
327 2963 424 2995 codex
443 2964 691 3005 Gemblacensis,
711 2967 730 2997 i.
748 2970 818 2999 742.

1159 696 1281 727 flammas
1291 699 1382 721 totum
1393 696 1491 720 sevisse
1503 702 1551 728 per
1560 697 1671 722 orbem:

973 747 1080 787 vulgo,
1102 751 1236 779 saevz'sse:
1265 748 1318 778 sed
1342 759 1406 778 non
1421 754 1509 778 vacat
1531 759 1638 778 versus
1654 747 1705 778 ul-

1641 800 1706 831 His

974 860 1081 885 autem
1108 856 1264 886 Miltonus
1284 861 1404 885 nostras
1429 855 1523 895 longe
1546 854 1706 894 praeluxit,

976 906 1048 937 Par.
1064 908 1165 938 amiss.
1181 918 1209 936 v.
1229 911 1254 937 1.

974 802 1095 831 ceribus
1109 808 1260 832 scatentes
1282 801 1435 832 curiosius
1452 807 1595 832 tractare.

1006 967 1070 990 Now
1079 969 1168 997 Morn,
1185 967 1233 991 her
1243 974 1303 999 rosy
1312 970 1382 998 steps
1392 967 1420 990 in
1432 967 1472 990 th’
1484 969 1587 991 eastern
1598 966 1681 991 clime

1005 1008 1174 1041 Adwmcing,
1191 1008 1276 1033 sow'd
1285 1009 1323 1032 tlze
1334 1009 1404 1032 earth
1416 1008 1483 1032 with
1495 1007 1574 1032 orient
1581 1008 1664 1040 pearl.

977 1068 1045 1099 Nec
1060 1067 1183 1097 minore
1199 1076 1272 1096 cum
1288 1065 1453 1106 elegantia,
1469 1065 1542 1095 ibid.
1558 1075 1619 1095 ver.
1635 1067 1708 1095 430.

1094 1134 1199 1166 though
1210 1134 1283 1158 from
1295 1134 1335 1158 off
1342 1134 1390 1158 the
1401 1133 1505 1165 boughs
1516 1133 1582 1158 each
1595 1139 1675 1157 mom

990 1177 1042 1200 We
1054 1174 1133 1198 brush
1146 1174 1307 1199 mellifluous
1319 1174 1402 1203 dews,
1413 1173 1467 1197 and
1478 1172 1534 1196 find
1545 1173 1585 1197 the
1593 1171 1694 1204 ground

991 1215 1107 1240 Cover'd
1119 1214 1186 1238 with
1195 1214 1282 1246 pearly
1290 1213 1377 1245 grain.

976 1273 1027 1302 Ex
1052 1271 1212 1301 Ambrosii
1234 1271 1371 1310 hymnis,
1394 1270 1425 1299 ii.
1451 1274 1479 1300 2.
1494 1280 1546 1300 me
1561 1268 1711 1300 mendam

978 1333 1104 1352 summo
1127 1332 1200 1352 cum
1222 1322 1296 1362 jure
1322 1321 1504 1352 ablaturum
1524 1331 1590 1352 esse
1615 1330 1711 1351 nemo

976 1384 1041 1404 non
1055 1374 1219 1404 fatebitur:

1130 1441 1260 1472 Splendor
1270 1442 1393 1471 paternae
1406 1438 1512 1471 gloriae,

1128 1483 1168 1506 De
1180 1481 1240 1505 luce
1254 1481 1343 1505 lucem
1353 1484 1493 1512 proserens.

976 1538 1075 1576 Libri,
1092 1538 1251 1579 prqferens
1262 1552 1272 1568 .·
1299 1537 1339 1568 de
1354 1536 1415 1578 qua
1430 1536 1602 1566 scribarum
1617 1537 1705 1566 aber-

976 1590 1107 1628 ratione,
1131 1589 1202 1619 vide
1228 1594 1336 1619 notata
1361 1587 1401 1618 ad
1428 1597 1488 1618 ver.
1513 1590 1563 1617 28.
1579 1586 1710 1628 hujusce

976 1642 1058 1673 libri.
1106 1642 1246 1673 Omnem
1268 1640 1496 1671 dubitationem
1511 1639 1598 1670 tollet
1613 1639 1712 1670 Avie-

976 1707 1047 1734 nus,
1074 1697 1138 1726 orb.
1153 1695 1232 1726 desc.
1250 1698 1322 1725 580.
1345 1694 1388 1724 ita
1403 1692 1656 1733 distinguendus,
1672 1697 1709 1722 ut

977 1749 1100 1790 fulgore
1116 1759 1174 1779 suo
1193 1747 1315 1778 rideant
1329 1756 1434 1777 versus
1447 1744 1639 1775 nitidissimi:

976 1818 1072 1843 Isthmi
1083 1821 1159 1850 terga
1172 1817 1269 1842 dehinc
1285 1817 1408 1848 geminus
1419 1814 1605 1840 circumlatrat
1617 1816 1712 1843 aestus,

975 1860 1053 1882 Parte
1063 1857 1198 1889 Ephyres3
1211 1857 1298 1888 piceas
1308 1856 1361 1887 qua
1372 1862 1430 1880 nox
1441 1855 1496 1887 agit
1508 1857 1566 1879 atra
1577 1854 1711 1884 tenebrae,

979 1898 1011 1921 Et
1024 1897 1176 1921 matutinus
1187 1895 1240 1927 qua
1251 1895 1329 1919 lucem
1339 1894 1445 1927 proserit
1457 1897 1541 1918 ortus.

1020 1954 1095 1984 Ver.
1113 1956 1183 1983 212.
1203 1954 1355 1992 vergitur:
1381 1951 1400 1981 i.
1419 1961 1443 1982 e.
1461 1951 1652 1988 effunditur3
1674 1955 1711 1981 ut

979 2012 1094 2044 noster,
1117 2016 1144 2036 v.
1174 2008 1266 2036 1008.
1311 2005 1363 2034 De
1389 2005 1447 2034 hac
1474 2009 1583 2034 autem
1608 2001 1711 2043 figura

977 2056 1117 2086 diximus
1146 2055 1186 2085 ad
1215 2065 1275 2085 ver.
1311 2057 1380 2085 147.
1415 2065 1525 2093 nuper.
1583 2053 1710 2091 Statius,

979 2108 1078 2137 Theb.
1093 2108 1132 2136 vi.
1149 2110 1222 2137 211.

1009 2180 1224 2210 Spumantesque
1235 2182 1321 2205 mero,
1332 2178 1433 2207 paterae
1445 2176 1634 2206 verguntur-.

1024 2236 1096 2265 Ver.
1110 2238 1180 2265 215.
1210 2236 1418 2264 Transversos.
1456 2232 1532 2262 Non
1548 2231 1661 2261 retinet
1676 2230 1712 2261 in

979 2288 1038 2317 hoc
1061 2287 1130 2317 loco
1154 2285 1313 2325 propriam
1335 2283 1597 2324 significationem
1621 2291 1712 2312 suam

979 2337 1168 2368 vocabulum
1189 2339 1401 2373 Transvorsos,
1417 2345 1531 2374 nempe
1545 2340 1624 2365 recto
1641 2345 1712 2365 con-

976 2393 1106 2424 trarios:
1134 2390 1188 2421 sed
1203 2388 1424 2420 tantummodo
1447 2392 1469 2407 ⁴‘
1485 2398 1504 2418 a
1526 2393 1626 2417 tractu
1647 2385 1712 2416 ful-

978 2447 999 2462 “
1019 2443 1114 2473 minis
1129 2440 1292 2473 diversos.”
1337 2440 1452 2481 Neque
1467 2439 1567 2478 aliter,
1589 2437 1711 2478 opinor,

978 2494 1144 2535 Virgilius,
1168 2493 1244 2524 AEn.
1260 2503 1287 2523 V.
1308 2495 1355 2523 19.
1484 2487 1487 2490 ’

992 2566 1090 2591 Mutati
1101 2568 1255 2589 transvorsa
1267 2563 1401 2592 fremunt,
1413 2566 1440 2587 et
1457 2568 1567 2594 vespere
1577 2560 1610 2585 ab
1619 2561 1679 2584 atro

993 2608 1175 2638 Consurgunt,
1193 2604 1282 2629 venti:

982 2658 1002 2688 i.
1019 2668 1046 2688 e.
1069 2666 1163 2687 cursu
1178 2654 1311 2685 veniunt
1332 2652 1428 2693 priori
1443 2649 1607 2682 contrario.
1655 2647 1709 2679 Se-

979 2719 1067 2748 neca,
1090 2715 1152 2739 nat.
1175 2714 1294 2749 quaestt.
1309 2707 1330 2738 i.
1349 2711 1375 2737 1.
1420 2710 1441 2724 “
1458 2703 1546 2736 Audi
1572 2700 1647 2742 quid
1669 2701 1709 2731 de

983 2764 1006 2780 “
1023 2762 1146 2801 ignibus
1161 2759 1355 2800 philosophia
1366 2756 1448 2792 velit,
1463 2764 1540 2795 quos
1548 2753 1600 2783 adr
1608 2759 1710 2783 trans-

982 2817 1006 2833 “
1022 2824 1119 2845 versos
1144 2811 1240 2853 agit.‘’
1288 2811 1369 2840 Haec
1393 2814 1498 2838 tamen
1527 2805 1710 2844 interpreta-

981 2865 1040 2903 tio,
1063 2875 1132 2906 quae
1155 2863 1221 2894 sola
1247 2860 1387 2894 Lucretii
1413 2858 1481 2888 loco
1503 2856 1659 2896 competit,
1684 2855 1714 2886 si

979 2917 1030 2948 cui
1053 2915 1149 2946 nimis
1177 2918 1282 2944 coacta
1307 2916 1399 2951 atque
1424 2914 1535 2950 arguta
1557 2907 1710 2946 videatur,

981 2968 1034 3000 ille
1050 2976 1177 2999 mecum
1191 2965 1319 2996 fortasse
1329 2961 1520 2995 levissimam
1536 2959 1639 2993 textus
1650 2959 1710 2991 im-
