1894 3253
197 267 224 306 ωε

229 265 256 305 10

258 265 295 304 Φ

693 255 754 302 Τ.
814 252 1199 301 LUCRETII

336 388 561 443 Propterea
579 399 722 442 gerere
740 385 852 426 hunc
873 386 1030 435 credas,
1052 385 1165 441 quod
1186 385 1373 426 materiai

221 466 301 504 735
336 462 524 516 Corpora
543 459 744 501 consimili
765 460 847 501 sint
866 461 950 515 ejus
970 460 1099 501 tincta
1117 460 1266 501 colore.

336 535 483 577 Nullus
503 535 613 575 enim
634 534 750 576 color
773 543 833 576 est
853 535 1024 576 omnino
1044 534 1233 575 materiai

337 609 608 665 CorporibUS,
630 624 764 666 neque
783 625 859 665 par
879 610 1016 660 rebus,
1039 624 1173 666 neque
1193 608 1371 665 denique
1391 607 1549 664 dispar:

338 684 390 726 In
411 699 504 740 quae
525 699 700 740 corpora
719 685 753 725 si
773 685 906 726 nullus
926 684 1000 726 tibi
1021 683 1126 725 forte
1146 683 1308 725 videtur

337 758 464 800 Posse
484 759 609 800 animi
630 759 802 815 injectus
822 758 927 810 fieri,
950 758 1095 814 procul
1115 758 1228 799 avius
1249 772 1372 800 erras.

221 929 371 962 sanguineo
382 929 523 960 splendore
533 935 613 959 rosas,
625 928 745 953 vaccinia
756 929 833 960 nigro

222 970 325 1000 lmhuit,
339 973 367 995 et
379 969 451 994 dulci
462 969 543 994 violas
554 969 690 1001 ferrugine
701 970 801 1002 pingit:

191 1047 212 1078 i.
228 1057 254 1077 e.
270 1045 374 1086 tingit,
390 1045 502 1075 inficit:
530 1050 623 1085 atque
640 1045 789 1085 adjuvant
805 1045 837 1074 hi
853 1054 918 1074 ver-

188 1108 252 1136 sus,
279 1107 349 1138 quae
375 1106 475 1136 nuper
502 1096 675 1126 notaverim
692 1095 732 1127 ad
748 1096 837 1136 Virg.
853 1106 921 1136 geo,

188 1150 208 1180 i.
225 1153 296 1181 467.
320 1155 351 1179 et
369 1149 505 1179 inxicem
520 1150 715 1190 adjuvantur.
762 1149 850 1179 Hinc
865 1160 921 1179 au-

191 1209 255 1234 tem
271 1212 470 1241 summopere
486 1203 583 1232 miror
596 1202 782 1240 Heinsium‚
798 1212 835 1232 ex
848 1213 920 1232 acu-

189 1254 318 1285 tissimis
332 1253 510 1284 criticorum
534 1259 565 1283 et
587 1253 724 1283 maxime
740 1253 921 1292 ingeniosis,

190 1306 245 1336 sed
260 1305 392 1336 subinde
419 1305 555 1335 novandi
578 1304 784 1344 cupidiorem,
811 1304 922 1334 demu-

191 1364 258 1389 tare
284 1358 418 1388 voluisse
447 1356 614 1387 Claudiani
640 1356 781 1396 ejusdem
806 1357 922 1396 specio-

191 1410 349 1440 sissimam
363 1409 567 1446 locutionem,
591 1408 630 1438 de
645 1408 682 1439 iv,
699 1419 782 1439 cons.
799 1409 922 1439 Honor.

190 1466 264 1494 589.

607 1533 644 1558 Sit
657 1533 730 1557 Nilus
741 1533 840 1564 ubique

220 1576 324 1604 Vester,
334 1577 362 1599 et
373 1573 469 1598 emisso
481 1572 611 1604 quidquid
622 1572 660 1597 sol
672 1572 761 1597 imbuit
774 1578 834 1597 ortu
846 1581 852 1598 ε

196 1649 258 1691 qua
273 1649 408 1680 lectione
431 1648 632 1678 sinceriorem
655 1647 776 1678 nullam
798 1654 919 1687 putem:

190 1706 213 1721 ‘⁶
229 1702 251 1732 i.
276 1713 301 1732 e.
339 1701 487 1742 quicquid
520 1700 565 1731 sol
605 1701 708 1731 oriens
742 1700 924 1731 inficit;’'—

193 1758 215 1773 “
232 1753 381 1795 quicquid
392 1753 457 1783 sole
469 1754 589 1783 oriente
601 1753 828 1792 purpurascit.”
845 1753 922 1784 Pul-

193 1808 265 1839 chre
281 1807 435 1848 Pelignus
450 1813 546 1844 vates‚
567 1812 640 1836 met.
658 1816 705 1836 xv.
723 1809 793 1837 191.

514 1887 587 1909 cum,
599 1881 702 1911 praevia
713 1880 776 1910 luci,

221 1922 400 1947 Tradendum
412 1921 525 1950 Phoebo,
539 1921 669 1945 Palantias
680 1920 760 1952 infinit
771 1921 874 1946 orbem.

196 1997 282 2027 catis
295 1996 430 2027 Ausonii
445 1996 595 2034 versibus,
611 1996 686 2026 vitio
701 1996 923 2035 laborantibus,

190 2047 346 2078 transiens
361 2047 546 2086 opitulabor,
563 2053 681 2086 parent.
701 2048 788 2078 xxiii.
809 2051 857 2078 16.

225 2124 315 2154 Quam
337 2125 424 2151 tener,
445 2125 472 2146 et
492 2121 590 2153 primo,
611 2128 681 2146 nove
700 2122 758 2151 flos,
777 2122 925 2154 decerpe-ris

349 2168 412 2186 aevo
426 2162 432 2185 ἰ

224 2203 283 2226 Non
295 2201 361 2225 dum
375 2207 519 2232 purpureas
531 2200 633 2229 tinctus,
645 2200 757 2231 ephebe,
769 2207 864 2231 genas:

203 2278 225 2308 i.
246 2288 271 2308 e.
286 2276 376 2319 flami
401 2275 497 2306 barba
519 2277 686 2306 coloratus:
713 2275 817 2305 videas
830 2275 921 2316 Virg.

196 2329 271 2359 AEn.
287 2338 316 2359 x.
331 2331 404 2358 524.
428 2327 547 2367 VulgO,
563 2329 698 2358 cinctus:
724 2326 763 2356 de
778 2326 839 2367 qua
853 2337 921 2366 per-

195 2381 370 2411 mutatione
394 2381 600 2410 Burmannus
625 2378 665 2409 ad
689 2378 782 2409 Ovid.
797 2386 869 2409 met.
884 2380 922 2409 iv.

197 2436 247 2463 21.
269 2438 301 2462 et
315 2431 454 2462 maxime
466 2430 745 2460 Drakenborchius
759 2430 799 2460 ad
817 2430 869 2461 Sil.
884 2431 900 2461 I
904 2437 923 2461 t.

194 2483 253 2514 xiv.
270 2487 299 2514 6.
346 2483 553 2522 opportunus
567 2487 613 2511 est
628 2482 787 2519 Lucanus,
807 2492 837 2512 x.
856 2486 924 2514 155.

259 2558 314 2583 Vix
324 2557 379 2582 ulla
386 2558 510 2589 susamte
521 2561 613 2583 tamen
624 2557 752 2590 lanugine
762 2558 852 2582 malas.

198 2632 357 2674 Denique,
374 2644 438 2664 non
453 2633 598 2672 diffiteor,
615 2644 666 2664 me
686 2644 794 2665 vocem
813 2634 924 2665 editio-

197 2694 275 2713 num
291 2695 331 2715 vu
346 2685 480 2724 uarium,
504 2688 614 2717 induta
644 2696 767 2726 nempe,
793 2687 926 2717 minime

196 2735 425 2768 solicitatur-um
440 2738 548 2777 fuisse,
573 2738 634 2768 nisi
660 2739 802 2770 codicum
824 2740 922 2779 irnpe-

197 2788 278 2818 riosa
294 2791 459 2820 auctoritas
479 2791 621 2832 jussisset
627 2804 636 2829 ;
659 2802 734 2823 nam
752 2793 794 2822 sic
812 2792 922 2823 Ovidi-

198 2849 245 2875 us,
260 2845 334 2869 met.
349 2839 369 2869 i.
384 2844 456 2871 270.

260 2913 362 2938 Nuntia
371 2914 492 2944 Junonis,
503 2916 588 2940 varios
599 2916 690 2942 induta
701 2917 800 2949 colores,

260 2951 385 2984 Concipit
396 2952 442 2979 lris
453 2959 543 2984 aquas·

967 929 1090 959 Verum
1114 928 1232 958 interea
1255 933 1361 958 tamen
1386 927 1484 957 lector
1504 927 1694 967 meminerit,

964 983 1030 1012 haec
1053 982 1092 1012 de
1110 981 1194 1011 Iride
1218 989 1412 1021 ποικιλειμονι,
1435 981 1484 1011 vel
1499 984 1613 1013 amictu
1629 984 1694 1022 pic-

965 1040 1068 1064 turato
1084 1033 1203 1069 ornata,
1221 1032 1291 1062 dici.

1007 1093 1084 1124 Ver.
1102 1095 1172 1123 754.
1193 1102 1298 1131 gerere
1311 1094 1410 1123 lcunc:
1436 1092 1533 1123 Vind.
1548 1095 1631 1124 hunc
1643 1105 1697 1134 ge-

966 1156 1040 1176 rere.

1012 1197 1092 1227 Ibid.
1105 1208 1211 1237 gerere
1227 1198 1369 1227 colorem:
1394 1196 1414 1227 i.
1431 1207 1456 1227 e.
1478 1198 1604 1227 habere:
1630 1207 1695 1228 cre-

966 1250 1122 1280 berrimus
1141 1255 1186 1279 est
1208 1249 1241 1278 in
1265 1250 1322 1279 hoc
1346 1259 1405 1278 usu
1420 1248 1565 1279 dictionis
1579 1250 1697 1280 Lucre-

967 1302 1041 1338 tius,
1068 1311 1162 1340 quem
1189 1300 1349 1330 multoties
1375 1301 1514 1341 sequitur
1530 1301 1697 1342 Virgilius,

966 1358 1002 1382 ut
1018 1352 1135 1382 adsolet
1142 1364 1150 1389 ;
1173 1351 1214 1381 ad
1233 1352 1380 1381 Graecum
1397 1360 1474 1395 φερει.
1522 1353 1654 1389 Gellius,
1671 1363 1696 1383 ν.

970 1409 996 1435 1.
1043 1410 1063 1422 “
1084 1405 1197 1434 Varios
1226 1404 1303 1434 adeo
1338 1404 1442 1434 vultus
1478 1404 1698 1445 disparilesque

969 1461 990 1476 “
1008 1468 1115 1488 sensus
1128 1458 1247 1497 gerat.”
1294 1457 1355 1487 Sed
1378 1457 1411 1487 in
1435 1468 1468 1488 re
1494 1458 1628 1488 minime
1643 1460 1697 1489 ob-

968 1511 1057 1540 scur-31
1073 1517 1103 1540 et
1118 1510 1279 1551 incognita
1302 1510 1568 1549 supersedendum
1584 1517 1630 1541 est
1644 1522 1696 1541 ex-

969 1562 1092 1601 emplis:
1120 1563 1192 1592 satis
1214 1563 1254 1592 sit
1277 1563 1367 1592 nobis
1382 1563 1480 1592 obiter
1502 1568 1628 1603 tyrones
1642 1563 1697 1594 ad-

968 1614 1107 1644 monitos
1123 1615 1332 1653 exsuscitasse.

1015 1674 1086 1704 Ver.
1104 1677 1174 1705 755.
1197 1676 1311 1705 colore:
1338 1674 1374 1704 L.
1402 1675 1450 1704 M.
1476 1676 1586 1705 colose:
1611 1686 1648 1705 ac
1673 1675 1699 1705 si

967 1726 1111 1757 librarius
1126 1737 1145 1756 a
1167 1732 1251 1756 recto
1278 1728 1363 1762 colos,
1391 1736 1461 1766 quae
1476 1731 1522 1756 est
1541 1727 1699 1767 antiquior

967 1778 1130 1816 scriptura,
1162 1777 1301 1808 derivare
1330 1777 1430 1808 vellet.
1486 1778 1696 1818 Ineptissime.

968 1830 1009 1860 In
1026 1840 1085 1860 ver.
1100 1833 1171 1861 757.
1190 1837 1231 1860 Π.
1247 1831 1341 1860 habet
1354 1841 1422 1868 nec,
1437 1840 1492 1869 pro
1507 1842 1613 1871 neque,
1629 1831 1683 1861 bis.

1010 1892 1084 1921 Ver.
1116 1894 1187 1923 759.
1210 1894 1311 1922 animi
1336 1893 1482 1933 injectus:
1515 1892 1603 1932 quasi
1632 1904 1698 1923 ma-

966 1953 1063 1973 nuum
1081 1942 1225 1983 injectus,
1251 1953 1314 1983 quo
1340 1953 1408 1973 rem
1434 1943 1606 1984 quamlibet
1629 1949 1698 1973 tan-

966 2005 1040 2035 gere
1067 1995 1175 2034 possis,
1197 2001 1229 2025 et
1250 2001 1449 2026 contrectare.
1493 1995 1697 2036 Elegantissi-

968 2057 1038 2076 mus
1062 2053 1108 2077 est
1133 2048 1171 2077 ab
1201 2047 1322 2077 actibus
1346 2046 1502 2085 corporeis
1527 2046 1697 2077 translatio.

971 2097 1086 2127 Noster
1099 2107 1196 2138 quam
1212 2097 1361 2136 apposite,
1377 2107 1404 2127 v,
1423 2101 1493 2127 105.

985 2181 1039 2203 Nec
1051 2183 1143 2203 tamen
1155 2178 1224 2203 hanc
1236 2179 1316 2210 possis
1327 2178 1467 2203 oculorum
1479 2177 1592 2203 subdere
1601 2178 1671 2208 visu,

983 2221 1037 2243 Nec
1043 2220 1128 2250 jacere
1140 2218 1202 2242 indu
1215 2225 1316 2247 manus,
1328 2218 1371 2242 via
1382 2218 1435 2249 qua
1446 2218 1551 2242 munita
1563 2218 1626 2243 fidei

983 2258 1109 2282 Proxima
1128 2256 1181 2281 fert
1200 2257 1351 2282 humanum
1371 2257 1398 2281 in
1416 2261 1521 2289 pectm,
1538 2258 1696 2290 templaque

1121 2297 1228 2322 mentis.

969 2373 1019 2403 Ibi
1036 2383 1114 2402 meae
1129 2378 1202 2403 sunt
1224 2373 1506 2404 animadversiones
1527 2373 1696 2413 inspicien-

967 2425 1025 2460 dee,
1050 2431 1081 2455 et
1104 2435 1178 2455 mox
1201 2424 1242 2455 ad
1263 2431 1323 2455 ver.
1343 2429 1433 2456 1046.
1461 2426 1592 2466 hujusce
1618 2425 1698 2457 libri.

971 2477 1080 2507 Cicero
1095 2487 1159 2506 non
1178 2477 1285 2506 minus
1307 2476 1448 2516 pulchre,
1471 2477 1510 2507 de
1534 2483 1597 2508 nat.
1613 2477 1697 2508 deor.

968 2529 988 2558 i.
1003 2532 1055 2559 ⁶20.
1102 2532 1124 2547 “
1144 2529 1245 2570 Cujus
1267 2539 1393 2568 operam
1409 2529 1547 2568 profecto
1562 2540 1627 2559 non
1641 2529 1694 2559 de-

970 2584 992 2598 “
1008 2580 1192 2616 sideraretis,
1216 2581 1242 2610 si
1265 2581 1443 2611 inmensam
1466 2587 1497 2611 et
1510 2580 1694 2612 intermina.-

970 2637 992 2652 “
1008 2640 1074 2663 tam
1089 2633 1123 2663 in
1138 2633 1241 2663 omnis
1254 2634 1350 2672 partis
1372 2633 1625 2674 magnitudinem
1645 2642 1694 2662 re-

971 2689 992 2703 “
1008 2685 1141 2726 gionum
1155 2685 1316 2722 videretis3
1342 2685 1374 2715 in
1389 2696 1486 2726 quam
1506 2696 1536 2716 se
1552 2684 1694 2724 injiciens

971 2740 991 2755 “
1008 2740 1142 2775 animus,
1162 2743 1192 2767 et
1206 2736 1384 2775 intendens,
1407 2737 1451 2766 ita
1464 2736 1525 2766 late
1539 2735 1695 2776 longeque

970 2794 992 2808 ‘⁶
1007 2789 1235 2830 peregrinatur,
1263 2796 1300 2820 ut
1328 2788 1450 2819 nullam
1475 2794 1581 2817 tamen
1606 2797 1694 2817 oram

969 2846 991 2860 “
1007 2844 1111 2873 ultimi
1124 2842 1238 2880 videat,
1262 2843 1296 2872 In
1314 2841 1377 2882 qua·
1397 2840 1491 2879 possit
1512 2839 1693 2870 insistere:'’

967 2894 986 2924 i.
1003 2905 1029 2924 e.
1052 2894 1156 2925 ultimi
1184 2896 1287 2933 spatii.
1330 2893 1374 2923 Et
1403 2891 1523 2921 dictum
1548 2897 1634 2931 puto,
1658 2897 1695 2922 ut

967 2946 1047 2977 illud
1077 2945 1313 2982 Sallustianum,
1349 2943 1427 2984 Jug.
1460 2947 1577 2975 25.-“
1592 2944 1695 2974 omnis
