1894 3253
529 234 764 283 LIBER
811 234 1224 284 SECUNDUS.

1535 244 1628 284 313

276 367 402 410 Unde
422 367 560 425 ignem
574 368 726 424 jacere,
749 376 790 409 et
809 367 946 409 lumen
968 367 1222 418 submittere,
1246 367 1425 423 possint3

275 443 557 500 Scintillasque
576 458 713 501 agere,
739 458 787 485 ac
807 442 887 484 late
906 442 1072 483 differre
1092 441 1280 484 favillam.

157 519 240 559 675

331 518 508 569 Caetera,
531 518 730 561 consimili
749 518 897 559 mentis
918 518 1078 559 ratione
1096 532 1338 575 peragrans,

274 593 462 635 Invenies
484 594 609 651 igitur
628 595 851 636 multarum
871 593 1028 635 semina
1047 607 1187 634 rerum

276 667 462 723 Corpore
482 668 627 719 celare,
650 676 691 710 et
710 669 841 709 varias
861 667 1054 709 cohibere
1074 667 1240 725 figuras.

129 821 176 852 ed.
195 821 233 852 Ο.
261 822 300 859 Q.
327 826 362 853 Δ.
381 827 415 855 Σ.
433 829 478 854 Ω.
503 826 649 862 tradunt;
675 831 716 855 Π.
738 829 858 862 autem,

127 876 256 905 trudunt
263 889 275 910 ,-
311 880 404 916 atque
433 875 538 912 etiarn,
568 875 638 907 loco
668 878 712 912 Si,
742 877 859 916 praebet

129 928 194 958 Sed.

170 979 245 1010 Ver.
262 983 333 1011 675.
349 981 448 1019 ignem
455 980 572 1021 jacere.
617 982 665 1012 M.
681 981 810 1012 Tullius
824 982 858 1012 in

130 1031 245 1061 Arato:

127 1109 240 1138 Contra,
253 1108 327 1133 haedi
338 1109 470 1141 exiguum
481 1110 584 1141 jaciunt
595 1110 753 1135 mortalibus
764 1110 855 1143 ignem.

130 1175 302 1206 Committe
318 1187 391 1206 mox
406 1176 549 1207 laudatos
563 1176 646 1207 locos
661 1177 701 1207 ad
712 1187 773 1207 ver.
785 1180 858 1207 822.

172 1227 252 1258 Ibid.
277 1230 380 1259 lumen
393 1230 583 1265 submittere;
608 1228 630 1259 i.
647 1240 673 1260 e.
701 1229 800 1260 desub
825 1240 857 1260 e·

126 1279 258 1315 mittere,
296 1280 506 1319 suppeditare:
547 1286 584 1310 ut
619 1286 733 1316 noster,
771 1280 791 1310 i.
829 1283 858 1312 7.

126 1334 149 1350 ‘⁶
165 1331 258 1362 tellus
283 1333 439 1363 Submittz't
465 1331 593 1362 flores:''
617 1332 673 1362 ubi
703 1332 855 1373 perlegas,

124 1383 201 1424 quid
217 1384 398 1414 notaverim.
441 1384 602 1420 Lucanus,
618 1383 658 1414 ix.
679 1387 749 1415 182.

319 1462 350 1486 de
356 1462 437 1494 pastis
447 1462 592 1487 submittere
599 1463 719 1494 gramina
730 1463 842 1495 campis,

154 1503 188 1526 Et
197 1508 328 1527 renovare
338 1509 434 1533 parans
445 1501 568 1526 hibernas
578 1502 681 1533 Apulus
693 1502 798 1532 herbas,

158 1545 225 1574 Igne
234 1542 312 1567 fovet
323 1545 417 1567 terras.

127 1607 180 1637 Ita
194 1605 304 1636 malim
319 1605 432 1645 legere,
448 1615 545 1645 quam
570 1604 715 1646 junctim,
737 1615 809 1635 cum
826 1617 858 1636 e-

126 1659 208 1695 ditis,
238 1659 379 1698 depastis.
426 1657 515 1687 Male
547 1658 763 1696 Burmannus,
801 1669 858 1698 pro

123 1712 282 1752 gramina,
297 1709 351 1740 dat
361 1711 503 1749 germina
510 1726 521 1746 ;
545 1715 588 1748 et,
603 1709 688 1740 unde
703 1711 856 1748 habuerit,

127 1762 254 1793 nullum
268 1763 406 1792 verbum.
451 1761 646 1800 Propertius,
662 1762 682 1792 i.
699 1766 728 1792 2.
747 1767 774 1794 9.

158 1835 284 1868 Adspice,
302 1838 370 1866 quot
388 1835 531 1859 submittat
549 1834 648 1860 humus
658 1843 707 1860 non
719 1843 801 1860 vorsu
813 1843 858 1862 co-

283 1874 367 1899 iores:

128 1939 148 1970 i.
164 1949 190 1969 e.
206 1948 271 1968 non
286 1947 384 1975 versa,
400 1936 528 1968 inculta.
573 1937 624 1967 Sic
639 1938 769 1969 fortasse
784 1939 857 1970 scri-

126 1993 279 2031 bendum,
303 2003 359 2033 pro
385 1993 522 2033 vulgato,
535 1993 675 2034 fiir-mosa
682 2009 693 2030 ;
719 1995 805 2036 quod
824 2007 856 2027 e·

128 2046 240 2077 ruditis
257 2047 331 2087 jure
355 2046 513 2086 displicuit
538 2048 578 2078 ob
603 2048 708 2078 statim
731 2050 859 2080 veniens

116 2099 295 2140 jbrmosz'us.
330 2098 415 2128 Vide
430 2099 663 2131 Bur-mannum.
710 2101 764 2131 Ad
779 2112 857 2131 eun-

127 2150 202 2181 dem
218 2160 345 2181 sensum
358 2151 482 2181 subtollo
497 2152 627 2182 verbum
638 2152 788 2183 Lucanus
802 2164 858 2194 po-

129 2202 205 2239 suit,
221 2202 328 2232 Phars.
343 2202 382 2232 iv.
399 2204 471 2234 597.

480 2282 606 2314 coeloque
618 2283 740 2316 pepercit

163 2321 243 2352 Quod
253 2327 307 2344 non
316 2320 458 2352 Phlegraeis
469 2322 599 2347 Antaeum
609 2323 713 2348 sustulit
723 2324 807 2348 arvis:

134 2402 176 2433 et,
193 2394 278 2436 quod
292 2395 467 2425 notandum
482 2402 539 2434 est,
556 2398 687 2429 subduco
706 2399 859 2438 Avienus,

134 2449 169 2478 in
184 2449 248 2478 orb.
265 2447 345 2478 desc.
360 2450 433 2480 379.

164 2522 220 2547 Nec
231 2521 320 2545 minus
331 2520 391 2546 heic
407 2522 524 2553 speculae
536 2526 634 2548 vertex
649 2522 808 2554 subducitur,
823 2532 861 2550 ex

308 2567 344 2585 uo

165 2601 282 2626 Cernere
289 2567 325 2624 git
335 2600 416 2632 longe
426 2600 563 2626 Pallenidis
573 2602 669 2627 intima
680 2606 771 2628 terrae.

177 2676 252 2706 Ver.
268 2678 340 2706 674.
355 2686 393 2705 ac
403 2677 480 2706 late:
500 2676 540 2706 V.
557 2676 604 2707 ed.
619 2689 659 2717 ag
673 2679 750 2713 late;
777 2679 860 2719 quod

134 2736 199 2757 non
215 2728 437 2765 observassem,
461 2727 520 2756 nisi
535 2733 571 2757 ut
586 2728 790 2759 manifestum
806 2730 859 2760 fie-

135 2784 192 2813 ret,
217 2777 251 2808 in
266 2784 421 2818 quantum
436 2778 505 2808 soni
531 2779 729 2810 concinnatio
753 2780 791 2810 ad
813 2781 862 2810 in.

137 2827 242 2858 dolem
262 2829 419 2870 sequentis
434 2829 530 2860 literae
551 2830 666 2861 formas
689 2832 862 2862 vetustioris

137 2879 364 2920 orthographiae
374 2892 539 2923 germanas
553 2882 669 2923 passim
683 2884 862 2923 corruperit,

137 2935 169 2960 et
188 2930 308 2964 eliserit.

948 823 1030 855 Ibid.
1055 825 1212 855 Scintillas
1225 833 1324 863 agere.
1360 822 1510 854 Similiter
1527 823 1633 863 Maro,

904 875 980 907 AEn.
995 875 1058 906 viii.
1077 879 1150 907 258.
1173 875 1297 905 locutus
1312 880 1365 905 est.

1253 948 1306 980 qua
1318 948 1450 980 plurimus
1461 948 1557 973 undam

932 989 1033 1014 Fumus
1041 988 1104 1021 agit.

947 1063 1021 1095 Ver.
1049 1067 1121 1095 675.
1164 1066 1273 1095 mentis
1298 1066 1417 1094 ratione
1443 1075 1631 1103 peragrans.-

903 1122 939 1146 ut
969 1118 1151 1156 peragravit
1180 1122 1290 1154 mente,
1328 1116 1347 1146 i.
1378 1118 1429 1147 75.
1474 1116 1637 1147 Audacter

903 1178 986 1203 sane,
1010 1167 1064 1197 sed
1086 1167 1129 1197 ita
1147 1173 1183 1197 ut
1204 1166 1399 1197 admirentur
1415 1166 1545 1197 lectores
1559 1168 1637 1207 lepi-

903 1218 947 1255 di,
971 1219 1177 1258 probentque,
1203 1217 1338 1255 Plinius,
1354 1224 1417 1247 nat.
1433 1218 1504 1249 hist.
1521 1229 1590 1250 XXV.
1606 1222 1636 1251 5.

903 1273 926 1288 “
942 1269 1378 1310 Pythagoras—volumen—
1384 1271 1637 1310 composuit-—;

903 1325 925 1340 “
941 1322 1118 1361 composuit
1147 1328 1178 1352 et
1207 1322 1426 1359 Democritus;
1457 1326 1637 1362 peragratis

903 1377 925 1392 “
942 1374 1088 1410 Persidis,
1115 1374 1254 1412 Arabiae,
1281 1374 1463 1412 AEthiopiae,
1488 1376 1637 1415 AEgypti-

903 1428 926 1443 “
942 1435 1014 1466 que,
1030 1425 1159 1464 magis?
1200 1425 1305 1455 Locus
1320 1430 1366 1454 est
1380 1424 1487 1455 indole
1502 1426 1637 1466 cognata

904 1475 938 1505 in
954 1476 1102 1514 Horatio,
1126 1475 1176 1506 od.
1192 1476 1214 1505 i.
1234 1479 1287 1506 528.
1305 1478 1334 1506 5.
1357 1486 1452 1515 quem
1475 1483 1584 1507 contra
1599 1477 1637 1507 li-

903 1528 974 1557 bros
988 1537 1100 1558 omnes
1121 1526 1229 1557 nullus
1249 1527 1371 1566 dubito,
1393 1537 1446 1558 me
1467 1529 1637 1560 certissime

905 1589 971 1610 esse
986 1579 1242 1609 emendaturum:

1132 1659 1181 1678 nec
1194 1653 1343 1684 quidquam
1355 1654 1405 1678 tibi
1416 1654 1525 1686 prodest

902 1693 1032 1717 AEtherias
1038 1696 1183 1724 penetrasse
1193 1693 1300 1723 domos,
1311 1694 1458 1725 animoque
1469 1695 1619 1720 rotundum

994 1732 1153 1757 Percurrisse
1165 1732 1270 1764 polum,
1282 1733 1426 1758 morituro.

902 1807 1019 1848 Vulgo,
1047 1808 1125 1838 false
1148 1813 1179 1838 et
1207 1807 1324 1848 inepte,
1358 1810 1471 1840 A'e'rz'as
1496 1816 1635 1842 tentasse.

901 1859 1027 1889 Priores
1042 1859 1193 1890 dictiones
1207 1860 1323 1898 passim
1345 1859 1512 1898 confundi,
1536 1861 1636 1892 discas

901 1920 939 1940 ex
962 1910 1187 1941 animadversis
1209 1911 1250 1941 ad
1265 1921 1328 1942 ver.
1348 1914 1419 1942 145.
1463 1912 1540 1943 Jam
1562 1923 1636 1944 vero

901 1972 1015 2001 parum
1037 1962 1214 2002 discrepant
1239 1970 1415 2003 penetrasse
1445 1970 1476 1994 et
1504 1971 1636 1996 tentasse

900 2013 935 2042 in
957 2014 1158 2044 membranis.
1207 2016 1338 2045 Tentare
1354 2025 1429 2044 sane
1451 2015 1490 2045 de
1506 2015 1638 2055 inceptis

900 2065 1174 2104 periculosioribus
1197 2065 1357 2105 eleganter
1379 2065 1521 2095 adhiberi
1541 2066 1637 2104 solet;

903 2117 957 2147 sed
980 2124 1144 2157 penetrare
1171 2117 1210 2147 de
1236 2117 1428 2154 hominibus,
1460 2124 1580 2148 remota
1606 2125 1637 2149 et

902 2168 1043 2199 difficilia
1079 2169 1350 2209 investigantibus,
1388 2169 1637 2207 pulcherrimum

903 2227 949 2251 est
968 2226 999 2251 et
1013 2221 1265 2260 acceptissimum
1279 2221 1478 2251 vocabulum.
1523 2221 1636 2251 Lecto-

903 2285 971 2305 rem
996 2285 1061 2305 non
1088 2274 1234 2305 detinebo
1260 2273 1398 2313 longiuS,
1426 2283 1521 2314 quam
1550 2274 1635 2314 quod

903 2328 1072 2358 Lucanum
1087 2326 1220 2357 sufficiat
1235 2326 1421 2364 admovisse,
1437 2325 1499 2356 viii.
1517 2329 1590 2357 215.

904 2402 943 2425 Ne
953 2401 1054 2432 pigeat,
1065 2402 1165 2431 Magno
1177 2403 1348 2431 quaerentem
1359 2399 1428 2428 fata,
1438 2402 1545 2424 remotas

903 2440 1046 2465 Medorum
1056 2443 1189 2471 penetrare
1200 2439 1294 2469 domas,
1306 2439 1499 2471 Scythicosque
1510 2445 1630 2464 recessus:

905 2520 937 2546 et
954 2516 1116 2553 Senecam,
1134 2515 1231 2545 Herc.
1248 2515 1314 2545 OEt.
1335 2517 1425 2545 1870.

1196 2592 1265 2612 totae
1279 2588 1378 2620 pariter

997 2629 1117 2660 Piangite
1128 2632 1237 2660 genten
1255 2635 1369 2659 quarum
1382 2634 1469 2651 saevos

999 2667 1047 2692 Ille
1057 2671 1186 2699 tyrannos
1195 2668 1271 2698 Jussit
1283 2667 1386 2698 stygias

999 2710 1135 2731 Penetrare
1145 2707 1242 2732 domos.

907 2781 958 2812 Sic
973 2781 1026 2811 alii
1037 2781 1215 2820 probissimi
1230 2782 1391 2821 scriptores
1407 2781 1531 2821 passim.
1571 2782 1633 2813 Co-

907 2833 999 2873 gitari
1015 2843 1089 2863 sane
1104 2839 1234 2873 poterat,
1264 2834 1436 2864 Horatium
1455 2834 1496 2865 ad
1520 2835 1633 2875 gigan-

906 2891 954 2914 tas
982 2884 1096 2916 coelum
1133 2886 1315 2916 scandentes
1343 2886 1495 2924 allusisse;
1535 2888 1636 2916 obstat

907 2942 1014 2968 tamen
1031 2938 1062 2968 in
1078 2938 1188 2978 primis
1202 2938 1298 2969 altera
1312 2949 1371 2970 vox
1388 2940 1586 2979 percurrisse,
1605 2942 1633 2966 et

866 2996 933 3027 ΧΩ
