1894 3253
600 246 832 294 LIBER

883 244 1299 294 SECUNDUS

1603 255 1696 296 219

328 380 478 430 Edere,
502 380 714 421 turmatim
735 379 953 427 certantia;
987 392 1063 418 nec
1083 376 1185 418 dare
1204 392 1391 433 pausam,

328 454 522 496 Conciliis
544 463 583 496 et
604 454 786 495 discidiis
807 453 990 494 exercita
1011 451 1181 493 crebris:

216 532 293 569 120
326 529 541 584 Conjiccre
561 539 607 570 ut
626 530 756 584 possis
777 543 830 570 ex
850 528 944 576 hoc,
967 526 1199 581 primordia
1218 541 1374 577 rerum,

324 603 457 652 Quale
478 605 544 653 sit,
567 604 610 644 in
631 618 785 660 magno
798 601 947 657 jactari
969 615 1131 655 semper
1151 601 1284 650 inani;

319 678 437 720 Dum
460 686 574 719 taxat
595 693 734 719 rerum
754 691 1001 734 magnarum
1025 689 1151 730 parva
1172 683 1308 730 potest
1328 690 1392 716 res

321 751 572 807 Exemplare
591 752 706 803 dare,
729 760 770 793 et
790 752 960 808 vestigia
980 750 1155 791 notitiai'.

319 825 419 868 Hoc
439 827 562 868 etiam
582 826 714 884 magis
734 825 826 867 haec
846 827 1035 867 animum
1056 832 1096 865 te
1117 823 1334 865 advortere
1353 838 1430 878 par
1451 833 1511 866 est

172 997 213 1023 τῳ
228 996 283 1025 aspi
305 997 346 1014 τοι
368 990 523 1023 »algasiam
547 986 699 1024 ξυσματα,
727 986 748 1014 ἁ
774 991 904 1024 <petiverat

170 1047 195 1064 ἓν
211 1048 274 1068 ‘1¹oess
303 1034 348 1065 31oe
364 1049 419 1065 ’Των
434 1035 548 1077 θυρίδων
569 1049 693 1066 ακῆ-ΙΠΗΙ·
719 1035 753 1066 ὧν
774 1049 827 1069 *7717
849 1049 902 1066 Oro·

168 1092 357 1128 λυσ-περμιαν,
376 1099 510 1127 στοιχεια
527 1094 606 1126 Mysi
624 1100 674 1120 ’τῆς
699 1088 767 1121 ὅλης
785 1095 900 1126 φυσεως.

169 1135 293 1171 Quibus
322 1137 519 1168 illustrantur
548 1148 585 1167 ea
614 1138 753 1168 Lucretii
783 1138 824 1168 ad
856 1139 898 1168 iii.

168 1191 349 1219 204--207-

208 1240 285 1271 Ver.
310 1243 379 1272 115.
416 1241 545 1279 Seneca,
573 1246 636 1270 nat.
664 1247 785 1281 quaestt.
815 1251 842 1271 v,
874 1245 899 1272 l.

165 1294 186 1310 “
205 1292 289 1322 Cum
303 1294 346 1323 sol
361 1293 394 1322 in
411 1292 547 1333 aliquem
568 1292 712 1323 clausum
727 1293 833 1323 locum
849 1295 898 1323 in-

165 1345 187 1361 “
199 1342 297 1383 fusus
323 1349 379 1379 est,
406 1343 550 1374 videmus
565 1343 748 1382 corpuscula
763 1344 898 1374 minima

161 1397 185 1413 “
201 1395 234 1424 in
264 1395 430 1426 adversum
459 1396 552 1434 ferri;
583 1395 645 1425 alia
671 1406 808 1434 sursum,
836 1396 898 1426 alia

160 1444 183 1465 (ς
198 1446 356 1486 deorsum,
373 1448 458 1479 varie
473 1448 723 1479 concursantia.''

200 1498 276 1529 Ver.
308 1502 378 1531 117.
411 1502 523 1540 proelia
549 1511 740 1540 pugnasque.
786 1500 892 1537 Maro,

161 1550 236 1580 AEn.
252 1550 292 1581 xi.
311 1554 384 1581 912.

175 1609 366 1641 Continuoque
377 1610 469 1635 ineant
477 1614 587 1643 pugnas,
601 1615 628 1636 et
636 1611 728 1642 proelia
740 1614 857 1636 tentent.

161 1674 288 1704 Ennius
302 1673 387 1713 apud
403 1674 558 1713 Nonium,
577 1675 628 1705 vii.
644 1678 695 1705 58.
711 1685 785 1705 voce
801 1677 888 1706 Proe-

156 1727 235 1757 liant
247 1741 257 1757 .-

218 1787 258 1810 lta
268 1786 395 1811 mortales
406 1786 476 1811 inter
487 1794 515 1812 se
529 1790 657 1818 pugnant,
666 1787 796 1819 proeliant.

157 1835 321 1865 Dictiones
343 1837 381 1866 ab
398 1836 534 1874 Isidoro,
564 1836 646 1866 xviii.
667 1840 692 1866 Ι.
717 1836 761 1866 ita
776 1836 886 1867 distin-

156 1892 420 1927 guunmr,atque,
428 1888 550 1926 opinor,
558 1898 621 1917 non
632 1887 723 1918 male:
739 1892 759 1906 “
771 1889 888 1919 Differt

156 1941 177 1955 “
193 1943 301 1968 autem
313 1939 434 1975 bellum,
445 1950 564 1978 pugna,
578 1945 609 1969 et
617 1941 775 1979 proelium.
801 1941 886 1970 Nam

153 1991 175 2006 “
192 1990 299 2019 bellum
316 1989 500 2020 universum
515 1990 640 2028 dicitur,
665 1996 701 2020 ut
716 1991 884 2022 Punicum.

153 2042 174 2058 ‘⁴
192 2040 303 2079 Hujus
318 2047 419 2079 partes
434 2047 507 2071 sunt
526 2052 655 2081 pugnae,
683 2048 719 2071 ut
736 2043 882 2073 Cannen-

151 2094 174 2109 “
189 2091 285 2122 sis—.
327 2092 450 2122 Rursus
465 2093 499 2122 in
515 2092 578 2123 und
588 2093 697 2133 pugn&
714 2100 788 2124 sunt
801 2097 880 2125 mul—

153 2145 175 2160 “
190 2149 221 2173 ta
241 2144 532 2182 praelim—Bellum
561 2143 658 2184 igitur
687 2150 733 2174 est
762 2151 865 2176 totum
871 2159 880 2183 ;

152 2197 175 2212 ‘⁶
186 2205 306 2233 pugna,
333 2195 429 2225 unius
446 2195 508 2226 diei
515 2207 525 2233 ;
541 2197 698 2236 proeliunz,
714 2207 784 2236 pars
799 2208 878 2238 pug-

153 2248 174 2263 “
191 2254 240 2274 nae
255 2245 331 2276 est.”

155 2296 324 2334 Caeterum‚
349 2312 382 2329 το
408 2310 476 2339 que,
500 2299 534 2328 in
560 2299 622 2329 fine
650 2300 766 2337 versus,
792 2303 879 2331 abest

152 2346 250 2376 Vind.
267 2347 306 2377 V.
323 2348 370 2378 ed.
399 2349 439 2379 O.
459 2354 493 2380 Δ.
514 2357 554 2380 Π.
571 2356 605 2381 Σ.
632 2351 715 2381 unde
741 2362 805 2382 non
821 2353 875 2383 de-

149 2396 244 2426 terius
259 2397 386 2428 fortasse
411 2399 455 2429 sic
470 2400 600 2440 legerim
615 2401 732 2440 locum,
759 2413 795 2433 ac
811 2403 873 2434 dis-

148 2448 309 2479 tinxerim:

177 2517 221 2546 Et,
232 2517 307 2542 velut
319 2521 423 2543 aetemo
433 2520 580 2546 certamine
592 2522 699 2553 proelia,
710 2528 811 2554 pugnas

176 2555 261 2581 Edere
271 2557 414 2582 turmatim
424 2559 553 2583 certantia
564 2567 570 2583 :

147 2623 179 2647 et
192 2619 285 2648 velim
302 2621 479 2651 committas
493 2622 532 2653 iv.
553 2626 642 2654 1004.

188 2671 263 2701 Ver.
292 2675 363 2703 119.
389 2675 546 2705 discidiis:
571 2675 591 2705 i.
607 2685 634 2706 e.
658 2675 870 2720 διαχωρισμοις,

146 2728 308 2763 postquam
318 2724 512 2756 coaluissent.
533 2732 577 2756 Ω.
589 2728 704 2765 praebet
712 2730 850 2760 dissidiis
858 2744 868 2759 .-

145 2773 199 2803 sed
214 2775 349 2805 tenenda
360 2782 406 2806 est
421 2776 545 2817 vulgata
557 2777 656 2808 lectio.
682 2777 762 2809 Satis
774 2779 872 2820 liquet

145 2834 198 2861 per
209 2835 241 2854 se
251 2826 327 2866 quid
341 2827 487 2857 differant
497 2829 563 2858 haec
572 2829 736 2867 vocabula;
761 2836 793 2859 et
805 2833 868 2862 dis·-

145 2877 257 2907 sidium
272 2888 360 2916 posse
378 2879 445 2910 fieri
460 2880 526 2910 sine
541 2883 688 2912 discidio:
714 2881 783 2912 vide
801 2883 869 2913 Ou-

145 2925 290 2968 dendorp.
307 2930 346 2961 ad
363 2930 489 2963 Sueton.
501 2932 544 2963 iii.
558 2935 586 2964 7.
602 2939 633 2963 et
647 2944 752 2973 supra,
765 2934 784 2965 i.
795 2938 867 2965 221.

948 982 1036 1021 Ergo
1063 991 1149 1011 nunc
1175 982 1314 1011 discindi
1342 986 1432 1010 vocat
1462 986 1575 1016 noster,
1601 981 1685 1021 quod

948 1033 1022 1063 alibi
1051 1032 1166 1071 saepius
1198 1033 1341 1062 dissilire.
1398 1032 1492 1062 Prius
1520 1034 1684 1063 dissidium

948 1084 1026 1123 citra
1052 1085 1232 1121 discidium,
1258 1088 1289 1112 et
1304 1082 1419 1113 deinde
1443 1086 1609 1114 discidium
1635 1084 1683 1123 ip·

945 1145 1025 1170 sum,
1057 1135 1100 1164 sic
1132 1133 1267 1164 Ovidius
1296 1134 1452 1170 describit,
1484 1141 1559 1165 met.
1584 1135 1603 1164 i.
1634 1138 1681 1167 18.

945 1195 1039 1227 quem
1054 1185 1303 1215 emendatiorem
1323 1185 1417 1215 dabo:

945 1254 1119 1284 Obstabatque
1130 1252 1185 1276 aliis
1197 1252 1269 1276 aliud
1281 1261 1288 1282 ;
1307 1253 1370 1283 quia
1381 1260 1494 1284 corpore
1505 1254 1532 1278 in
1543 1261 1598 1278 uno

944 1295 1048 1326 Frigida
1056 1292 1208 1325 pugnabant
1220 1293 1322 1322 calidis,
1339 1292 1481 1317 humentia
1499 1293 1584 1324 siccis,

942 1333 1032 1357 Mollia
1044 1339 1108 1356 curn
1120 1332 1202 1361 duris,
1215 1332 1270 1356 sine
1281 1332 1400 1363 pondere
1412 1332 1540 1357 habentia
1551 1334 1667 1364 pondus.

942 1375 1016 1399 Hanc
1029 1377 1110 1405 Deus,
1120 1379 1167 1400 aut
1177 1376 1274 1401 messor
1284 1377 1360 1402 litem
1373 1379 1483 1407 Natura,
1494 1377 1609 1403 diremit:

942 1416 1010 1439 Nam
1022 1417 1095 1441 coelo
1105 1420 1200 1447 terras,
1212 1421 1240 1442 et
1252 1418 1329 1441 terris
1340 1417 1447 1442 abscidit
1459 1418 1557 1446 undas,-

939 1456 971 1479 Et
983 1455 1117 1487 liquidum
1129 1459 1209 1489 spisso
1220 1458 1334 1482 secrevit
1345 1459 1378 1482 ab
1394 1458 1456 1483 acre
1466 1459 1580 1484 coeium.

940 1518 992 1548 Ita
1015 1519 1185 1550 certissime
1200 1531 1306 1552 versus
1327 1522 1441 1552 horum
1464 1528 1594 1562 quartus
1620 1523 1674 1553 dc-

938 1571 991 1599 bet
1019 1571 1144 1611 corrigi:
1180 1572 1199 1601 i.
1216 1582 1242 1602 e.
1273 1572 1361 1612 quasi
1391 1572 1525 1604 dixerat:
1562 1577 1582 1591 “
1602 1573 1674 1603 Sive

940 1625 962 1640 “
978 1623 1082 1653 Deum
1097 1634 1202 1654 vocare
1216 1623 1302 1662 velis,
1320 1635 1374 1654 seu
1392 1626 1553 1655 Naturam
1566 1627 1669 1655 ‘melio-

939 1676 959 1691 “
976 1674 1081 1704 rem:’'
1105 1685 1180 1705 nam
1203 1676 1336 1705 ethnicis
1359 1687 1460 1706 unum
1483 1681 1557 1705 sunt
1578 1683 1671 1716 atque

935 1725 1021 1756 idem
1037 1727 1127 1756 Deus
1150 1733 1182 1757 et
1197 1727 1332 1758 Natura:
1361 1739 1426 1758 non
1442 1730 1591 1759 dissident
1607 1728 1669 1758 uti-

934 1787 1005 1817 que,
1037 1788 1139 1818 neque
1160 1778 1293 1817 proinde
1315 1782 1483 1810 discidium
1515 1780 1669 1819 patienter

931 1829 1117 1860 tolerabunt.
1157 1831 1276 1861 Confer
1292 1832 1402 1862 Aurel.
1418 1832 1501 1862 Vict.
1517 1832 1589 1871 epit.
1606 1832 1665 1862 xvi.

931 1885 959 1911 4.
984 1889 1014 1912 et
1029 1883 1294 1914 animadversores
1310 1884 1418 1915 doctos
1433 1885 1473 1915 ad
1497 1885 1613 1916 locum.

973 1935 1047 1965 Ver.
1067 1938 1136 1965 121.
1164 1938 1277 1970 Quale:
1315 1937 1354 1968 G.
1387 1939 1595 1971 &aida—sit:
1624 1938 1662 1968 V.

929 1986 975 2016 ed.
993 1987 1030 2017 Β.
1050 1990 1103 2018 sic.

971 2037 1045 2067 Ver.
1068 2042 1136 2068 122.
1160 2040 1247 2069 Dum
1272 2045 1358 2070 taxat
1378 2050 1478 2078 parva
1502 2052 1566 2071 res:
1594 2041 1613 2070 i.
1630 2051 1657 2071 e.

926 2099 1021 2127 parva
1049 2099 1099 2119 res
1127 2093 1464 2122 tantummodo—mera
1486 2103 1581 2131 parva
1602 2102 1660 2122 reS.

926 2140 1010 2170 Vide
1025 2140 1065 2170 ad
1080 2151 1140 2170 ver.
1159 2145 1230 2173 950.

968 2192 1041 2221 Ver.
1061 2195 1128 2222 125.
1151 2195 1296 2224 notitia'i:
1319 2192 1361 2223 V.
1375 2193 1423 2223 ed.
1439 2196 1586 2228 noticiai;
1616 2200 1656 2224 Π.

923 2245 1074 2274 noctitiai.

968 2296 1040 2326 Ver.
1059 2299 1128 2326 124.
1152 2298 1216 2327 lzaec
1235 2298 1374 2326 animum
1393 2298 1558 2327 advortere.
1604 2296 1653 2326 Si-

922 2347 989 2377 mili
1005 2347 1160 2387 regimine
1171 2348 1338 2378 Sallustius
1347 2359 1422 2378 usus
1433 2354 1489 2386 est,
1501 2349 1523 2379 J
1526 2349 1653 2389 ugurth.

920 2398 1001 2428 xciii.
1037 2402 1134 2428 9.—“
1151 2400 1291 2429 animum
1315 2401 1447 2430 advortit
1468 2400 1549 2429 inter
1579 2410 1654 2429 saxa.

919 2453 941 2468 “
958 2449 1093 2488 repentis
1107 2452 1241 2481 cochleas
1249 2451 1282 2481 .-”
1306 2452 1372 2487 ubi,
1392 2461 1465 2481 cum
1488 2451 1652 2481 nonnullis

917 2500 1024 2530 minus
1039 2501 1079 2531 ad
1091 2511 1158 2531 rem
1174 2512 1264 2531 suam
1279 2502 1516 2541 pertinentibus,
1531 2503 1652 2537 Carum

917 2557 1059 2582 nostrum
1074 2559 1250 2591 opportune
1265 2553 1374 2583 laudat
1391 2553 1524 2584 Cottius.
1552 2553 1652 2584 Plena.

917 2613 1014 2633 manu
1031 2604 1069 2634 de
1091 2605 1149 2634 hac
1171 2604 1309 2635 formula
1327 2604 1582 2644 Oudendorpius,
1608 2605 1649 2636 ad

917 2655 995 2684 Caes.
1011 2655 1081 2685 bell.
1112 2656 1194 2686 Gall.
1211 2657 1231 2686 i.
1249 2660 1298 2686 24.
1330 2657 1484 2696 Apposite
1501 2657 1648 2696 Ovidius,

915 2705 1002 2743 epist.
1019 2706 1070 2736 xii.
1088 2709 1136 2735 25.

944 2773 1033 2802 Jussus
1043 2772 1216 2804 inexpertam
1229 2773 1324 2798 Colchos
1333 2774 1473 2800 advertere
1479 2776 1596 2809 puppim.

915 2834 992 2864 Huc
1022 2835 1153 2874 faciunt,
1192 2848 1262 2877 quae
1292 2838 1430 2870 diximus
1458 2840 1499 2870 ad
1524 2840 1543 2870 i.
1572 2843 1644 2870 854.

916 2888 1006 2916 1060.
1045 2886 1128 2917 Vide
1158 2888 1351 2929 Bentleium,
1380 2891 1420 2922 ad
1452 2891 1518 2923 Cic.
1548 2891 1641 2922 Tusc-

912 2935 1010 2977 dispp.
1033 2948 1059 2969 v.
1075 2941 1126 2970 25.

859 2994 922 3025 ΡΞ
