1894 3253
556 222 792 272 LIBER
835 221 1252 271 SECUNDUS.

1568 229 1661 273 367

162 365 267 401 1090
302 359 453 401 Libera
473 358 695 407 continuo,.
709 356 888 398 dominis
907 355 1067 410 privata
1087 355 1288 410 superbis,

304 434 400 489 Ipsa
421 432 492 474 sua
515 448 588 488 per
609 447 649 472 se
670 438 816 486 sponte
836 430 978 470 omnia
997 429 1074 469 diis
1095 444 1217 484 agere
1237 442 1397 483 expers.

302 508 429 559 Nam,
452 523 530 564 pro
551 515 691 548 sancta
710 504 835 546 deum
856 502 1073 559 tranquilla
1094 510 1263 557 pectora
1282 517 1384 558 pace

307 583 416 632 Quae
437 581 643 637 placidum
664 580 822 636 degunt
842 593 992 628 aevom‚
1014 577 1272 633 multumque
1292 577 1500 619 serenum!

304 657 410 706 Quis
431 671 574 713 regere
593 655 769 696 inmensi
790 667 1009 703 summam,
1037 652 1128 708 quis
1147 652 1300 693 habere
1320 651 1517 707 profundi

165 736 271 773 1095
306 730 417 772 Indu
437 744 564 772 manu
584 729 737 771 validas
756 729 865 784 potis
885 736 945 769 est
965 727 1229 769 moderanter
1249 727 1454 768 habenas?

156 899 242 919 mam
272 892 459 927 potestatem
488 886 670 916 exercentis:
706 896 758 916 me
792 885 895 916 videas

160 940 201 971 ad
218 939 382 979 Sophoclis
399 938 531 969 Philoct.
552 941 644 969 1125.
691 938 778 968 Hinc
793 937 895 967 homi-

162 1006 237 1026 nem
262 994 491 1034 lepidissimum
517 993 653 1023 Nonnus
679 991 752 1032 egit,
777 992 810 1021 in
834 991 894 1021 Di-

160 1057 247 1087 onys.
264 1056 333 1076 xxv.
349 1050 421 1077 449.

450 1128 533 1154 ’γλυκυ
547 1132 638 1157 νέκταρ
652 1125 765 1155 Olafi-05⁸

202 1175 314 1200 Βεκολας
329 1178 498 1206 αστεροφοιτος
514 1180 619 1204 §mozon
633 1170 791 1203 Γοωυμκδκς,

199 1220 353 1244 ΠΑΛΛΩΝ
370 1228 432 1253 mapa
450 1219 631 1248 ΚΥΠΕΛΛΑ,
646 1229 682 1243 τοι
695 1227 737 1253 περ
751 1222 819 1250 λαχε
834 1227 897 1252 ταρ-

320 1268 380 1296 θενος
394 1266 469 1298 Ἠἷη

164 1347 352 1379 Emendabo
378 1347 412 1377 in
437 1352 618 1376 transcursu
644 1345 725 1386 epig.
748 1348 800 1377 72.
828 1349 896 1376 126.

166 1399 218 1430 lib.
237 1403 265 1430 1.
286 1398 416 1429 Anthol.
432 1398 501 1428 Lat.
518 1397 711 1428 Burmanni:

454 1478 503 1503 pro
514 1470 565 1495 luci
577 1470 596 1494 it
605 1470 695 1501 fronte
705 1470 822 1502 Cupido,

194 1512 287 1536 Martis
299 1511 353 1536 tela
364 1518 461 1543 regens.

162 1584 284 1625 Vulgo,
299 1585 378 1614 lucis
390 1583 486 1624 forte.

205 1644 286 1675 Ibid.
310 1645 443 1674 inmensi
468 1644 629 1684 profundi.
667 1630 901 1681 Justinustli.

172 1700 198 1727 1.
217 1700 264 1727 11.
288 1700 312 1714 “
329 1695 503 1726 Fines—in
527 1701 651 1725 tantum
674 1696 842 1735 protulere,
867 1702 902 1726 ut

166 1753 189 1768 “
206 1759 271 1779 non
286 1751 433 1779 immensa
454 1754 581 1778 tantum
595 1758 631 1778 ac
642 1749 800 1789 prqs‘imda
816 1758 901 1778 cam-

166 1805 189 1820 “
210 1812 336 1841 porum,
360 1811 468 1831 verum
485 1801 580 1830 etiarn
597 1806 753 1840 praerupta
771 1799 902 1830 collium

166 1855 190 1871 “
206 1853 428 1892 montiumque
443 1851 542 1882 ardua
562 1851 816 1891 occupaverint.”

212 1906 288 1935 Ver.
308 1908 398 1936 1095.
426 1907 635 1935 moderanter:
662 1905 702 1934 V.
720 1904 766 1934 ed.
785 1910 819 1934 Δ.
840 1916 902 1934 mo-

164 1960 322 1988 derantur.
370 1957 440 1996 Ipse
465 1957 674 1997 cogitaveram
696 1956 735 1986 de
761 1959 898 1986 modera-

163 2016 227 2044 tor‚·
254 2008 307 2039 sed
323 2015 445 2047 recepta
465 2009 617 2047 scriptura
632 2008 726 2049 longe
742 2008 899 2049 longeque

172 2062 377 2092 anteferenda
392 2067 447 2092 est.

217 2113 299 2144 Ibid.
323 2116 407 2144 Indu
436 2125 539 2144 manu.
585 2113 636 2143 Sic
663 2113 797 2150 Ennius,
823 2114 907 2153 apud

173 2164 327 2203 Gellium,
351 2165 403 2194 xii.
423 2168 451 2194 4.
481 2165 660 2205 1'nzlzcfin·a;
688 2171 719 2195 et
734 2165 818 2205 apud
834 2166 907 2195 Ma-

174 2217 329 2254 cremum,
353 2216 391 2246 vi.
410 2221 438 2246 2.
462 2219 543 2247 Indu
563 2219 651 2247 ηιιινί.
699 2217 787 2256 Saepe
802 2218 907 2248 scribi-

170 2275 221 2298 tur
243 2270 330 2303 endo,
354 2268 439 2308 quod
459 2269 571 2299 Graeco
599 2269 668 2300 ενδον
693 2270 822 2308 propius
851 2276 912 2307 est;

174 2320 308 2360 ideoque
331 2319 541 2360 antiquiorem
566 2321 834 2361 orthographiam,
860 2328 906 2352 at-

176 2372 286 2413 quein
310 2371 447 2402 solitario
472 2383 532 2402 usu
548 2372 709 2410 veriorem,
733 2384 804 2403 eam
820 2375 907 2415 equi-

176 2424 250 2455 dem
265 2424 357 2454 facile
380 2423 573 2455 crediderim.
619 2425 704 2455 Vide
726 2432 816 2456 notas
833 2426 872 2457 ad
888 2427 908 2457 i.

181 2480 230 2507 85.

222 2528 302 2559 Ibid.
329 2529 436 2559 habere
459 2531 667 2565 moderanter,-
693 2543 769 2570 εχειν
790 2534 907 2562 sudum-1-

179 2595 246 2617 κως,
272 2580 321 2610 vel
337 2594 477 2621 αρχικως·
505 2581 545 2611 ad
560 2581 730 2612 formulam
752 2584 907 2623 scriptori-

178 2635 237 2663 bus
252 2632 369 2673 linguae
385 2633 557 2674 utriusque,
580 2639 610 2663 et
625 2635 796 2672 praesertim
821 2636 909 2666 Grae-

180 2685 237 2723 cis,
254 2685 368 2715 tritam.
393 2685 534 2721 Plautus,
553 2685 644 2716 Asin.
660 2686 680 2717 i.
699 2690 724 2716 1.
741 2691 792 2718 65.

196 2774 371 2804 Quamquam
382 2773 459 2797 illum
470 2777 559 2798 mater
568 2778 623 2798 arte
633 2777 792 2806 contenteque
803 2773 885 2803 habet,

192 2813 281 2837 Patres
292 2816 323 2837 ut
334 2817 543 2843 consueverunt,
555 2820 605 2845 ego
617 2814 699 2838 mitto
710 2813 771 2838 haec
783 2813 883 2837 omnia.

226 2883 302 2914 Ver.
319 2888 412 2917 1096.
435 2888 538 2917 coelos:
567 2893 607 2916 Π.
623 2888 742 2924 coelum,
764 2885 910 2925 deprava-

181 2934 267 2966 tione
281 2936 441 2978 progressa
456 2948 511 2977 per
526 2937 667 2970 medium
683 2939 911 2970 coelom—con-

939 892 1051 916 vortere
1066 891 1112 916 et:
1132 884 1230 915 Vind.
1244 884 1285 914 V.
1303 884 1351 914 ed.
1369 891 1410 914 Π.
1428 889 1464 915 Σ.
1481 889 1672 915 converteret.

938 940 1096 969 ——omneis
1111 939 1197 968 abest
1215 945 1257 968 Π.
1305 937 1403 976 Apud
1422 937 1573 972 Nonium,
1598 946 1670 966 voce

938 993 1058 1028 coelnm,
1085 990 1139 1031 qui
1166 1001 1203 1020 ex
1221 990 1328 1020 Ennio
1343 997 1375 1020 et
1390 990 1533 1020 Varrone
1549 1000 1673 1019 mascu-

939 1042 997 1072 lini
1026 1043 1116 1073 coelus
1147 1041 1291 1080 exempla
1325 1041 1464 1080 protulit,
1493 1042 1535 1072 ita
1564 1041 1673 1072 vitiose

939 1105 1046 1124 versus
1060 1094 1094 1124 hi
1109 1094 1270 1134 leguntur,
1292 1093 1331 1124 ad
1347 1093 1389 1124 iii.
1406 1098 1456 1124 44.

972 1181 1035 1212 Quis
1047 1180 1146 1211 pariter
1157 1179 1240 1204 ccelos
1252 1174 1502 1203 anmisc'onvert.-r1't
1513 1179 1601 1204 omnis

973 1220 1080 1252 Ignibus
1092 1219 1212 1244 aetheriis
1226 1222 1308 1243 terras
1318 1219 1425 1250 stgfferre
1436 1219 1563 1243 fei-accis?

943 1291 1082 1331 Sergius,
1106 1290 1138 1320 in
1155 1299 1283 1329 corpore
1301 1290 1580 1329 grammaticorum
1596 1290 1676 1327 Purr-

943 1343 1030 1378 schii,
1060 1353 1091 1381 p.
1114 1345 1206 1372 1842.
1238 1342 1325 1370 hunc
1347 1340 1453 1370 locum
1482 1342 1675 1379 memoriter,

943 1404 1001 1424 nec
1031 1393 1247 1431 emendatum,
1284 1392 1404 1422 laudat:
1448 1397 1470 1411 “
1488 1393 1612 1423 Coelum
1642 1393 1676 1422 in

944 1449 966 1463 “
983 1455 1116 1474 numero
1131 1443 1282 1484 singulari
1298 1444 1422 1483 generis
1441 1445 1546 1474 neutri
1561 1451 1618 1482 est,
1642 1445 1676 1474 in

945 1499 1116 1526 “numero
1145 1501 1252 1525 autem
1268 1494 1381 1534 plurali
1407 1496 1531 1536 generis
1553 1506 1676 1526 mascu-

945 1552 967 1566 “
983 1547 1054 1577 lini:
1081 1548 1234 1577 habemus
1249 1546 1335 1575 enim
1351 1546 1384 1575 in
1402 1547 1559 1585 Lucretio,

1040 1634 1060 1647 ‘⁴
1072 1633 1136 1664 Quis
1147 1632 1247 1657 totidem
1260 1632 1343 1656 vertit
1353 1632 1437 1657 coelos
1445 1633 1474 1657 ?”

991 1708 1074 1739 Ibid.
1092 1710 1177 1739 coelos
1193 1714 1372 1739 convortere.

948 1766 1019 1794 269.

1422 1709 1526 1746 Maro,
1548 1709 1588 1738 AE
1594 1720 1622 1739 n.
1640 1710 1677 1739 iv.

1127 1840 1215 1864 coelum
1228 1843 1255 1864 et
1267 1843 1347 1864 terras
1359 1839 1405 1870 qui
1416 1841 1528 1864 numine
1538 1843 1645 1872 lsrqcict.

949 1916 1038 1946 Hinc
1073 1915 1167 1945 traxit
1203 1914 1404 1955 magnificam
1442 1915 1678 1947 translationem

943 1968 1034 2007 po'e'ta
1050 1977 1195 1997 summus
1213 1966 1252 1996 ad
1270 1967 1345 1996 AEn.
1363 1966 1416 1996 xii.
1437 1970 1507 1997 180.

966 2051 1058 2074 Caum:
1070 2052 1118 2073 tuo
1130 2048 1176 2080 qui
1185 2047 1259 2077 bella,
1271 2051 1357 2079 pater,
1369 2048 1417 2072 sub
1428 2049 1541 2074 numine
1552 2052 1663 2081 torques.-

951 2135 1045 2166 quem
1075 2124 1181 2154 locum
1214 2123 1338 2153 Servius
1367 2123 1524 2154 indicavit.
1571 2125 1682 2165 Neque

952 2176 1080 2208 aliunde
1098 2176 1268 2215 petitorum
1290 2181 1550 2204 ornamentorum
1573 2170 1684 2206 decore

952 2240 1059 2260 versus
1081 2229 1223 2269 egregios
1248 2227 1322 2257 ibid.
1338 2227 1389 2256 vii.
1410 2230 1479 2257 101.
1507 2227 1592 2257 idem
1607 2238 1681 2258 con·

952 2282 1086 2312 vestivit:

1209 2367 1381 2393 quorumque
1391 2361 1425 2385 ab
1437 2361 1520 2393 stirpe
1530 2366 1642 2393 nepotes

952 2404 1049 2429 Omnia
1060 2404 1108 2428 sub
1119 2403 1241 2435 pedibus,
1257 2401 1310 2433 qua
1322 2401 1360 2426 sol
1373 2406 1521 2433 utrumque
1532 2409 1670 2427 recurrens

952 2445 1072 2477 Adspicit
1084 2451 1228 2474 oceanum,
1240 2443 1366 2474 vertique
1377 2444 1487 2475 regique
1498 2443 1644 2467 videbunt:

953 2526 989 2552 ut
1007 2521 1104 2552 Joves
1126 2520 1234 2561 utique
1261 2518 1393 2549 totidem
1412 2519 1445 2548 in
1461 2518 1529 2549 coeli
1544 2519 1621 2551 solio
1637 2530 1695 2549 sen

953 2575 1073 2613 dentes,
1099 2581 1130 2605 et
1153 2584 1248 2604 suum
1270 2573 1441 2612 imperium
1462 2573 1686 2612 despectantes.

955 2628 1073 2661 Cicero,
1097 2627 1136 2657 de
1151 2632 1213 2657 nat.
1229 2626 1313 2656 deor.
1329 2625 1360 2655 ii.
1375 2629 1495 2656 58.—“
1513 2637 1612 2666 quum
1627 2638 1684 2657 au-

954 2683 1057 2709 “tem
1089 2681 1233 2718 impetum
1257 2680 1326 2708 coelz'
1348 2688 1422 2707 cum
1445 2677 1621 2708 admirabili
1636 2690 1687 2709 ce-

957 2734 978 2749 “
994 2731 1114 2761 leritate
1130 2730 1247 2760 moveri
1262 2732 1394 2770 vertique
1406 2729 1596 2760 videamus.”
1623 2731 1687 2766 Qui

955 2782 1043 2812 locus
1057 2782 1262 2821 explicabitur
1278 2781 1372 2819 infra,
1391 2781 1431 2812 ad
1445 2792 1473 2812 v,
1490 2782 1686 2812 eor—Por-

957 2844 1003 2871 ro,
1031 2833 1104 2863 hinc
1131 2833 1243 2872 pendet
1267 2833 1386 2872 phrasis
1409 2835 1593 2874 εἶλισσομενος
1610 2847 1687 2870 amr,

956 2884 989 2914 in
1015 2884 1177 2923 Euripidis
1207 2885 1304 2915 Herc.
1331 2884 1392 2915 fur.
1418 2889 1488 2916 675.
1514 2893 1544 2914 et
1569 2894 1686 2924 magm

956 2937 1065 2969 messis
1079 2937 1293 2968 consimilium
1315 2938 1348 2968 in
1367 2938 1487 2969 Graecis
1508 2935 1606 2976 poetis
1621 2937 1683 2966 La-
