1894 3253
650 275 884 324 LIBER
944 274 1254 325 PRIMUS.

1642 287 1698 326 41

230 412 308 450 155
342 408 538 460 Possunt3
572 424 620 451 ac
640 408 730 450 fieri
751 409 892 450 divino
913 409 1084 451 numine
1104 416 1261 451 rentur.

341 484 458 533 Quas
478 485 532 525 ob
552 499 632 534 res,
654 484 725 525 ubi
745 484 968 524 viderimus
988 483 1093 525 nihil
1112 499 1231 540 posse
1252 484 1383 525 creari

338 559 408 601 De
428 558 571 608 nihilo,
594 566 699 608 tum,
722 557 834 613 quod
856 558 1080 613 sequimur,
1094 558 1184 612 jam
1204 559 1353 600 rectius
1372 558 1471 600 inde

339 632 660 687 Perspiciemus;
694 639 735 672 et
755 631 866 672 unde
886 640 1009 686 queat
1031 646 1096 672 res
1118 646 1296 688 quaeque
1317 634 1463 686 creari,

337 706 394 748 Et
414 721 496 762 quo
517 720 692 762 quaeque
711 705 838 746 modo
859 703 964 745 fiant
979 704 1105 760 opera
1127 705 1214 746 sine
1235 705 1388 747 divom.

227 785 306 822 160

190 940 337 978 scribere;
361 945 426 971 tam
442 939 527 982 quod
541 939 663 972 codices
678 940 722 972 ita
737 939 923 981 plerumque

188 993 367 1031 exhibeant,
399 1003 495 1034 quam
518 993 603 1034 quod
631 993 922 1034 frequentissimum

188 1044 228 1074 sit
238 1045 298 1074 hoc
314 1045 415 1075 facere
427 1045 553 1075 comicis
568 1044 766 1086 tragicisque,
778 1044 812 1074 iu
824 1055 923 1086 quan-

188 1102 259 1126 tum
274 1097 442 1136 supersint,
467 1098 709 1135 Romanorum;
730 1097 842 1138 lingua
864 1099 922 1128 sci-

188 1147 262 1179 licet
285 1149 425 1179 citatiore
447 1159 537 1179 voces
558 1148 776 1188 hujuscemodi
803 1154 922 1179 veteres

189 1200 368 1231 efferebant.
415 1200 466 1230 Sic
488 1200 573 1239 apud
595 1205 738 1229 nostrum
752 1199 920 1239 trisyllabae

191 1259 265 1283 sunt
286 1255 482 1289 vehementer,
505 1252 536 1282 ii.
564 1254 656 1281 1025-
697 1253 828 1287 ›rzundi‚
845 1251 919 1284 ibid.

191 1308 263 1336 990.
286 1313 344 1334 nec
359 1303 519 1334 uberrima
539 1313 603 1333 non
627 1307 673 1332 est
696 1301 848 1333 similium
865 1314 918 1333 ex-

190 1355 369 1394 emplorum
382 1365 480 1396 seges,
492 1353 671 1395 legentibus
684 1353 803 1392 passim
820 1355 919 1386 obvia.

188 1406 244 1438 Ad
259 1407 438 1446 Lucanum,
462 1418 491 1437 v.
518 1410 591 1437 421.
614 1407 679 1437 vice
709 1420 745 1438 τε
764 1419 920 1449 compren-

187 1460 276 1497 dant,
292 1459 384 1498 plene
399 1459 553 1496 scribitur,
571 1464 601 1489 et
616 1458 830 1497 emendatius,
848 1460 917 1499 opi-

188 1521 258 1549 nor,
271 1513 537 1552 comprehendant,
548 1511 581 1540 in
593 1516 716 1541 vetusto
731 1511 849 1548 codice,
865 1513 920 1553 qui

188 1563 322 1602 publicae
334 1564 529 1595 bibliothecae
539 1569 585 1594 est
599 1563 633 1593 in
646 1563 822 1595 Academia
836 1565 920 1595 Can-

188 1616 381 1657 tabrigiensi,
403 1627 499 1657 quem
528 1627 586 1646 nos
608 1616 812 1647 contulimus
860 1617 921 1648 Sed

188 1668 320 1699 eruditis
341 1668 517 1699 videbimur
531 1668 641 1707 procul
656 1668 752 1699 dubio
769 1670 920 1700 morosio-

189 1731 237 1751 res
252 1727 283 1751 et
293 1721 486 1751 infructuose
502 1721 660 1761 loquaceS,
677 1721 702 1751 si
718 1721 837 1751 diutius
849 1723 922 1752 huic

188 1772 234 1802 rei
264 1772 486 1803 immoremur:
511 1783 586 1813 ergo
608 1772 738 1803 missam
767 1772 922 1804 faciamus

189 1823 300 1853 saltem
316 1834 402 1853 nunc
413 1824 490 1863 jam.

233 1875 310 1904 Ver.
336 1877 405 1904 157.
435 1875 515 1913 quod
540 1876 706 1914 sequimur.

189 1927 355 1967 ζητεμεναν,
374 1940 407 1956 ‘ro
422 1938 612 1969 oez‘ogzepcsvov:
638 1934 674 1957 ut
689 1927 726 1957 vi.
745 1931 816 1959 808.

752 1875 864 1906 Recte:
891 1890 924 1908 wo

388 1986 493 2018 argenti
503 1993 594 2016 venas,
608 1988 729 2018 aurique,
740 1993 889 2020 sequuntur.

696 2038 746 2067 ΒΕ
752 2048 775 2068 Ν
781 2049 826 2068 Tr.
833 2049 866 2068 El
872 2050 891 2069 υ
899 2050 923 2070 s.

193 2098 278 2129 Nam
293 2099 330 2129 L.
347 2099 396 2129 M.
420 2098 539 2139 legunt,
562 2101 709 2139 sequitur.
761 2100 813 2130 Sic
829 2101 923 2132 etiam

191 2151 358 2192 Virgilius,
378 2151 453 2181 AEn.
468 2151 487 2181 i.
503 2154 576 2181 542.

418 2227 525 2244 summa
535 2227 626 2252 sequar
635 2220 741 2253 fastigia
752 2228 842 2247 rerum
849 2229 858 2247 τ

192 2282 224 2307 et
238 2277 293 2307 alii
307 2278 388 2307 bene
402 2276 495 2307 multi
512 2287 577 2307 non
593 2288 671 2308 raro.

237 2327 312 2358 Ver.
330 2332 401 2360 158.
423 2335 460 2359 et.
476 2328 564 2358 Libri
579 2329 695 2368 plureS,
722 2337 773 2362 ut:
798 2331 923 2362 frustra.

194 2380 234 2411 P.
251 2386 433 2420 sequentem
444 2391 568 2411 versum
578 2382 710 2420 omittit;
726 2389 757 2413 et
768 2394 843 2414 sane
854 2390 924 2414 tuto

195 2432 362 2463 desiderari
375 2438 510 2471 poterat:
537 2433 571 2463 in
588 2439 621 2465 Σ.
637 2434 681 2464 ita
697 2435 854 2467 scribitur:

210 2501 242 2524 Et
254 2506 307 2530 quo
316 2505 433 2530 quaeque
441 2500 524 2525 modo
532 2499 598 2525 fiant
610 2501 665 2527 sine
677 2503 790 2528 numine
802 2504 912 2529 divom:

194 2557 335 2588 numeris
361 2563 442 2587 certe
465 2557 726 2595 concinnioribus‚
755 2559 809 2590 sed
835 2561 922 2592 haud

193 2609 289 2640 dubie
303 2609 344 2639 ad
360 2619 420 2639 ver.
439 2611 510 2639 155.
528 2619 566 2638 ex
578 2609 705 2639 arbitrio
714 2610 833 2641 librarii
849 2622 923 2642 con-

193 2661 321 2692 stitutis.
358 2661 399 2691 In
416 2661 452 2690 B.
469 2672 506 2691 ne
523 2661 674 2691 habemus
688 2671 745 2700 pro
760 2664 844 2694 sine:
862 2675 922 2694 un-

194 2713 233 2744 de
248 2718 368 2743 tentare
380 2713 475 2752 possit
490 2711 613 2752 aliquis,

210 2781 243 2804 Et
251 2786 304 2810 quo
316 2785 433 2810 quaeque
443 2778 527 2803 modo
538 2777 604 2803 fiant
611 2787 619 2808 ;
637 2778 749 2810 operarie
760 2781 870 2804 Deorum
879 2789 888 2806 .-

192 2838 250 2868 sed
285 2838 506 2868 assentientem
534 2837 680 2868 habuerit
709 2837 922 2868 cordatiorum

195 2889 367 2919 neminem·
392 2891 542 2928 divinum,
558 2900 615 2929 pro
630 2888 737 2926 divaim,
757 2896 799 2920 Π.

237 2940 548 2982 Ver..160.fierent:
580 2947 620 2972 Π.
631 2942 735 2985 fient:
761 2947 793 2972 et
813 2940 848 2971 in
873 2950 925 2971 se·-

395 781 522 832 Nam,
546 781 578 822 si
598 780 651 822 de
671 779 800 822 nihilo
821 778 983 830 fierent,
1007 794 1060 821 ex
1080 780 1274 822 omnibus
1296 780 1419 822 rebus

966 944 1082 981 quente
1108 948 1211 978 versu,
1237 938 1306 970 loco
1333 941 1390 977 nil,
1414 938 1512 971 Vind.
1537 939 1578 971 V.
1601 940 1648 972 ed.
1665 945 1703 974 Σ.

969 995 1066 1028 nim,-
1094 999 1130 1023 ut
1146 993 1271 1033 passim.

969 1045 1082 1083 Porro,
1098 1052 1202 1076 noster
1218 1052 1343 1076 tantum
1369 1056 1434 1077 non
1457 1047 1589 1077 verbum
1604 1048 1699 1077 verbo

968 1096 1126 1127 transtulit
1141 1097 1274 1136 Epicuri
1289 1097 1417 1137 dogma,
1443 1104 1537 1137 prout
1563 1103 1648 1128 extat
1669 1098 1704 1128 in

966 1148 1103 1184 Lakirtio,
1130 1159 1159 1178 X.
1182 1152 1234 1178 58.
1280 1155 1401 1191 Πρωταν
1416 1161 1478 1188 μεν,
1496 1150 1539 1179 ὅτι
1556 1148 1614 1180 εἷεν
1631 1162 1705 1189 'yns-

965 1213 1015 1229 ‘YMl
1031 1213 1063 1230 ἐκ
1081 1212 1168 1239 Τὲμη
1181 1211 1270 1234 οῚ705”
1287 1212 1346 1231 παν
1359 1214 1420 1243 γαρ
1433 1214 1465 1231 5³6
1478 1212 1588 1235 παντός
1603 1202 1706 1240 ίγὸνξτ,

964 1265 1007 1287 αν,
1031 1263 1207 1294 στερματων
1223 1265 1259 1292 γε
1277 1251 1336 1282 εἷεν
1354 1251 1559 1294 πξσςδεομενον.
1608 1252 1705 1283 Unde

965 1303 1173 1344 liquidissime
1189 1309 1313 1334 constat
1333 1304 1460 1334 futilem
1476 1315 1542 1334 esse
1557 1305 1706 1336 variatio-

964 1366 1039 1385 nem
1050 1356 1118 1387 cod.
1136 1356 1185 1386 M.
1199 1355 1302 1386 dantis
1314 1357 1358 1392 ni,
1371 1366 1429 1395 pro
1438 1357 1496 1394 nil,
1513 1355 1547 1385 in
1556 1366 1618 1386 ver.
1635 1359 1705 1387 161.

964 1414 996 1438 et
1023 1419 1105 1439 vana
1127 1409 1270 1449 arguitur
1300 1408 1451 1449 cogitatio
1475 1408 1705 1448 Havercampi,

965 1460 1199 1492 distinctionem
1222 1467 1292 1500 post
1313 1466 1413 1500 egeret
1430 1459 1609 1490 tollendam
1626 1471 1705 1499 esse,

965 1517 1001 1542 ut
1015 1512 1171 1554 sequentis
1194 1511 1301 1542 versus
1323 1522 1434 1542 sensus
1456 1511 1534 1541 hinc
1562 1518 1703 1542 sumeret

964 1565 1143 1596 exordium:
1168 1564 1253 1605 quod
1267 1564 1321 1594 vix
1337 1574 1439 1604 operae
1454 1564 1592 1604 pretium
1608 1563 1705 1596 fuerit

965 1617 1109 1647 animum
1126 1617 1301 1647 advertisse.

1008 1669 1083 1700 Ver.
1104 1673 1173 1700 162.
1197 1681 1212 1700 e
1235 1668 1335 1700 carrd:
1364 1675 1407 1699 Π.
1431 1675 1460 1699 et
1475 1667 1557 1699 terrei
1571 1681 1581 1698 .·
1607 1674 1703 1709 atque

965 1721 1034 1751 loco
1044 1727 1156 1761 posset,
1176 1727 1220 1751 Ω.
1234 1723 1341 1761 possit.

1011 1772 1093 1802 Ibid.
1116 1783 1219 1803 mare:
1245 1771 1445 1807 recentiores,
1462 1776 1500 1800 ut
1514 1769 1702 1809 plurimum,

967 1823 1113 1853 dicebant
1123 1825 1214 1853 mari.
1253 1822 1446 1860 Priscianus,
1459 1821 1573 1852 lib.vii.
1587 1832 1617 1861 p.
1632 1824 1704 1854 759.

970 1879 992 1894 “
1008 1875 1225 1906 Vetustissimi
1241 1875 1383 1906 solebant
1406 1874 1628 1915 hujuscemodi
1643 1885 1702 1905 no-

970 1930 992 1945 “
1009 1927 1134 1957 minum
1157 1926 1329 1957 ablativum
1356 1926 1453 1956 etiam
1469 1925 1503 1955 in
1524 1936 1541 1955 e
1556 1925 1704 1963 proferre.

970 1982 990 1996 “
1007 1979 1122 2016 Varro,
1153 1977 1379 2018 antiquitatum
1407 1978 1624 2007 humanarum
1648 1977 1702 2007 xii.

970 2034 991 2049 ‘⁶
1011 2031 1063 2061 Ab
1079 2031 1245 2071 Erythraeo
1259 2040 1344 2060 mare
1360 2028 1429 2059 orti.
1462 2028 1555 2059 Idem
1568 2028 1602 2058 in
1614 2029 1701 2059 Fun-

969 2082 1112 2112 “danio:
1141 2081 1182 2112 In
1205 2092 1288 2112 mare
1315 2091 1430 2121 aquam
1453 2079 1602 2121 frigidam
1618 2080 1703 2111 oriri.

971 2139 992 2153 ‘⁶
1010 2135 1167 2165 Atacinus
1180 2144 1307 2175 quoque
1322 2133 1410 2164 dicit:

985 2195 1005 2208 ‘⁶
1017 2194 1141 2226 Cingitur
1150 2200 1262 2223 oceano,
1274 2193 1377 2224 Libyco
1386 2200 1465 2222 mare,
1476 2192 1588 2217 flumine
1599 2192 1690 2217 Nilo.”

970 2242 1096 2279 Quibus
1117 2247 1148 2271 et
1170 2241 1231 2271 alia
1260 2240 1404 2279 exempla
1427 2240 1636 2280 subjiciuntur
1661 2250 1701 2270 ex

968 2293 1094 2329 Plauto,
1111 2293 1252 2328 Lucano,
1271 2291 1399 2330 ovidio,
1415 2297 1508 2332 atque
1520 2291 1600 2329 aliis,
1617 2290 1702 2331 apud

970 2345 1075 2385 ipsum
1090 2344 1209 2380 lectori,
1225 2344 1279 2384 qui
1294 2344 1385 2383 plura
1399 2343 1478 2382 vult,
1494 2342 1637 2382 petenda.

1014 2397 1088 2427 Ver.
1109 2399 1177 2427 163.
1204 2396 1332 2435 Scripsit
1347 2402 1463 2434 noster,
1483 2401 1538 2425 aut
1561 2404 1621 2435 ego
1643 2393 1702 2424 fal-

971 2448 1019 2479 lor
1034 2454 1070 2478 ut
1085 2458 1243 2487 nusquam
1259 2447 1347 2485 alias,
1371 2449 1411 2477 ob
1433 2447 1597 2476 invenuste
1612 2445 1703 2476 toties

969 2500 1133 2539 repetitam
1149 2499 1281 2529 eandem
1299 2498 1469 2528 dictionem
1481 2507 1596 2537 genws:

1061 2560 1267 2592 squamigerum
1276 2563 1351 2591 pecus
1360 2567 1369 2583 .-

968 2611 1038 2641 vide
1053 2610 1087 2640 ii.
1104 2613 1177 2640 545.
1193 2616 1225 2639 et
1239 2619 1297 2639 nos
1312 2608 1390 2638 olim
1406 2607 1448 2638 ad
1461 2607 1552 2648 VIrg.
1568 2617 1638 2648 geo.
1654 2607 1699 2639 iii.

969 2666 1041 2692 245.
1066 2661 1240 2698 Ausonius,
1259 2658 1382 2690 Mosen.
1406 2661 1475 2689 135.

969 2729 1056 2757 Nunc,
1062 2731 1137 2760 pecus
1146 2732 1300 2759 aequoreum,
1311 2725 1488 2756 celebrabere,
1497 2732 1597 2758 magne
1606 2725 1700 2750 Silure:

969 2789 1000 2813 et
1015 2783 1156 2812 similiter
1179 2782 1266 2821 epist.
1282 2793 1351 2812 xxv,
1371 2782 1574 2818 19.—Porro,
1600 2787 1699 2811 totam

967 2834 1142 2873 periodum,
1167 2844 1237 2874 quae
1252 2843 1311 2863 nos
1325 2833 1382 2863 diu
1397 2833 1600 2873 multumque
1615 2832 1698 2862 frus-

967 2893 1015 2916 tra
1039 2886 1150 2916 habuit
1172 2886 1330 2922 exercitos,
1354 2886 1479 2925 punctis
1509 2884 1699 2914 inconcinne

967 2937 1125 2978 dispositis
1139 2937 1254 2969 misere
1268 2937 1414 2970 affectam
1430 2943 1461 2969 et
1480 2942 1605 2968 tantum
1630 2945 1698 2967 non

921 2999 989 3031 ΒΞ
