1894 3253
161 214 256 259 372
658 208 717 254 Τ.
769 206 1152 254 LUCRETII

162 345 270 382 1120
305 341 431 391 Heic,
457 340 618 380 Natura
639 339 719 378 suis
740 337 918 378 refrenat
939 338 1092 379 viribus
1113 347 1294 380 auctum.

305 416 432 464 Nam,
455 427 758 469 quaequomque
779 413 891 454 vides
913 412 1042 454 hilare
1062 414 1334 470 grandescere
1354 414 1408 455 ad
1428 422 1607 468 auctum,

302 488 601 543 Paullatimque
621 487 774 545 gradus
795 488 926 528 aetatis
948 487 1144 528 scandere
1165 489 1331 539 adultae,

303 563 429 604 Plura
450 563 526 603 sibi
548 562 786 613 adsumunt,
809 578 933 618 quam
955 563 1007 603 de
1028 578 1070 603 se
1090 578 1266 618 corpora
1287 563 1479 614 mittunt;

302 638 420 679 Dum
440 637 556 678 facile
576 637 620 677 in
641 652 764 678 venas
785 637 899 678 cibus
920 637 1077 678 omneis
1098 637 1270 687 inditur,
1293 646 1334 678 et
1354 638 1455 679 dum

162 720 174 753 1
192 718 268 754 125
302 712 401 753 Non
422 712 480 752 ita
500 719 595 752 sunt
615 711 694 752 late
715 712 913 766 disparsa,
936 720 982 753 ut
1003 711 1131 752 multa
1152 713 1377 763 remittant,

299 787 355 829 Et
374 787 465 842 plus
485 786 690 842 dispendii
710 785 876 838 faciant,
899 803 1025 843 quam
1046 788 1220 829 vescitur
1242 796 1352 828 aetas.

152 960 210 992 ter,
233 964 269 984 ac
285 959 401 992 noster,
429 959 536 984 tamen
553 953 697 991 Plautus,
722 955 790 985 Cas.
807 955 838 985 ii.
854 959 884 986 5.

155 1010 208 1037 51.

506 1090 549 1114 Dii
560 1097 606 1114 me
617 1093 643 1114 et
654 1094 681 1114 te
693 1090 864 1121 infelicstent,

185 1131 210 1155 Si
221 1138 271 1162 ego
282 1131 309 1155 in
321 1139 346 1155 os
358 1138 451 1156 meum
464 1131 544 1156 hodie
560 1131 615 1155 vini
626 1135 735 1163 guttam
747 1131 839 1156 indidi.

154 1203 254 1241 Belle,
271 1209 307 1234 ut
322 1204 439 1240 omnia,
459 1204 612 1242 Avienus,
636 1206 700 1234 orb.
717 1204 797 1234 desc.
815 1208 885 1235 716.

181 1285 281 1309 Lesbus
300 1285 366 1309 item
384 1288 411 1309 et
428 1285 557 1309 Tenedus
578 1291 626 1315 per
648 1284 733 1313 aperti
750 1291 887 1308 marmora

278 1324 355 1355 ponti

182 1363 339 1395 Expediunt
351 1370 435 1393 arces,
447 1366 475 1388 et
487 1363 606 1388 culmina
618 1363 734 1387 nubibus
743 1364 845 1388 indunt.

154 1435 206 1466 Sic
226 1435 321 1466 etiam
341 1434 432 1465 Ovid.
450 1441 527 1464 met.
545 1434 595 1463 vii.
614 1437 683 1464 788.
701 1441 731 1463 et
740 1435 802 1464 alii.
835 1434 890 1464 Li-

151 1493 220 1518 ceat
234 1488 332 1526 po'etae
353 1492 459 1516 nostro
475 1487 621 1516 varietate
643 1487 796 1516 sermonis
811 1497 885 1516 con-

154 1548 295 1577 spersum
311 1547 437 1568 carmen
454 1548 548 1567 suum
563 1537 646 1568 dare.
691 1538 734 1567 Et
749 1538 888 1577 apposite

152 1589 305 1621 Aurelius
321 1590 443 1627 Victor,
459 1589 499 1619 de
514 1590 567 1619 vir.
584 1589 677 1619 illust.
693 1589 776 1620 xviii.
789 1593 819 1619 5.
838 1600 887 1620 re-

152 1641 257 1671 ferens
290 1640 441 1681 Agrippae
473 1641 613 1670 fabulam
636 1641 883 1672 celeberrimam:

152 1699 171 1712 “
191 1693 274 1723 Cum
298 1703 337 1722 eo
361 1698 451 1731 pacto
467 1699 498 1722 et
513 1692 571 1731 ipsi
587 1692 768 1729 deficerent,
795 1693 887 1724 intel-

151 1748 174 1762 “
191 1744 337 1774 lexerunt
352 1749 494 1773 ventrem
511 1750 652 1782 acceptos
664 1745 743 1775 cibos
755 1756 812 1783 per
826 1758 889 1775 om-

156 1798 250 1826 “nia
274 1797 407 1826 membra
435 1795 611 1826 (Iz'ssercre.”
660 1795 778 1825 Confer
793 1796 889 1826 etiam

152 1847 235 1878 Livii
250 1847 369 1884 locum,
397 1847 618 1886 interpretibus
637 1846 761 1876 Aurelii
777 1847 886 1877 lauda-

153 1904 231 1929 tum.

196 1950 273 1980 Ver.
295 1952 389 1981 1125.
412 1951 485 1980 late:
514 1956 554 1980 Π.
570 1951 742 1980 [ceta—ut:
770 1950 811 1981 V.
839 1951 887 1981 ed.

154 2009 194 2034 et.

194 2053 270 2083 Ver.
290 2056 381 2083 1126.
408 2053 448 2082 In
472 2055 530 2083 hoc
554 2064 645 2083 versu
660 2054 754 2092 plane
770 2054 888 2095 aliquid

150 2110 208 2142 est,
239 2104 325 2144 quod
354 2109 463 2134 contra
492 2105 591 2143 po'e'tae
621 2110 762 2134 mentem
787 2105 889 2136 faciat.

153 2157 285 2187 Constat
299 2155 414 2195 quippe
429 2156 497 2185 haec
512 2156 617 2193 verba,
633 2167 727 2196 quam
746 2160 889 2195 vescitur,

152 2209 294 2249 opposita
310 2209 372 2239 illis
388 2220 464 2245 esse,
486 2211 559 2249 plus
575 2212 731 2250 dispendii
736 2210 865 2251 saciant
875 2225 885 2240 .-

150 2262 254 2302 itaque
271 2275 304 2292 τα
319 2263 398 2292 vesci
419 2261 611 2302 significaret
632 2264 803 2302 acquirere,
824 2273 884 2301 pa-

151 2324 235 2343 rare:
254 2313 306 2343 cui
321 2312 365 2342 rei
380 2312 500 2353 linguae
510 2313 632 2343 Latinae
643 2325 718 2344 usus
728 2313 884 2344 reclamat.

152 2365 262 2395 Faber.
308 2365 383 2396 Hoc
398 2365 555 2405 ignoravit
578 2365 705 2404 scilicet,
733 2368 811 2397 vesci
828 2365 884 2395 ali-

152 2416 278 2457 quando
291 2417 391 2447 active
401 2417 498 2455 sumi;
515 2417 600 2458 quod
611 2424 718 2448 tamen
732 2418 887 2448 Phaedrus

152 2479 227 2499 suus
242 2479 317 2500 eum
332 2469 443 2500 docere
459 2470 625 2509 potuisset:

213 2552 272 2576 111ae
284 2552 423 2577 credentes
436 2559 491 2577 sese
501 2553 613 2577 tradunt
626 2552 730 2582 milvio,

215 2591 268 2622 Qui
279 2598 393 2624 regnum
406 2592 520 2624 adeptus
531 2592 617 2624 coepit
628 2592 700 2617 vesci
712 2592 833 2624 singulas.

154 2662 305 2693 Similiter
321 2664 470 2695 Tibullus
488 2675 626 2706 quoqne,
649 2664 688 2695 ad
705 2664 784 2705 eleg.
803 2664 835 2695 ii.
853 2668 884 2696 5.

154 2718 202 2746 63.

319 2790 356 2812 sic
368 2795 451 2820 usque
464 2797 549 2814 sacras
560 2790 673 2814 innoxia
684 2790 769 2814 lauros

246 2828 344 2851 Vescar.

151 2897 195 2928 Et
209 2897 262 2928 alii
277 2899 356 2929 bene
371 2899 476 2931 multi.
524 2901 752 2933 BENTLmus.

976 956 1052 985 Ver.
1080 957 1171 985 1127.
1194 960 1285 994 atque
1307 955 1463 984 recedere:
1490 953 1528 984 L.
1555 954 1605 984 M.
1629 965 1667 986 αε

933 1011 1087 1044 ‹lecerlere;
1112 1008 1137 1037 si
1153 1007 1288 1048 dignum
1303 1013 1348 1037 est
1365 1007 1586 1047 Havercampo
1601 1018 1667 1038 cre·-

932 1061 1014 1091 dere.

977 1114 1059 1143 Ibid.
1080 1116 1185 1155 fluere
1211 1126 1337 1153 corpora
1366 1116 1462 1155 rebqs.
1509 1113 1560 1144 Sic
1589 1113 1669 1152 Epi-

933 1175 1036 1202 curus,
1053 1166 1137 1205 apud
1154 1166 1249 1206 Diog.
1267 1166 1369 1195 La'e‘rt.
1386 1175 1415 1196 x.
1431 1168 1482 1195 48.
1530 1171 1585 1195 Και
1609 1177 1668 1206 γαρ

929 1220 1016 1259 ῥΞΠθἺς
1035 1232 1095 1249 απθ
1111 1232 1163 1252 ’7ης
1181 1233 1236 1249 Των
1255 1231 1398 1258 θωματάὶν
1422 1222 1564 1251 ἒῧῖἰπθλῆς
1592 1229 1668 1248 VUVS·

930 1282 990 1307 χκς
1020 1271 1176 1308 σνμὲαινει,
1205 1283 1241 1300 87.
1261 1269 1393 1303 ε-πιδῆλος
1410 1271 1533 1302 αισρῆσει
1549 1267 1595 1299 δια
1618 1282 1670 1301 την

931 1327 1198 1362 ανταναπλκρωσ-ι-ι,
1223 1326 1453 1352 ΣΩΖΟΥΣΑΝ
1484 1335 1535 1354 την
1559 1332 1605 1351 sm
1631 1333 1670 1351 τε

932 1385 1075 1413 crepemus*
1090 1374 1179 1408 Sam,
1213 1386 1263 1402 και
1282 1374 1371 1410 ταξιν,
1402 1386 1459 1402 των
1474 1385 1602 1411 α-τομων,
1627 1385 1673 1402 em

936 1430 1027 1453 πθλῐλν
1042 1437 1150 1463 χρθνθν“
1168 1436 1187 1453 ΕΙ
1205 1437 1255 1453 xa!
1273 1436 1353 1453 §wov's
1371 1436 1554 1462 O‘U‘yxssob‘ssvn
1578 1423 1668 1464 ὑπαρ-

934 1487 993 1513 χει.
1041 1473 1091 1503 Ita
1106 1473 1340 1513 castigandum:
1367 1473 1474 1512 vulgo,
1491 1474 1618 1511 σωζεσκ.

976 1524 1057 1555 Ibid.
1079 1527 1216 1555 recedere
1231 1525 1328 1556 rebus.
1367 1523 1537 1564 Regimine
1553 1533 1666 1562 parum

933 1575 1117 1616 pervulgato
1144 1575 1277 1606 Plautus
1300 1585 1376 1605 usus
1398 1581 1455 1613 est,
1482 1575 1624 1614 Amphit.
1647 1575 1670 1604 i.

936 1632 962 1658 1.
977 1631 1031 1659 85.

997 1696 1051 1720 Nec
1062 1694 1153 1719 recedit
1164 1695 1225 1724 loco,
1237 1695 1301 1726 quin
1313 1695 1406 1719 statim
1418 1702 1476 1720 rem
1489 1697 1574 1727 gerat.

941 1760 1057 1790 Statius
1073 1761 1180 1799 ctiam,
1196 1760 1294 1791 Theb.
1311 1761 1342 1791 ii.
1359 1764 1430 1791 540.

1098 1830 1202 1854 audenti
1215 1831 1290 1859 deus,
1302 1834 1329 1855 et
1343 1831 1471 1859 Fortuna,
1482 1829 1589 1854 recessit.

978 1896 1053 1927 Ver.
1081 1900 1172 1927 1128.
1202 1909 1329 1927 munus:
1356 1898 1400 1927 V.
1429 1897 1478 1927 ed.
1510 1899 1666 1927 minus.—

933 1950 1095 1978 (zclccdere.·
1140 1955 1181 1978 Π.
1214 1950 1530 1979 accidere—debent:
1568 1947 1667 1978 Vind.

930 1992 1112 2031 ‹l.›l›et.-'—Et
1125 2003 1263 2030 dandum
1280 2012 1401 2038 manus,
1428 2006 1466 2029 ut
1482 2003 1484 2005 ’
1498 2002 1667 2030 timendum

928 2065 1048 2093 pamas,
1073 2054 1091 2084 i.
1122 2057 1192 2086 11⁴2.
1216 2054 1328 2092 Varro,
1355 2053 1393 2084 de
1421 2064 1454 2083 re
1479 2059 1553 2083 rust.
1574 2053 1593 2082 i.
1620 2055 1667 2081 ll.

938 2108 985 2135 12.
1004 2111 1023 2123 “
1031 2107 1181 2136 Dandum
1191 2117 1326 2146 operam,
1337 2105 1383 2134 uti
1393 2102 1665 2143 potissimum—3³³

935 2157 989 2196 qui
1006 2156 1183 2197 frequentat
1197 2158 1278 2186 hanc
1294 2155 1472 2186 formulam.
1519 2153 1603 2183 Vide
1626 2153 1666 2182 sis

933 2208 975 2238 ibi
996 2209 1183 2239 Gesnerum.

974 2261 1049 2290 Ver.
1064 2264 1155 2291 1129.
1171 2262 1296 2291 Donec:
1318 2264 1352 2290 Δ.
1365 2261 1539 2294 ,Βοηὶεαπι;
1554 2267 1665 2288 omnes

931 2311 996 2349 alii,
1013 2313 1045 2341 ni
1061 2311 1164 2349 fallor,
1194 2318 1259 2341 tam
1277 2311 1374 2342 MSS.
1402 2321 1498 2351 quam
1512 2310 1667 2349 impressi,

928 2369 1023 2403 prout
1038 2363 1210 2394 edidimus:
1233 2362 1293 2393 nisi
1305 2362 1390 2403 quod
1403 2362 1530 2392 Nonius
1545 2361 1578 2391 in
1594 2371 1669 2392 voce

930 2417 1050 2445 adolere
1062 2416 1186 2453 habeat,
1199 2414 1577 2454 Dumque.—alescundi.·
1597 2412 1666 2442 No-

932 2467 1003 2497 nius
1019 2467 1038 2497 l.
1055 2477 1078 2497 c.
1095 2469 1288 2498 adolescendi
1294 2482 1304 2502 ;
1323 2471 1354 2496 et
1368 2466 1413 2495 ita
1424 2465 1552 2495 fcrtasse
1567 2464 1667 2494 tutius

932 2518 1040 2549 fuisset
1057 2518 1163 2549 locum
1180 2518 1386 2548 constitutum
1402 2516 1574 2556 reliquisse:

947 2588 1065 2617 Dumque
1075 2584 1237 2609 adolescundi
1246 2590 1386 2608 summum
1396 2582 1512 2614 tetigere
1520 2587 1662 2606 cacumen.

931 2649 993 2679 Vel
1010 2650 1067 2679 hac
1083 2650 1169 2678 enim
1184 2649 1253 2689 lege
1270 2648 1461 2678 constructio
1484 2647 1557 2677 satis
1579 2644 1661 2675 inof-

930 2700 1056 2730 fensum
1072 2700 1185 2739 pedem
1201 2700 1302 2730 ducit:
1330 2703 1352 2718 “
1371 2698 1432 2729 Sed
1447 2698 1537 2738 plura
1547 2697 1661 2727 debent

930 2755 951 2770 “
968 2752 1114 2782 accedere
1121 2764 1130 2790 ;
1154 2758 1246 2792 atque
1263 2753 1295 2782 id
1310 2753 1446 2791 quidem,
1470 2749 1546 2779 dum
1569 2758 1660 2777 suam

929 2807 951 2822 ‘⁶
967 2804 1182 2834 maturitatem
1197 2802 1410 2843 perveniant.’'
1456 2800 1517 2831 Sed
1534 2799 1659 2830 Nonius

927 2856 1080 2887 memoria
1091 2856 1153 2887 labi
1173 2862 1303 2896 poterat,
1319 2861 1350 2885 et
1365 2853 1450 2884 libris
1464 2858 1512 2882 tot
1530 2862 1660 2882 consen-

925 2908 1075 2940 tientibus
1084 2909 1288 2947 tutissimum,
1297 2908 1354 2937 hac
1366 2904 1475 2937 saltem
1485 2904 1661 2941 occasione,

1884 2011 1894 2123 ᾗ

1885 2130 1894 2455 ξ
