1894 3253
199 284 330 325 xxviii
536 283 974 326 TESTIMONIA
1006 284 1345 326 VETERUM

590 471 992 520 CORNELIUS
1027 472 1268 531 NEPOS,

668 613 734 660 In
757 613 854 660 vitci
877 613 1039 670 Attici,
1062 614 1144 660 oeiz'.
1171 622 1215 660 4.

255 754 369 794 Idem
402 752 452 794 L.
484 753 638 794 Julium
672 752 880 803 Calidum,
915 769 1053 809 quem,
1086 762 1180 809 post
1210 754 1431 795 LUCRETH
1465 755 1697 812 Catullique

193 836 383 877 mortem,
406 827 535 868 multo
552 840 945 868 ELEGANTISSIMUM
964 841 1142 868 POETAM
1159 835 1339 868 nostram
1360 828 1496 870 tulisse
1515 837 1694 880 aetatem,

193 917 287 943 vere
322 902 463 943 videor
502 917 621 957 posse
656 902 1025 951 contemlere‚—in
1058 902 1383 957 proscriptorum
1424 918 1643 945 numerum
1674 920 1697 944 a

197 976 244 1018 P.
269 976 741 1026 Volumnio—relatum,
765 976 984 1031 expedivit.

521 1108 595 1156 M.
638 1108 1032 1157 VITRUVIUS
1080 1107 1357 1168 POLLIO,

640 1251 720 1297 De
745 1248 1073 1306 architectum,
1097 1250 1160 1296 τὶν.
1190 1258 1233 1296 3.

248 1390 355 1430 Item
384 1390 535 1445 plures,
576 1390 663 1446 (qui
698 1389 908 1431 literarum
931 1390 1259 1444 jucunditatibus
1289 1390 1510 1431 instructas
1540 1389 1696 1432 habent

190 1466 365 1518 mentes)
396 1474 489 1519 post
510 1473 693 1506 nostram
724 1465 967 1505 memoriam
988 1473 1215 1514 nascentes,
1249 1479 1343 1505 cum
1375 1463 1698 1506 LUCRETIO

192 1538 456 1590 videbuntur,
479 1539 587 1580 velut
609 1553 764 1588 coram,
787 1538 873 1580 DE
898 1538 1125 1580 RERUM
1148 1538 1411 1580 NATURA
1433 1538 1654 1593 disputare.

606 1672 659 1719 P.
710 1670 1005 1719 OVIDIUS
1053 1670 1260 1730 NASO,

683 1813 926 1869 Amorum,
953 1812 984 1859 i.
1018 1820 1090 1858 15.
1118 1820 1195 1873 23.

295 1950 496 1992 Carmina
520 1949 816 1993 SUBLIMIS
838 1961 936 1992 tunc
958 1960 1052 1992 sunt
1072 1952 1256 2007 peritura
1277 1950 1532 1994 LUCRET
1535 1950 1594 2000 ΙΙ,

349 2025 492 2067 Exitio
513 2034 641 2068 terras
662 2041 757 2067 cum
777 2025 893 2066 dabit
912 2040 996 2066 una
1016 2024 1113 2066 dies.

705 2159 948 2217 Tristizcvz,
972 2159 1020 2205 ii.
1047 2167 1158 2205 425.

380 2299 573 2355 Explicat
594 2307 639 2341 ut
660 2315 820 2341 caussas
839 2300 975 2355 rapidi
997 2297 1355 2341 LUCRETIUS
1375 2297 1497 2354 ignis,

443 2372 731 2430 Casurumque
751 2375 901 2430 triplex
921 2375 1167 2416 vaticinatur
1188 2388 1360 2428 opus—.

343 2506 605 2556 SEXTUS
653 2507 1010 2556 AURELIUS
1069 2504 1532 2563 PROPERTIUS,

643 2650 940 2711 Ekgiarzcm,
968 2650 1015 2695 ii.
1043 2656 1119 2694 25.
1148 2654 1226 2694 29.

347 2787 434 2828 Aut
457 2790 556 2843 quid
579 2789 880 2832 LUCRETII
901 2789 975 2830 tibi
995 2797 1169 2844 prosunt
1190 2787 1373 2830 carmina
1392 2783 1516 2826 lecta?

408 2861 476 2902 Nil
487 2862 604 2916 juvat
624 2865 667 2904 in
688 2879 840 2921 magno
861 2872 991 2905 vester
1012 2878 1151 2905 amore
1172 2875 1307 2904 senex.
