1894 3253
632 262 866 311 LIBER
917 260 1224 310 PRIMUS.

1600 269 1690 310 149

337 397 401 449 Id,
425 397 536 454 quod
558 397 834 454 Anaxagoras
855 395 930 436 sibi
952 395 1094 445 sumit;
1126 403 1172 436 ut
1193 393 1386 435 omnibus
1406 393 1564 436 omneis

338 474 421 514 Res
441 481 559 528 putet
579 470 772 513 inmixtas
793 471 913 512 rebus
933 470 1108 520 latitare,
1132 470 1202 511 sed
1223 469 1322 511 illud

337 547 554 602 Adparere
575 561 720 596 unum,
738 545 885 601 quoius
906 544 987 584 sint
1006 543 1184 598 plurima
1204 543 1350 593 mixta,

338 621 394 662 Et
414 620 545 677 magis
566 621 608 660 in
629 626 841 674 promptu,
873 616 1089 672 primaque
1109 617 1151 656 in
1173 616 1322 667 fronte,
1345 617 1495 660 locata:

226 701 308 737 880
341 695 471 744 Quod
491 703 630 736 tamen
651 709 676 734 a
695 692 790 734 vera
811 693 935 749 longe
956 692 1116 733 ratione
1136 691 1344 747 repulsum
1366 701 1438 734 est.

338 769 622 810 Conveniebat
643 768 752 809 enim
774 766 911 824 fruges
932 781 1096 822 quoque
1117 781 1240 821 saepe,
1263 767 1414 807 minaci

338 844 509 885 Robore
529 858 655 899 quom
676 842 719 883 in
741 842 832 883 saxi
853 841 1115 898 franguntur,
1139 841 1301 881 mittere
1322 841 1485 897 signum

343 918 579 975 Sanguinis,
602 925 673 958 aut
693 917 861 973 aliquid,
884 924 1026 957 nostro
1047 931 1140 972 quae
1161 930 1334 970 corpore
1355 916 1534 957 aluntur:

336 991 479 1041 Quom
499 991 677 1047 lapidem
698 992 742 1031 in
762 990 941 1046 lapidem
962 990 1148 1040 terimus,
1171 1004 1340 1031 manare
1361 1005 1566 1033 cruorem:

195 1149 294 1189 ipsam
311 1160 383 1180 rem.
426 1148 526 1178 Haud
541 1148 631 1178 aliter
648 1147 796 1188 equidem
812 1147 927 1177 intelli-

195 1213 270 1244 gam
285 1202 472 1244 Virgilium,
498 1203 572 1233 AEn.
589 1203 653 1233 viii.
671 1206 743 1233 668.

547 1295 573 1317 et
583 1295 621 1321 te,
633 1291 758 1322 Catilina,
770 1291 864 1315 minaci

259 1333 425 1358 Pendentem
437 1333 533 1365 scopulo
543 1342 552 1357 :

195 1404 214 1434 i.
232 1414 257 1434 e.
274 1403 307 1434 in
322 1406 442 1444 scopulo
461 1403 619 1444 vegrandi,
643 1404 683 1435 ad
701 1415 793 1435 auras
808 1405 928 1436 distric-

195 1464 281 1494 tum;
305 1456 339 1486 in
357 1456 496 1496 scopulo,
511 1458 565 1498 qui
581 1469 612 1487 se
628 1468 849 1497 oppressurum
865 1470 930 1490 esse

199 1509 381 1550 ingentibus
395 1510 495 1540 ruinis
511 1510 619 1540 onmia
633 1511 780 1542 minatur.

241 1563 316 1592 Ver.
339 1567 414 1594 882.
453 1565 486 1593 in
496 1577 505 1593 .·
542 1564 624 1593 hanc
650 1565 765 1593 habent
790 1565 933 1594 voculam

202 1613 302 1643 Vind.
313 1614 354 1644 V.
367 1614 414 1644 ed.
429 1615 466 1644 Β.
480 1614 516 1644 L.
530 1615 576 1644 M.
589 1619 622 1646 Σ.
637 1622 681 1645 Ω.
698 1617 783 1645 abest
798 1616 933 1656 reliquiS.

204 1662 370 1706 Intelligas
385 1673 501 1702 autem,
519 1666 567 1696 vel
582 1677 635 1706 per
650 1668 775 1697 tmesim
788 1668 936 1698 Lucretio

202 1717 452 1754 usitatissimam,
481 1729 537 1757 pro
568 1719 799 1759 infringzmtum
827 1720 876 1750 vel
901 1723 934 1751 in

204 1772 327 1808 robore,
344 1772 363 1801 i.
377 1783 403 1802 e.
420 1783 487 1802 cum
505 1773 630 1809 robore;
646 1778 681 1801 ut
696 1773 798 1802 Graeci
812 1786 848 1803 ev:
867 1772 936 1803 vide

204 1833 272 1861 nOS,
298 1824 370 1854 Silv.
391 1824 466 1854 Crit.
483 1824 521 1854 iv.
538 1835 566 1863 p.
587 1828 656 1855 101.
683 1824 830 1854 Valerius
848 1825 935 1856 Flac-

204 1884 272 1917 cus,
286 1874 305 1905 i.
320 1879 378 1906 641
388 1898 395 1905 .

236 1978 298 1984 —
308 1971 372 1988 cum
383 1963 484 1988 subitus
496 1964 584 1989 trifida
598 1966 738 1997 Neptunus
749 1966 775 1990 in
788 1966 863 1991 hasta

237 2003 393 2029 Caeruleum
403 2003 488 2028 fundo
499 2008 581 2036 caput
592 2005 702 2030 extulit.

207 2075 313 2111 Quem
328 2074 421 2104 adeas
437 2075 532 2105 etiam
555 2075 595 2106 ad
616 2086 642 2106 ν.
657 2080 728 2108 549.
752 2082 783 2107 et
798 2078 839 2108 ibi
857 2079 938 2109 Bur-

206 2136 371 2156 mannum.

252 2178 326 2208 Ver.
356 2181 426 2209 885.
461 2181 645 2218 Sanguinis:
683 2186 727 2210 Ω.
752 2182 940 2221 Sanguis.—

205 2232 344 2271 aliquz'd:
373 2238 413 2262 Π.
439 2233 546 2268 alienu
573 2239 617 2263 Ω.
640 2234 749 2271 alium,
776 2244 849 2264 cum
874 2236 938 2265 edi-

209 2282 349 2312 tionibus
378 2283 548 2322 hodiernis,
579 2295 636 2323 pro
666 2287 815 2323 allorum;
840 2288 938 2326 male;

210 2333 298 2373 quasi
313 2334 431 2364 scilicet
447 2345 621 2373 pronomen
637 2348 739 2368 eorum
756 2338 884 2377 optime,
911 2347 941 2370 et

210 2383 250 2413 ad
265 2383 458 2422 optimorum
470 2386 655 2424 scriptorum
667 2390 940 2430 consuetudinem,

211 2435 407 2477 subintelligi
423 2448 487 2467 non
511 2446 772 2481 poterat.—quoe:
801 2443 840 2473 G.
865 2455 922 2483 quo
929 2460 939 2480 ,-

215 2493 255 2516 Π.
273 2498 350 2517 cum.

211 2538 302 2568 Huic
317 2539 420 2568 versui
436 2540 597 2581 subjicitur
612 2542 645 2572 in
661 2542 747 2573 libris
764 2545 941 2575 communi-

211 2591 278 2626 bus,
295 2591 349 2631 qui
365 2592 516 2631 sequitur:

243 2673 317 2697 Cum
330 2673 410 2705 lapidi
419 2674 535 2706 lapidem
545 2675 668 2706 terimus,
680 2684 789 2703 manare
800 2685 940 2705 cruorem:

213 2755 310 2785 quem
321 2746 444 2785 judicat
460 2748 561 2777 Faber
576 2748 791 2780 adulterinum
815 2762 891 2790 esse,
915 2759 946 2782 et

215 2801 328 2826 natum
344 2807 381 2826 ex
398 2797 597 2837 glossemate,
624 2800 731 2830 versus
755 2804 825 2832 882.
848 2803 944 2833 inter-

216 2853 420 2885 pretamento.
465 2851 494 2880 E
505 2850 576 2880 mea.
592 2856 697 2881 tamen
713 2852 850 2884 editione
866 2855 944 2894 ejec-

215 2901 286 2927 tum
301 2899 400 2939 nolui,
417 2901 470 2931 sed
485 2902 517 2931 in
533 2912 741 2933 numerorum
758 2905 869 2935 seriem
881 2916 946 2936 non

216 2955 386 2990 receptum,
412 2962 452 2983 ne
474 2952 508 2984 in
530 2955 588 2985 hac
604 2965 637 2986 re
652 2957 844 2994 perturbatio
859 2956 946 2989 fieret

973 1148 1012 1177 ob
1028 1146 1199 1176 admissum
1223 1157 1288 1176 ver.
1306 1149 1378 1178 874.
1401 1158 1474 1177 cum
1501 1147 1638 1180 maxima
1654 1150 1701 1181 le-

972 1199 1117 1239 gentium
1147 1198 1414 1230 incommoditate.
1474 1199 1586 1238 Porro,
1621 1202 1702 1232 inter

971 1255 1073 1293 lapidi
1096 1260 1126 1283 et
1154 1255 1285 1292 lapidem
1315 1254 1503 1284 interserunt
1533 1257 1566 1285 in
1597 1257 1705 1287 omnia

969 1310 1090 1334 vetusta
1105 1304 1296 1344 exemplaria
1317 1311 1429 1343 praeter
1454 1311 1489 1336 Δ.
1514 1311 1579 1335 tam
1605 1316 1705 1338 manu

971 1356 1095 1395 scripta,
1121 1367 1216 1397 quam
1233 1355 1315 1396 typis
1335 1367 1493 1396 expressa;
1517 1365 1548 1386 et
1568 1359 1703 1397 lapidem

973 1407 1094 1448 legunt,
1111 1418 1166 1446 pro
1181 1409 1293 1447 lapidi,
1310 1408 1346 1438 P.
1364 1408 1461 1439 Vind.
1479 1408 1517 1439 V.
1534 1408 1581 1439 ed.
1605 1410 1643 1440 B.
1668 1416 1703 1441 Δ.

977 1466 1021 1489 Ω.
1045 1465 1075 1489 et
1090 1459 1133 1488 sic
1149 1458 1309 1489 edendum
1324 1460 1440 1490 censui.
1486 1460 1552 1490 Pro
1566 1463 1706 1501 terimus,

977 1512 1013 1542 L.
1030 1513 1078 1542 M.
1104 1519 1266 1548 terremzts;
1294 1512 1333 1542 O.
1360 1519 1479 1543 tenuem
1487 1527 1498 1548 ;
1526 1518 1560 1544 Σ.
1584 1520 1706 1546 tenuem

978 1565 1021 1599 in,
1049 1563 1169 1593 mutata
1200 1576 1237 1593 τι»
1262 1565 1295 1593 in
1327 1564 1466 1594 statione.
1513 1565 1598 1594 Mihi
1621 1577 1708 1605 sane,

978 1614 1119 1655 quamvis
1135 1614 1210 1643 olim
1227 1624 1264 1643 ex
1281 1614 1388 1644 innata
1404 1621 1515 1654 sponte
1530 1617 1708 1656 suspicione

979 1667 1105 1707 nigrum
1123 1667 1206 1695 theta
1221 1667 1323 1695 versui
1339 1667 1545 1705 pmefixeram,
1561 1676 1592 1698 et
1607 1670 1709 1708 spuri-

980 1728 1034 1747 um
1058 1717 1244 1756 pronunciat
1267 1717 1361 1746 etiam
1388 1718 1562 1757 Bentleius,
1593 1728 1710 1752 memet

981 1769 1014 1798 in
1030 1769 1137 1798 omnia
1152 1768 1286 1797 versanti
1302 1779 1484 1806 persuasum
1507 1776 1564 1808 est,
1589 1772 1707 1810 optime

980 1821 1067 1852 libris
1082 1821 1155 1851 stari
1171 1832 1270 1860 posse,
1286 1821 1312 1850 si
1329 1822 1461 1860 accipias
1480 1833 1604 1854 versum
1621 1827 1709 1866 quasi

980 1883 1035 1911 per
1065 1872 1210 1912 exegesin
1239 1871 1325 1910 addi,
1357 1875 1570 1905 stomachante
1593 1877 1709 1909 scilicet

980 1927 1136 1965 nonnihil,
1161 1933 1253 1967 atque
1279 1927 1428 1957 irridente
1451 1927 1584 1967 ineptias
1599 1930 1709 1961 adver-

979 1978 1132 2008 sariorum
1148 1978 1306 2008 Lucretio.
1348 1979 1474 2009 Dixisse
1496 1980 1587 2010 illum
1602 1989 1708 2021 putes:

982 2033 1004 2047 “
1021 2030 1090 2067 Dii,
1117 2036 1251 2059 vostram
1274 2030 1382 2062 fldem!
1408 2032 1596 2070 perridicula
1618 2034 1712 2074 plane

983 2085 1004 2099 “
1020 2092 1069 2111 res
1084 2083 1150 2112 haec
1166 2087 1222 2120 est,
1238 2092 1334 2122 quam
1350 2084 1445 2114 modo
1461 2084 1613 2116 declaravi
1619 2099 1628 2124 ;
1645 2088 1712 2118 fru-

984 2137 1006 2151 “
1023 2144 1077 2173 ges
1096 2134 1283 2174 sanguinem
1299 2135 1453 2167 emittere!
1479 2139 1612 2177 lapidem
1628 2140 1711 2170 scili-

984 2191 1006 2206 “
1022 2193 1080 2223 cet,
1097 2190 1129 2218 ιή
1144 2190 1276 2228 lapidem
1293 2190 1415 2228 tritum,
1431 2191 1572 2222 diffluere
1585 2196 1710 2227 cruore!

983 2242 1005 2257 “
1022 2239 1113 2269 Talia
1143 2247 1249 2270 autem
1272 2251 1380 2281 graves
1405 2242 1605 2282 philosophos
1628 2246 1711 2275 affir-

985 2294 1006 2309 “
1024 2301 1110 2321 mare
1141 2302 1203 2321 non
1235 2293 1433 2323 erubuisse!''
1473 2293 1554 2323 Haec
1585 2295 1714 2327 fortasse

983 2341 1112 2372 lectores
1127 2342 1212 2372 haud
1227 2344 1412 2382 respuerint,
1435 2354 1508 2374 cum
1524 2345 1563 2374 sit
1578 2348 1714 2386 exempli

984 2393 1110 2432 pessimi
1125 2393 1257 2431 facinus,
1282 2394 1342 2423 nisi
1368 2395 1402 2424 in
1418 2406 1451 2425 re
1466 2406 1591 2434 prorsus
1606 2397 1713 2437 deplo-

986 2444 1060 2480 rata,
1086 2450 1116 2474 et
1130 2451 1217 2475 extra
1231 2456 1360 2475 omnem
1387 2447 1587 2476 cordatorum
1609 2449 1713 2479 homi-

986 2506 1065 2525 num
1088 2495 1315 2526 dubitationem
1334 2498 1466 2537 jacente,
1494 2498 1603 2528 surdas
1624 2510 1715 2532 aures

986 2546 1204 2577 universorum
1219 2548 1362 2577 codicum
1378 2549 1522 2578 unanimi
1535 2550 1714 2583 testimonio

986 2599 1154 2629 obvertere.
1201 2600 1231 2629 A
1247 2610 1298 2629 me
1313 2599 1422 2629 saltem
1446 2601 1526 2630 hanc
1550 2608 1713 2634 contuma-

986 2649 1066 2679 ciam
1082 2650 1246 2689 procedere
1263 2661 1424 2690 nunquam
1440 2652 1545 2691 velim,
1558 2659 1588 2683 et
1598 2655 1714 2693 parcis-

987 2701 1064 2731 sime
1081 2711 1292 2740 processuram
1308 2702 1453 2740 spondeo.

1031 2753 1105 2782 Ver.
1123 2755 1193 2782 884.
1216 2754 1321 2782 herbis.
1347 2753 1398 2782 Ita
1420 2753 1536 2794 legitur
1559 2755 1592 2786 in
1609 2757 1650 2787 V.
1665 2757 1714 2788 ed.

990 2803 1027 2833 Β.
1044 2804 1080 2833 L.
1106 2804 1152 2833 M.
1182 2803 1220 2833 Ο.
1244 2809 1280 2834 A.
1306 2811 1345 2835 Π.
1371 2812 1414 2836 Ω.
1437 2806 1575 2847 reliquis,
1590 2810 1713 2846 herbas,-

989 2865 1059 2895 quae
1075 2854 1168 2885 lectio
1182 2855 1298 2894 placuit
1313 2856 1493 2888 editoribus:
1513 2859 1566 2889 sed
1577 2859 1717 2890 immeri-

990 2912 1044 2944 to;
1065 2918 1165 2947 quum
1189 2909 1286 2947 sapiat
1306 2909 1519 2949 importunam
1541 2912 1716 2952 castigatio-

990 2969 1064 2990 nem
1087 2960 1284 3000 grammatici
1300 2961 1405 2993 minus
1425 2962 1519 3001 docti,
1543 2962 1717 3002 planiorem
