1894 3253
710 253 770 299 T.
822 248 1202 297 LUCRETII

361 387 563 440 Corpora,
597 397 723 438 quom
743 382 937 423 deorsum
957 389 1129 430 rectum,
1161 395 1235 435 per
1256 381 1393 432 inane,
1424 382 1625 435 feruntur,

362 458 619 502 Ponderibus
639 456 816 512 propriis
843 456 1000 496 incerto
1020 464 1205 509 tempore
1224 454 1366 506 ferme,

363 534 616 589 Incertisque
637 533 751 582 locis,
784 531 914 586 spatio
936 530 1138 585 depellere
1157 530 1356 585 paullum:

247 615 329 650 220
361 609 560 657 Tantum,
593 608 704 664 quod
724 607 955 647 minumum
975 614 1179 646 mutatum
1200 605 1336 646 dicere
1355 605 1494 659 possis.

364 683 507 732 Quod,
540 682 618 722 nisi
638 681 842 722 declinare
863 680 1053 729 solerent,
1086 679 1226 719 onmia
1246 679 1453 729 deorsum,

363 757 511 799 Imbris
532 757 614 798 utei
635 764 778 813 guttae,
812 754 1005 796 caderent
1024 768 1099 809 per
1119 753 1241 794 inane
1261 752 1534 808 profundum3

217 928 248 956 p.
272 917 410 946 117.-“
437 911 779 951 aethera—flagrantem
802 912 832 940 υἱ
844 912 942 951 flam-

220 973 240 987 “
258 966 332 1002 med,
356 973 448 1006 atque
462 964 580 995 ardoris
589 960 837 1002 inexstinguibili
852 961 943 990 vasti-

220 1023 242 1037 “
258 1017 350 1048 tate.''
398 1017 485 1047 Hinc
507 1015 644 1045 fortassis
667 1014 720 1043 ille
746 1013 830 1043 idem
854 1012 944 1042 casti-

218 1071 285 1111 gari
301 1071 392 1100 debet
407 1069 446 1100 ad
456 1069 508 1098 lib.
523 1067 562 1097 vi.
577 1078 606 1106 p.
623 1069 694 1096 207.
740 1069 759 1083 “
778 1064 841 1094 Ubi
856 1065 945 1095 Juno

219 1128 241 1142 ‘⁶
258 1123 377 1162 regina,
400 1131 473 1151 cum
489 1119 645 1150 inclutum
668 1118 737 1158 ejus
752 1118 875 1154 fanum,
897 1126 945 1146 sa-

221 1178 242 1192 “
256 1174 475 1213 cerdotemque
522 1170 718 1210 Chrysidem,
755 1168 865 1199 eadem
902 1170 946 1198 vis

219 1228 397 1266 “flammea
424 1222 544 1263 Argiva
572 1222 605 1251 in
635 1221 757 1251 civitate
788 1218 945 1250 deleret?”

219 1276 340 1316 Vulgo,
354 1278 508 1316 flammae.
555 1273 651 1302 Hanc
673 1277 779 1301 autem
795 1270 947 1299 sermonis

219 1327 390 1358 formulam
407 1325 525 1356 Graecis
540 1330 697 1363 acceptam
715 1322 849 1352 Romani
866 1321 945 1351 refe-

221 1385 304 1410 runt.
352 1379 410 1415 Sic,
435 1376 568 1416 exempli
583 1376 692 1417 gratia,
718 1375 889 1410 Homerus,
910 1373 946 1403 Il.

222 1437 254 1463 Ζ.
272 1434 342 1461 182.

259 1495 340 1520 Auro»
352 1502 506 1519 ama-mgna
519 1493 636 1518 ΠΥΡΟΣ
653 1492 773 1517 ΜΕΝΟΣ
788 1491 926 1523 mommio.

224 1554 308 1584 Vide
323 1554 383 1584 alia
399 1553 438 1583 de
453 1554 510 1583 hac
525 1563 558 1582 re
573 1552 666 1590 infra,
690 1552 729 1581 ad
745 1551 782 1581 vi.
798 1555 870 1581 802.

263 1607 339 1636 Ver.
356 1610 428 1637 216.
450 1617 586 1636 avemus:
617 1604 713 1634 Vind.
731 1604 771 1633 V.
787 1603 835 1633 ed.
851 1603 888 1633 B.
907 1602 947 1632 G.

221 1659 258 1690 L.
283 1659 331 1688 M.
362 1663 398 1689 Σ.
424 1659 582 1688 habemus:
608 1656 662 1696 qui
678 1655 849 1685 scribarum
863 1663 949 1684 error

221 1715 268 1740 est
282 1709 376 1749 longe
391 1707 672 1749 frequentissimus,
698 1707 739 1736 ob
753 1704 949 1736 consimilem

221 1772 335 1791 sonum
351 1761 513 1790 literarum
537 1761 553 1789 b
580 1766 610 1789 et
634 1770 660 1790 v.
705 1758 757 1788 De
772 1759 830 1787 hac
846 1762 951 1787 autem

222 1819 399 1842 atomorum
421 1811 641 1848 declinatione,
663 1820 759 1850 quam
782 1815 818 1839 ut
847 1808 951 1838 ruenti

221 1875 287 1895 suae
302 1864 464 1904 hypothesi
479 1863 646 1893 suffultum
666 1862 756 1899 irent,
785 1860 843 1890 sibi
854 1860 951 1889 finxe-

225 1922 300 1946 runt
315 1915 475 1954 Epicurei,
500 1920 593 1955 atque
608 1914 659 1943 hic
674 1913 763 1952 ponit
776 1911 952 1948 Lucretius,

224 1968 278 1997 ille
290 1968 509 1997 Romanorum
520 1966 738 1996 disertissimus
753 1964 874 2003 copiose
889 1963 951 1993 dis-

224 2018 332 2055 seruit,
355 2024 387 2047 et
398 2028 436 2046 ex
452 2018 600 2056 professo,
616 2016 655 2046 ad
670 2017 690 2046 i.
707 2021 735 2047 6.
751 2015 790 2045 de
805 2015 880 2045 finn.
898 2014 952 2054 qui

225 2070 435 2102 consulendus
461 2076 508 2099 est
532 2080 605 2099 cum
629 2069 859 2098 enarratoribus
873 2067 951 2107 ejuS,

226 2124 251 2157 si
268 2123 357 2162 plura
380 2121 455 2151 velis
478 2121 518 2151 ad
542 2122 623 2150 hanc
648 2120 834 2150 sententiam
859 2120 951 2158 perti-

226 2174 348 2204 nentia:
376 2183 450 2203 nam
466 2178 539 2202 sunt
561 2171 738 2211 prolixiora,
763 2181 859 2211 quam
885 2180 954 2210 quae

227 2224 392 2256 commode
416 2224 535 2264 possint
560 2223 595 2252 in
621 2224 678 2252 has
703 2223 823 2252 chartas
838 2222 952 2261 impor-

228 2276 295 2306 tari.
342 2276 479 2313 Interea,
509 2274 546 2305 ea
575 2284 648 2304 cum
679 2273 833 2303 evidentia
862 2283 954 2313 argu-

229 2334 373 2358 mentum
389 2334 495 2357 noster
510 2326 668 2366 explicuit,
692 2332 728 2355 ut
743 2326 793 2355 vix
805 2326 952 2364 interpre-

229 2381 270 2411 tis
284 2380 432 2420 indigeat,
457 2385 735 2420 quantumcunque
760 2389 807 2408 res
830 2378 895 2417 ipsa
919 2377 958 2407 sit

229 2432 382 2470 subtilior,
405 2438 498 2472 atque
513 2431 648 2461 veritatis
663 2430 771 2460 aliena.

272 2485 348 2514 Ver.
365 2487 436 2514 217,
465 2483 577 2519 Miror,
602 2489 637 2512 ut
652 2483 841 2522 ambiguitas
857 2483 960 2513 omnis

231 2541 437 2572 amoveretur,
468 2545 531 2564 non
555 2534 711 2573 scripsisse
734 2540 886 2572 nostrum,
910 2535 958 2564 uti

230 2578 382 2626 superius,
405 2597 468 2617 ver.
487 2590 555 2618 198.
572 2585 612 2616 ad
627 2586 707 2615 hanc
724 2595 881 2615 normam:

229 2672 360 2701 Corpora,
371 2678 454 2702 quom
465 2671 590 2696 deorsum
601 2670 668 2694 recta
679 2677 725 2702 per
736 2670 814 2694 inane
824 2669 957 2694 feruntur.

233 2741 301 2771 Nos
316 2749 515 2781 punctorum,
539 2742 662 2783 qualem
679 2743 850 2782 potuimus,
867 2753 959 2782 opem

233 2792 371 2823 tulimus
417 2794 492 2824 Non
510 2794 600 2824 aliter
625 2794 746 2832 Cicero,
770 2795 803 2824 in
819 2795 875 2825 hac
890 2805 957 2824 ma-

233 2844 310 2874 terie
325 2850 472 2881 versatus,
488 2845 526 2875 de
536 2853 598 2876 nat.
614 2846 696 2877 deor.
712 2847 733 2876 i.
747 2850 866 2878 ⁶25.—“
882 2847 959 2887 Epi-

233 2900 255 2914 “
272 2906 375 2932 curus,
399 2905 472 2925 cum
495 2897 623 2936 videret,
647 2899 672 2928 si
689 2899 785 2929 atomi
807 2899 961 2930 ferrentur

238 2947 257 2965 ⁰⁴
275 2947 307 2977 in
333 2947 440 2978 locum
469 2947 647 2979 inferiorem
676 2950 784 2989 suapte
812 2951 959 2990 pondere,

989 911 1010 926 “
1026 907 1106 937 nihil
1122 907 1188 937 fore
1212 907 1247 937 in
1263 907 1366 937 nostra
1381 912 1543 945 potestate,
1567 907 1651 948 quod
1668 919 1714 938 es-

990 963 1012 978 “
1028 966 1074 989 set
1097 969 1206 988 earum
1230 965 1334 989 motus
1349 964 1452 988 certus
1467 965 1498 988 et
1512 960 1702 990 necessarius
1708 972 1719 998 ;

990 1014 1012 1029 “
1030 1010 1117 1040 —ait
1132 1016 1285 1048 atomum,
1309 1020 1383 1039 cum
1397 1010 1546 1048 pondere,
1573 1016 1604 1039 et
1616 1011 1718 1050 gravi-

991 1065 1012 1079 “
1030 1067 1104 1098 tate,
1127 1060 1244 1092 diremi.
1266 1064 1389 1091 deorsus
1397 1062 1540 1101 feratur,
1564 1060 1720 1091 declinare

990 1117 1010 1131 ‘¹
1028 1113 1237 1152 paullulum.”

1033 1166 1108 1195 Ver.
1128 1169 1200 1195 218.
1224 1168 1355 1196 incerto:
1382 1166 1422 1196 V.
1440 1166 1490 1196 ed.
1508 1169 1540 1196 in
1557 1172 1648 1204 certo,
1671 1165 1719 1196 di-

990 1217 1062 1247 visis
1077 1217 1219 1247 vocibus:
1246 1224 1283 1247 ut
1298 1218 1402 1247 statim
1428 1220 1469 1248 In
1494 1220 1583 1249 certis
1609 1218 1720 1248 etiam:

991 1269 1045 1299 sed
1061 1269 1129 1298 vide
1145 1280 1204 1299 ver.
1227 1270 1454 1310 250.-ferme:
1482 1269 1581 1300 Vind.
1606 1271 1648 1301 V.
1674 1268 1721 1300 ed.

990 1320 1027 1349 L.
1047 1320 1093 1349 M.
1111 1323 1264 1361 A.firme;
1291 1323 1478 1363 ILfirment.

1036 1371 1107 1401 Ver.
1133 1375 1203 1403 219.
1226 1373 1390 1410 depellere:
1416 1372 1459 1401 sic
1487 1371 1582 1401 vind.
1609 1371 1651 1401 V.
1674 1371 1722 1402 ed.

992 1430 1022 1453 et
1037 1434 1146 1454 omues
1160 1423 1230 1453 libri
1248 1423 1345 1453 MSS.
1368 1424 1427 1453 nisi
1444 1423 1528 1464 quod
1546 1423 1622 1454 Pius
1639 1423 1723 1453 affir-

991 1481 1066 1512 met,
1100 1475 1244 1515 quaedam
1274 1475 1464 1513 exemplaria
1489 1476 1626 1513 probatae
1651 1474 1725 1504 fidei

992 1528 1104 1555 habere
1130 1528 1287 1556 decedere:
1324 1536 1419 1565 quam
1449 1525 1617 1554 lectionem
1647 1531 1684 1555 ut
1705 1535 1725 1555 a

993 1578 1131 1608 Lucretii
1167 1588 1265 1607 manu
1295 1577 1419 1607 credam
1442 1577 1635 1616 processisse,
1658 1578 1726 1607 haec

992 1629 1147 1668 imprimis
1163 1630 1263 1658 obstat
1279 1628 1440 1668 cogitati03
1465 1633 1530 1658 tam
1556 1628 1722 1667 proti-itam

993 1690 1107 1719 nempe
1131 1689 1251 1717 vocem,
1275 1685 1306 1709 et
1335 1678 1396 1709 loci
1425 1679 1598 1709 rationibus
1622 1679 1726 1710 unde-

993 1742 1115 1772 quaque
1139 1731 1350 1769 commodam,
1380 1731 1626 1761 aberrationibus
1648 1731 1725 1761 scri—

994 1786 1106 1814 barum
1130 1783 1215 1814 haud
1240 1783 1409 1814 obnoxiam
1433 1783 1591 1813 exstitisse.
1640 1783 1726 1814 Vul-

996 1845 1055 1875 gus
1080 1835 1236 1865 editorum
1261 1834 1411 1872 scribunt,
1441 1846 1470 1866 se
1496 1836 1608 1874 pellere
1615 1851 1626 1871 ;
1662 1834 1729 1874 ipse

997 1892 1104 1916 autem
1130 1892 1275 1916 neutram
1300 1885 1370 1915 talis
1396 1885 1539 1916 vocabuli
1567 1885 1728 1926 significa-

997 1939 1117 1969 tionem
1131 1939 1165 1968 in
1180 1938 1339 1974 Lucretio,
1361 1938 1414 1979 qui
1430 1943 1475 1968 tot
1485 1938 1628 1977 exempla
1639 1947 1728 1977 pror-

997 2001 1049 2020 sus
1064 1990 1237 2020 consimilia
1253 1989 1439 2029 suppeditet,
1456 1990 1609 2020 damnare
1618 1990 1729 2020 formi-

997 2042 1142 2072 daverim.
1188 2042 1239 2071 De
1262 2043 1320 2071 hac
1343 2052 1376 2071 re
1402 2042 1516 2080 saepius
1538 2042 1617 2071 mihi
1640 2041 1728 2072 venit

997 2105 1073 2124 usus
1098 2094 1246 2124 lectorem
1272 2094 1448 2124 admonere.
1494 2093 1527 2123 Si
1550 2102 1727 2132 pronomen

997 2146 1036 2175 sit
1053 2146 1184 2175 omnino
1207 2145 1426 2180 necessarium,
1454 2145 1497 2174 sic
1513 2145 1643 2174 fortasse
1658 2154 1731 2174 cum

998 2198 1121 2227 minore
1151 2197 1311 2236 dispendio
1340 2196 1562 2237 probabilitatis
1584 2196 1727 2235 interpo-

998 2248 1056 2278 lari
1072 2248 1178 2287 possit:

1029 2335 1189 2359 Ponderibus
1201 2334 1310 2366 propriis
1321 2342 1345 2358 se
1356 2335 1458 2359 incerto
1471 2337 1595 2364 tempore
1608 2333 1707 2363 ferme,

1035 2376 1198 2406 Incertisque
1210 2376 1284 2405 locis,
1300 2376 1385 2407 spatio
1406 2374 1524 2407 depellere
1535 2373 1653 2405 paullum
1664 2381 1671 2397 ι

1002 2432 1056 2462 sed
1078 2443 1183 2462 meum
1201 2432 1261 2462 fert
1271 2432 1439 2472 judicium,
1455 2438 1502 2470 ut,
1519 2432 1551 2461 in
1566 2433 1625 2462 hac
1640 2431 1728 2462 Lati-

1004 2486 1108 2515 nitatis
1138 2486 1312 2515 vetustioris
1339 2485 1534 2520 obscuritate,
1569 2484 1727 2522 exempla-

1005 2537 1086 2567 rium
1113 2537 1364 2567 fidelissimorum
1395 2537 1560 2567 tutioribus
1586 2535 1727 2566 testimo-

1003 2589 1063 2618 niis
1091 2588 1229 2618 contenti
1256 2588 1354 2618 simus
1376 2588 1577 2627 acquiescere.
1622 2585 1729 2615 Unam

1004 2641 1114 2671 saltem
1129 2640 1299 2670 dictionem
1321 2650 1359 2669 ex
1381 2640 1438 2668 hac
1460 2635 1591 2672 familia,
1613 2636 1730 2674 appello

1004 2692 1129 2730 scilicet,
1154 2699 1185 2722 et
1203 2692 1348 2722 Graecam
1359 2695 1468 2727 βαλλω
1483 2699 1546 2718 11011
1561 2687 1729 2723 diversam,

1003 2743 1198 2773 intransitive
1213 2742 1371 2772 multoties
1386 2751 1451 2771 esse
1462 2743 1636 2777 usurpataS,
1659 2747 1729 2766 om-

1003 2805 1057 2825 nes
1073 2795 1226 2824 novimus.

1046 2847 1121 2877 Ver.
1136 2850 1209 2877 220.
1233 2856 1346 2875 momen
1362 2847 1485 2882 praestat
1508 2839 1601 2882 (dum
1616 2839 1730 2880 reliqui

1004 2909 1113 2929 omnes
1136 2900 1250 2928 habent
1273 2894 1448 2934 minimum)
1475 2899 1514 2924 Π,
1540 2898 1581 2929 et,
1604 2891 1629 2921 si
1653 2891 1730 2921 fides

1005 2948 1215 2988 Havercampi
1231 2946 1365 2985 silentio,
1382 2946 1418 2976 L.
1432 2946 1479 2976 M.
1495 2944 1548 2975 sed
1563 2944 1601 2976 (le
1614 2944 1730 2975 horum
