1894 3253
644 271 878 319 LIBER
927 269 1234 319 PRIMUS.

1597 277 1684 317 155

326 405 379 446 Et
401 419 503 460 quos
522 403 631 445 inter
651 419 692 445 se
711 404 812 445 dent
832 411 982 453 motus,
1010 400 1322 457 adcipiantque?

211 484 293 521 910
327 480 464 534 Atque
487 479 644 528 eadem,
668 478 806 533 paullo
827 480 934 518 inter
954 493 996 518 se
1016 485 1188 526 mutata,
1212 491 1352 517 creare

332 554 470 610 Igneis
491 568 514 593 e
534 552 678 609 lignis?
710 567 793 607 quo
812 560 934 607 pacto
955 552 1079 592 verba
1099 566 1263 606 quoque
1283 552 1372 606 ipsa

325 628 441 669 Inter
462 642 503 667 se
522 627 659 682 paullo
680 628 846 668 mutatis
867 634 962 667 sunt
983 626 1208 674 elementis,

327 701 469 750 Quom
491 701 600 757 ligna
622 710 744 756 atque
765 701 895 757 igneis
920 699 1112 741 distincta
1133 714 1234 740 voce
1254 707 1455 739 notemus.

381 776 591 830 Denique,
610 775 698 829 jam
720 789 1023 830 quaequomque
1044 774 1086 813 in
1108 773 1230 814 rebus
1251 773 1383 814 cernis
1404 773 1569 828 apertis,

207 855 288 891 915
324 851 367 892 Si
388 849 476 891 fieri
498 865 584 890 non
605 865 722 904 posse
741 857 877 905 putas,
900 850 1000 904 quin
1022 849 1212 889 materiai

325 924 515 979 Corpora
535 925 736 966 consimili
758 924 904 966 natura
926 923 1102 979 praedita
1122 923 1270 979 fingas,

323 998 420 1039 Hac
441 999 600 1039 ratione
621 998 695 1039 tibi
717 1006 890 1053 pereunt
912 996 1143 1053 primordia
1163 1010 1321 1036 rerum:

177 1157 199 1171 “
218 1153 275 1183 tim
291 1160 478 1192 erumperet,
507 1159 537 1184 et
553 1153 614 1184 late
637 1154 742 1184 omnia
759 1154 910 1185 incendiis

116 1239 124 1250 ,
176 1209 197 1224 “
214 1206 654 1236 conficeret.'’—ahsc0mt2'ta.-
683 1211 716 1237 Σ.
739 1209 907 1237 ascondita.

220 1258 293 1287 Ver.
313 1261 385 1289 904.
411 1259 507 1287 ullum
534 1264 666 1297 tempus:
694 1263 728 1289 Σ.
755 1260 825 1289 ullis
848 1260 907 1298 tig-

997 1153 1069 1183 Ver.
1084 1157 1154 1184 913.
1170 1152 1316 1183 distincte?
1332 1158 1485 1183 notemus:
1514 1153 1553 1184 Ο.
1571 1158 1606 1184 Δ.
1621 1156 1684 1185 ctis·

952 1211 1051 1235 tracta
1068 1210 1218 1234 notamus.

997 1255 1070 1284 Ver.
1097 1258 1171 1286 915.
1196 1265 1274 1284 non:
1311 1253 1398 1283 deest
1421 1253 1614 1294 L.—putas:
1643 1261 1684 1287 Π.

174 1311 407 1348 nia—tempus:
437 1309 476 1338 O.
495 1314 529 1338 Δ.
545 1310 664 1343 lumem·
692 1315 723 1338 et
737 1310 823 1339 abest
838 1319 906 1339 om-
946 1312 1046 1346 putes.

177 1361 253 1391 nino
268 1360 455 1390 vocabulum
474 1367 515 1390 Π.
531 1370 604 1389 curn
621 1360 717 1390 vind.

212 1413 287 1442 Ver.
306 1415 378 1444 905.
403 1414 502 1450 volgo:
530 1412 551 1442 i.
570 1423 595 1442 e.
617 1416 639 1430 “
660 1413 785 1451 passim,
810 1413 905 1443 indis-

173 1469 194 1483 “
211 1464 432 1502 criminatim,''
468 1465 563 1504 probe
591 1465 677 1495 Pius.
708 1466 813 1503 Maro,
838 1476 906 1506 geo.

171 1517 214 1547 iii.
231 1520 302 1547 246.

570 1598 619 1616 nec
632 1591 728 1616 funera
739 1593 816 1624 volgo

188 1640 261 1663 Tam
274 1639 360 1663 multa
371 1639 500 1664 informes
511 1639 574 1669 ursi,
585 1644 769 1671 stragemque,
782 1641 890 1666 dedere.

215 1715 290 1745 Ver.
314 1719 385 1746 906.
420 1717 548 1747 Jamne:
586 1721 625 1745 Π.
654 1717 787 1746 IVonne:
819 1722 850 1746 et
872 1721 907 1746 Δ.

172 1767 344 1806 interponit
357 1773 385 1798 et
401 1773 470 1806 post
485 1770 591 1806 igitur.

219 1819 294 1848 Ver.
312 1822 386 1849 908.
407 1825 453 1848 et:
481 1825 521 1848 Π.
537 1824 596 1853 est;
623 1823 657 1848 Δ.
677 1821 905 1849 aua-contin-

170 1875 303 1908 gantur:
333 1875 375 1898 Π.
403 1870 629 1903 contineantur,
657 1873 692 1898 ut
718 1878 822 1907 supra,
845 1880 906 1900 ver.

174 1923 248 1950 818.
272 1919 326 1950 sed
341 1919 530 1949 variantium
545 1918 742 1959 loquelarum
755 1921 906 1959 jucundi·

172 1978 219 2001 tas
242 1971 434 2011 lepidissimo
464 1973 562 2010 po'e'tae
595 1971 863 2003 concedatu1·:—i.
880 1984 905 2004 e.

173 2028 195 2043 “
211 2034 285 2054 cum
300 2024 413 2064 quibus
439 2024 629 2062 corporibus,
655 2030 686 2053 et
701 2024 786 2064 quali
811 2026 907 2056 modo

173 2081 195 2096 “
211 2078 328 2118 positis,
344 2089 530 2109 communes
545 2085 644 2110 tactus
656 2080 799 2114 habeant,
813 2085 906 2118 atque

171 2133 195 2149 ‘⁶
211 2130 422 2160 societatem.'’
449 2130 488 2160 Ο.
505 2133 735 2161 continuantur.

216 2182 290 2212 Ver.
309 2186 380 2214 909.
403 2188 517 2213 motus:
545 2188 579 2213 Δ.
595 2189 704 2213 tactus.

213 2234 289 2264 Ver.
306 2238 377 2265 910.
400 2240 536 2265 mutata:
568 2241 608 2264 Π.
627 2236 901 2265 multae-creare.-

176 2284 213 2314 B.
233 2295 348 2315 cruore.

219 2335 298 2366 Ibid.
325 2338 404 2367 inter
429 2348 459 2368 se
484 2344 621 2368 mutata:
654 2344 794 2376 respectu
820 2340 904 2378 posi-

173 2393 253 2418 turae
282 2387 409 2425 scilicet,
440 2391 675 2427 magnitudinis,
713 2400 749 2419 ac
777 2391 904 2430 speciei,-

175 2448 240 2468 non
256 2444 362 2468 autem
378 2445 509 2477 namrae,
533 2451 604 2479 quae
627 2446 742 2471 aeterna
766 2449 822 2478 est,
848 2452 906 2471 nec

172 2489 290 2528 patitur
306 2490 526 2519 mutationem:
555 2491 623 2520 vide
647 2502 724 2521 verr.
742 2495 816 2522 257.
835 2495 906 2522 501.

175 2545 247 2572 606.

217 2592 293 2622 Ver.
310 2595 382 2623 911.
404 2594 515 2631 tignis.-
544 2593 584 2622 G.
603 2595 763 2633 Iingnum5
787 2595 824 2625 L.
847 2596 906 2634 tig-

171 2656 264 2675 num:
290 2655 360 2684 quae
389 2645 551 2674 varietates
586 2655 736 2685 quorsum
765 2648 907 2684 tendant,

175 2706 240 2726 non
266 2695 355 2726 valeo
382 2695 540 2734 dispicere.
588 2697 653 2734 An,
686 2700 708 2715 ‘⁴
727 2697 846 2736 IgneiS,
879 2704 907 2728 et

174 2750 196 2766 “
210 2749 330 2787 lignum
339 2746 378 2777 :⁹⁵
406 2747 485 2777 Mox
504 2748 610 2787 paullo
627 2749 713 2777 abest
730 2754 776 2778 Ω.

219 2799 301 2830 Ibid.
324 2803 452 2831 mutatis
466 2802 635 2831 elementis:
660 2799 775 2838 partim
791 2798 907 2828 seilicet

175 2850 287 2888 specie,
317 2851 371 2881 sed
400 2851 598 2890 potissimum
622 2849 774 2889 positu1·fi;
806 2861 906 2890 quum

177 2901 276 2940 major
290 2902 452 2934 literarum
475 2914 625 2934 numerus
639 2902 679 2932 sit
705 2913 722 2932 e
737 2901 906 2933 consimili-

179 2952 238 2982 bus
252 2953 374 2993 utrique
389 2955 525 2986 dictioni.

996 1358 1071 1387 Ver.
1089 1359 1161 1388 917.
1188 1358 1279 1387 Hac:
1320 1356 1360 1386 G.
1375 1356 1412 1386 L.
1430 1355 1478 1386 M.
1496 1358 1584 1387 Haec.
1622 1357 1686 1388 La-

952 1414 996 1439 tet
1011 1408 1150 1449 aliquid;
1175 1419 1232 1438 nec
1252 1414 1358 1438 tamen
1374 1407 1448 1438 huic
1463 1409 1590 1438 stationi
1605 1409 1686 1439 vari-

951 1460 1014 1490 atio
1029 1460 1223 1490 convenerit:
1251 1460 1373 1490 utinam
1400 1459 1444 1490 sic
1459 1459 1566 1491 liceret
1591 1461 1687 1492 inter-

952 1512 1071 1552 polare!

968 1585 1023 1608 Hac
1035 1584 1138 1608 ratione
1149 1583 1199 1607 tibi
1208 1583 1260 1607 haec
1271 1586 1386 1614 pereunt
1398 1583 1545 1614 primordja
1556 1589 1660 1607 rerum:

952 1646 972 1675 i.
999 1656 1024 1675 e.
1064 1649 1085 1664 “
1112 1647 1172 1675 hoc
1202 1651 1291 1684 pacto
1321 1647 1387 1675 haec
1417 1645 1592 1675 consimilia
1624 1646 1687 1684 pri-

953 1704 972 1717 “
989 1698 1121 1735 mordia‚
1153 1697 1192 1728 de
1219 1699 1332 1738 quibus
1355 1699 1504 1736 somnias,
1536 1699 1576 1728 ad
1604 1699 1686 1729 nihi-

953 1754 972 1768 “
990 1750 1058 1780 lum
1073 1750 1129 1780 tibi
1156 1750 1300 1780 funditus
1324 1749 1483 1780 redibunt:
1509 1760 1584 1779 nam
1610 1750 1688 1791 quid

951 1804 972 1819 ‘⁶
990 1801 1186 1831 manifestius
1202 1807 1256 1836 est,
1282 1811 1378 1841 quam
1393 1811 1430 1830 ea
1454 1811 1511 1831 nec
1527 1801 1687 1832 cachinnis

953 1857 973 1871 “
990 1854 1125 1890 concuti,
1145 1863 1202 1883 nec
1218 1853 1363 1893 lacrymis
1378 1853 1556 1883 madescere
1564 1853 1599 1885 ?”

994 1906 1068 1935 Ver.
1098 1909 1169 1936 918.
1194 1907 1275 1936 utei:
1309 1912 1348 1935 Π.
1376 1908 1609 1936 ut.—-tremul0:
1638 1907 1686 1938 M.

950 1960 1083 1993 toemnlo,
1111 1964 1141 1987 et
1168 1958 1201 1987 in
1217 1958 1268 1988 Pii
1295 1957 1411 1993 codice,
1440 1964 1475 1987 ut
1503 1958 1569 1996 ipse
1584 1965 1685 1998 vocat,

950 2009 1128 2040 reverendae
1148 2008 1319 2045 vetustatis,
1346 2011 1473 2039 tomulo:
1508 2008 1562 2039 sed
1592 2010 1685 2040 nihili

949 2061 1092 2092 facienda
1107 2067 1153 2091 est
1177 2062 1243 2090 haec
1266 2061 1410 2098 varietas,
1434 2071 1504 2101 quae
1526 2061 1684 2101 originem

948 2114 1041 2142 habet
1056 2123 1094 2142 ex
1117 2112 1204 2142 erasa
1220 2112 1354 2152 virgula,
1378 2112 1501 2142 literam
1516 2125 1533 2142 r
1548 2113 1581 2142 in
1598 2113 1685 2143 libris

949 2165 1069 2204 scriptis
1094 2164 1260 2205 aliquoties
1289 2163 1380 2194 solita
1411 2171 1685 2204 repraesentare.—

948 2219 1150 2247 cachinnent:
1179 2223 1220 2246 Π.
1236 2217 1385 2246 cacttinet.

994 2267 1075 2298 Ibid.
1100 2270 1167 2298 risu
1183 2277 1328 2298 concussa
1345 2268 1538 2296 cachinnent.
1581 2266 1681 2297 Juve-

949 2319 1041 2357 nalis,
1057 2325 1111 2350 sat.
1127 2319 1170 2349 iii.
1190 2322 1260 2349 100.

1240 2397 1331 2421 Rides?
1348 2397 1450 2428 majore
1462 2395 1581 2420 cachinno

1012 2438 1158 2463 Concutitur
1165 2446 1174 2462 .-

951 2509 981 2533 et
997 2503 1164 2540 Horatius,
1179 2502 1267 2541 epist.
1283 2502 1313 2531 ii.
1331 2505 1358 2531 2.
1376 2504 1427 2530 84.

1238 2576 1327 2601 statua
1337 2575 1497 2599 taciturnius
1507 2573 1567 2598 exit

1012 2618 1184 2649 Plerumque,
1194 2621 1222 2641 et
1233 2616 1287 2640 risu
1298 2614 1429 2647 populum
1441 2612 1533 2644 quatit.

953 2682 1004 2711 De
1019 2681 1174 2711 contrario
1189 2686 1296 2709 autem
1322 2677 1421 2707 animi
1443 2676 1556 2706 affectu
1572 2675 1682 2706 simili-

951 2739 999 2762 ter
1017 2732 1164 2768 Ovidius,
1184 2730 1322 2759 versibus
1337 2728 1497 2758 verissimo
1514 2728 1682 2758 Musarum

951 2788 1074 2812 nectare
1090 2781 1250 2818 contactis,
1266 2790 1362 2810 amor.
1378 2779 1422 2810 iii.
1440 2783 1467 2811 9.
1486 2782 1534 2809 12.

980 2849 1126 2880 Excipiunt
1136 2848 1217 2879 sparsi
1228 2847 1358 2880 lacrymas
1369 2855 1416 2880 per
1426 2847 1495 2872 colla
1505 2847 1604 2879 capilli,

1013 2890 1118 2919 Oraque
1128 2887 1241 2919 singultu
1255 2887 1408 2912 concutiente
1418 2892 1524 2912 sonant.

955 2952 1080 2982 Nonius
1095 2951 1254 2982 fructuose
1269 2957 1368 2990 potest
1383 2951 1556 2982 admoveri:
1585 2953 1607 2968 “
1622 2952 1680 2980 Ca-

894 3013 957 3043 L5
