1894 3253
618 247 853 296 LIBER
900 245 1216 295 PRIMUS.

324 382 516 432 Quorum
538 380 847 438 Agragantinus
873 396 967 422 cum
987 379 1130 435 primis
1151 376 1422 433 Empedocles
1442 384 1519 419 est:

323 457 480 512 (Insula
499 472 621 512 quem
642 457 849 513 triquetris
869 464 1071 497 terrarum
1092 454 1217 512 gessit
1235 453 1280 493 in
1300 452 1382 493 oris
1389 470 1402 502 ;

319 530 459 580 Quam
478 531 642 573 fluitans
662 532 817 572 circum
837 530 997 586 magnis
1018 528 1301 577 amfractibus,
1325 542 1472 583 aequor

210 608 291 648 720
324 606 489 647 Ionium
508 606 662 663 glaucis
682 605 892 661 adspargit
912 605 1021 645 virus
1042 603 1094 644 ab
1115 602 1255 651 undis,

177 788 215 808 co
229 783 274 807 est
289 778 469 818 αμφιρκσσω,
492 774 541 804 vel
557 777 738 815 αμφιρασσω.
783 775 834 805 Ex
850 776 910 804 hoc

178 839 292 870 genere
308 838 366 857 vox
382 833 429 857 est
443 828 585 868 angflem,
601 826 686 866 apud
697 826 911 866 Pomponium

179 880 313 918 Melam,
330 879 372 909 iii.
389 882 417 910 2.
440 879 609 916 ambactus,
633 877 652 908 i.
668 888 694 908 e.
718 885 794 918 αμφι
809 884 909 914 actm,

178 933 213 963 in
236 931 422 973 fragmentis
448 930 559 968 Ennii,
586 936 617 960 et
639 929 746 960 omnia
763 929 913 960 vocabula

180 984 324 1015 similiter
339 983 509 1023 composita
527 982 689 1013 Romanis.

225 1037 298 1067 Ver.
316 1040 387 1067 720.
411 1036 588 1075 adspargit:
614 1035 658 1064 ita
683 1035 723 1065 G.
746 1034 783 1065 L.
804 1035 852 1064 M.
875 1033 912 1063 li-

182 1089 249 1120 tei-:i
264 1089 351 1119 verbi
374 1087 524 1126 simplicis
538 1088 690 1129 αρχαϊκως
706 1086 838 1117 servata:
865 1097 913 1117 re-

182 1144 272 1184 liqui,
297 1144 607 1183 adspergz't.—virus.·
636 1144 673 1174 P.
689 1143 789 1174 Vind.
806 1143 848 1174 V.
866 1143 914 1174 ed.

184 1201 220 1230 B.
238 1199 278 1230 Ο.
296 1205 331 1230 Δ.
350 1205 383 1230 Σ.
405 1201 488 1229 licus.

227 1251 313 1282 Ibid.
334 1253 458 1291 glaucis
483 1252 592 1281 undis:
623 1255 659 1280 ut
687 1249 844 1288 Sedulius,
872 1250 915 1280 iii.

183 1306 256 1333 227.
279 1303 314 1333 in
328 1302 467 1332 versibus
481 1301 592 1341 optimi
608 1302 706 1340 po‘e‘tae
725 1301 830 1340 lepore
845 1300 914 1342 dig-

183 1363 248 1384 1118:

533 1437 611 1464 tunc,
627 1434 714 1459 noctis
725 1441 819 1467 opacae

181 1475 332 1506 Tempore,
340 1473 454 1498 calcatas
463 1473 593 1498 Dominus
600 1481 678 1506 super
687 1475 808 1499 ambulat
819 1475 916 1504 undas,

181 1516 215 1540 Et
227 1515 295 1539 vasti
305 1514 404 1545 premit
413 1521 477 1538 arva
488 1513 566 1543 freti3
581 1514 734 1546 glaucisque
743 1515 853 1545 fluentis

182 1554 363 1584 Circumfusa,
374 1560 459 1578 sacras
470 1553 626 1578 lambebant
637 1561 774 1579 marmora
784 1555 898 1587 plantas.

228 1625 312 1656 Ibid.
325 1627 446 1665 glaucis
461 1627 622 1665 adspargit
637 1628 674 1656 ab
689 1628 792 1658 undis.
818 1627 918 1658 Hunc

180 1691 307 1711 versum
335 1681 369 1711 in
399 1680 498 1711 oculis
529 1683 639 1712 habuit
666 1683 823 1721 Avienus,
853 1683 917 1713 orb.

183 1733 265 1764 desc.
289 1737 360 1765 555.
384 1735 474 1775 cujus
499 1746 587 1766 mera
612 1736 725 1766 rudera
753 1747 791 1766 ex
817 1746 918 1765 mem-

183 1785 290 1815 branis
306 1785 349 1815 sic
373 1785 406 1814 in
427 1786 532 1825 primo
556 1797 646 1816 versu
662 1787 812 1827 leguntur
834 1787 920 1825 apud

183 1835 420 1874 hlaittairium;
466 1848 524 1868 nec
561 1837 623 1867 alia.
659 1838 750 1868 nobis
787 1839 924 1878 suppetit

188 1886 299 1917 editio:

203 1969 234 1993 In
245 1968 307 1992 vuia
321 1973 353 1992 r*
364 1975 458 1994 eorum
471 1977 576 1995 rursum
589 1978 616 1995 se
628 1977 707 2002 caper
719 1972 762 1996 via
774 1971 904 1997 flectunt:

189 2049 277 2079 locus
292 2055 399 2080 autem
422 2050 583 2092 Dionysii,
606 2053 721 2093 perieg.
736 2056 809 2083 584.
832 2053 876 2083 ita
890 2064 923 2083 se

188 2101 296 2131 habet:

228 2189 304 2216 KesOev
317 2190 339 2216 δ’
350 2200 379 2219 εις
394 2202 480 2223 σωγας
494 2201 609 2228 στρεπτὴ
619 2204 792 2229 παραπρεται
807 2195 883 2228 ἅλμη

227 2239 307 2266 &wate
318 2238 444 2269 ὑποξυυσα
456 2236 615 2274 Λιῖυρνιδας.

193 2315 288 2346 Unde
303 2316 343 2347 ad
357 2318 442 2348 hunc
457 2320 591 2351 modum
605 2320 721 2350 Latina
735 2321 923 2352 restituerim

191 2366 309 2396 Avieni
320 2379 326 2397 :

222 2453 295 2474 Intus
306 2450 340 2475 ad
352 2453 477 2477 Auroram
489 2461 595 2478 rursum
606 2462 634 2480 se
644 2456 738 2480 cerula
750 2456 865 2481 flectunt

214 2491 352 2525 ¹AEquora,
363 2495 391 2516 et
402 2492 539 2524 Assyrium
551 2498 705 2526 suspectant
716 2496 821 2520 eminus
831 2503 914 2523 axem

226 2529 290 2553 Ionii
298 2530 371 2561 freta
385 2530 479 2562 glauca
491 2532 550 2557 sali.

193 2610 236 2641 In
252 2611 351 2641 oculis
365 2612 461 2643 etiam
475 2614 585 2644 habuit
596 2614 778 2646 Lucretium
794 2617 922 2657 ibidem,

194 2673 255 2693 ver.
274 2667 366 2694 1506.

257 2749 362 2773 Ultima
373 2752 505 2775 terrarum
516 2751 595 2776 tellus
605 2752 748 2784 aspergitur
759 2754 818 2778 Indi

256 2786 381 2813 Fluctibus
393 2791 495 2814 oceani.

198 2860 309 2902 Neque
323 2863 397 2894 alibi
409 2865 602 2905 respiciebat,
619 2866 752 2897 eandem
763 2869 926 2899 materiem

196 2917 342 2955 tractans,
361 2916 567 2958 Claudianus,
583 2924 660 2960 rapt.
677 2919 766 2951 Pros.
781 2920 803 2951 i.
823 2923 893 2952 147.

1273 774 1354 802 caput
1366 771 1427 796 inde
1435 772 1551 803 Pachyni

1047 811 1149 844 Respuit
1161 810 1245 835 Ionias
1256 812 1397 843 praetentis
1407 813 1514 844 rupibus
1523 813 1586 837 iras.

956 876 1065 912 Porro,
1092 875 1153 905 nisi
1165 875 1331 906 Lucretius
1345 876 1378 905 in
1404 877 1549 906 omnibus
1563 877 1684 916 simpli-

956 928 1082 958 citatem
1097 928 1234 958 maxime
1246 927 1419 958 naturalem
1429 935 1459 958 et
1473 929 1684 960 inaffectatam

956 986 1136 1018 sectaretur,
1156 981 1344 1019 putavissem
1359 981 1530 1020 scripsisse:

1020 1053 1126 1078 Ionium
1137 1054 1221 1078 rancis
1232 1054 1365 1085 adspargit
1377 1055 1448 1078 virus
1458 1056 1491 1079 ab
1503 1056 1590 1080 undis:

958 1117 1028 1148 vide
1046 1118 1135 1157 Virg.
1161 1118 1235 1147 [ΕΗ.
1259 1118 1297 1147 vi.
1324 1121 1396 1148 527.
1431 1118 1524 1149 Ovid.
1549 1119 1636 1158 epist.
1657 1129 1686 1149 x.

962 1172 1012 1199 26.
1035 1168 1089 1198 sed
1118 1168 1169 1198 hic
1197 1168 1280 1198 nitor
1308 1169 1428 1209 ingenii
1458 1170 1562 1210 magis
1591 1170 1688 1201 fucati

960 1220 1049 1250 foret.

1004 1269 1085 1300 Ibid.
1111 1272 1211 1301 virus.-
1247 1269 1291 1299 ita
1316 1270 1429 1309 saepius
1453 1276 1558 1301 noster
1579 1272 1614 1302 in
1640 1282 1689 1302 se-

959 1321 1125 1362 quentibus
1139 1331 1196 1360 pro
1218 1324 1314 1352 maris
1338 1324 1493 1362 salsugine
1510 1333 1618 1354 vocem
1632 1334 1689 1363 po-

960 1375 1039 1404 suit:
1065 1374 1136 1404 vide
1151 1375 1181 1405 ii.
1198 1377 1270 1406 475.
1292 1385 1319 1405 v.
1336 1378 1407 1406 5270.
1430 1377 1468 1406 vi.
1488 1379 1560 1407 635.

961 1425 1129 1464 Manilius,
1148 1437 1175 1457 v.
1191 1430 1262 1457 685.

1606 1377 1691 1408 Item

977 1499 1048 1531 Quin
1060 1500 1142 1525 etiam
1154 1507 1265 1532 magnas
1276 1503 1405 1532 poterunt
1416 1501 1551 1528 celebrare
1561 1503 1666 1534 salinas,

977 1541 1009 1564 Et
1021 1543 1136 1572 pontum
1149 1547 1276 1572 coquere,
1287 1545 1315 1566 et
1323 1541 1394 1573 ponti
1405 1549 1544 1568 secernere
1555 1543 1648 1569 virus.-

960 1612 1015 1642 ubi
1030 1612 1260 1643 animadvertas
1278 1613 1374 1643 etiam
1388 1614 1532 1645 dictionis
1542 1618 1694 1647 celebrare

964 1664 1029 1694 vim
1053 1664 1286 1695 Lucretianam.
1342 1665 1434 1696 Idem
1457 1677 1531 1697 mox
1558 1668 1694 1707 appellat

962 1717 1021 1746 hoc
1038 1719 1122 1748 virus
1136 1727 1198 1747 ver.
1215 1721 1288 1748 690.
1313 1717 1447 1757 gemella
1462 1719 1577 1757 phrasi,
1588 1722 1695 1760 pelagi

963 1780 1118 1800 venenum.
1163 1769 1205 1799 In
1218 1769 1288 1799 loco
1302 1770 1404 1808 priore
1420 1770 1526 1809 plures
1547 1771 1622 1802 editi
1636 1774 1694 1804 ha.

966 1821 1042 1850 bent
1057 1822 1141 1851 vires.
1188 1821 1336 1861 Cypriani
1355 1821 1502 1861 Sodoma,
1517 1834 1578 1855 ver.
1596 1828 1667 1857 149.

1349 1895 1450 1928 pingue
1459 1900 1590 1922 cremata:

1030 1932 1105 1957 Virus
1115 1941 1198 1965 aquae.

1012 2005 1084 2036 Ver.
1102 2009 1173 2037 721.
1185 2007 1287 2047 fietu,
1309 2018 1328 2038 a
1341 2014 1426 2039 recto
1437 2009 1544 2050 fretus
1558 2010 1695 2043 declina-

966 2056 1059 2086 tionis
1075 2063 1204 2098 quartae,
1231 2064 1267 2088 ut
1292 2059 1388 2089 etiam
1403 2060 1436 2090 in
1452 2061 1490 2091 vi.
1506 2066 1577 2093 565.
1601 2074 1698 2104 quem

965 2117 1091 2137 versum
1113 2108 1186 2138 citat
1201 2109 1327 2140 Nonius
1350 2111 1383 2141 in
1399 2122 1472 2142 voce
1483 2113 1619 2153 fictum,
1641 2116 1697 2146 ubi

965 2160 1080 2190 similia
1095 2161 1236 2200 exempla
1250 2163 1381 2201 protulit
1394 2174 1432 2194 ex
1444 2165 1562 2202 Ennio,
1579 2167 1696 2206 Novio,

968 2212 1118 2248 Varrone,
1146 2219 1177 2243 et
1200 2213 1343 2252 Lucilio;
1366 2215 1457 2255 cujus
1482 2216 1586 2247 ultimi
1608 2218 1696 2249 locus

965 2264 1010 2294 sic
1025 2265 1250 2295 emaculandus
1265 2273 1322 2298 est:

1177 2339 1248 2364 Coeli
1257 2340 1375 2371 colmina,
1392 2344 1420 2366 et
1430 2341 1487 2366 salis
1498 2341 1595 2367 fretus:

966 2409 1070 2439 editur
1083 2410 1202 2447 vitiose,
1218 2414 1353 2443 nomina.
1394 2414 1439 2444 Et
1453 2425 1587 2451 versum,
1599 2426 1696 2457 quem

966 2467 1146 2499 tractamus,
1176 2462 1309 2492 adduxit
1338 2464 1528 2502 Priscianus,
1562 2477 1591 2506 p.
1621 2471 1695 2500 554.

966 2510 1078 2549 Porro,
1108 2512 1242 2551 Gellius,
1273 2514 1334 2544 Pio
1363 2526 1427 2545 nou
1457 2519 1694 2560 praetermissus,

967 2568 1061 2593 noctt.
1078 2563 1143 2593 Ate.
1163 2564 1227 2594 xiii.
1245 2569 1294 2595 ΩΟ.
1328 2566 1512 2597 Ciceronem
1527 2568 1635 2600 laudat
1652 2573 1694 2602 ob

967 2612 1112 2644 solertem
1126 2616 1257 2655 hujusce
1271 2616 1416 2646 dictionis
1431 2629 1540 2657 usum;
1556 2631 1614 2652 nec
1628 2622 1696 2661 ipsa

967 2667 1059 2696 verba
1072 2666 1233 2708 frugiferis
1248 2679 1284 2698 ex
1301 2669 1497 2701 collectaneis
1511 2672 1629 2713 pigebit
1638 2676 1695 2706 ad-

967 2717 1100 2747 movisse
1111 2722 1189 2747 :—“
1204 2719 1246 2749 sic
1275 2720 1321 2749 uti
1348 2721 1442 2751 etiam
1472 2723 1521 2754 M.
1550 2724 1695 2758 Ciceroni

969 2771 992 2785 “
1008 2768 1135 2798 mollius
1150 2770 1337 2811 teretiusque
1355 2772 1470 2812 visum,
1485 2775 1519 2804 in
1535 2776 1646 2817 quinta
1660 2778 1695 2809 in

970 2821 992 2836 “
1009 2819 1153 2855 Verrem,
1179 2821 1271 2861 fretu
1300 2823 1443 2864 scribere,
1473 2836 1569 2867 quam
1587 2829 1692 2870 freto.-

969 2872 991 2888 “
1003 2872 1206 2912 Perangusto,
1217 2873 1424 2917 inquit‚fi·etu
1436 2879 1554 2910 divisa:
1580 2887 1646 2911 erat
1659 2892 1693 2912 e-

969 2924 990 2940 “
1006 2921 1074 2952 nim
1110 2924 1244 2957 crassius
1282 2929 1469 2971 vastiusque,
1506 2939 1695 2972 perangusto
