1894 3253
321 596 941 664 TESTIMONIA
1010 595 1501 662 VETERUM

554 850 674 904 DE
751 847 1255 904 LUCRETIO.

656 1329 730 1378 M.
770 1330 830 1378 T.
870 1328 1152 1387 CICERO,

465 1474 530 1520 In
553 1473 757 1535 epistolis
780 1475 845 1521 ad
867 1473 924 1526 Q.
950 1473 1189 1530 Fratrem,
1213 1469 1262 1518 ii.
1294 1479 1367 1517 11.

156 1620 481 1683 LUCRETH
502 1641 709 1696 poemata,
741 1648 788 1683 ut
809 1641 966 1692 scribis,
999 1641 1058 1682 ita
1080 1646 1176 1681 sunt
1195 1638 1333 1681 multis
1355 1636 1582 1679 luminibus
1602 1637 1666 1678 in-

153 1725 263 1782 genii
271 1743 283 1775 3
316 1723 458 1765 multae
479 1731 620 1765 tamen
641 1724 751 1765 artis.

203 1859 305 1898 Sunt,
329 1856 388 1901 qui
413 1856 607 1901 negationis
632 1855 840 1901 particulam
857 1868 922 1890 non
938 1860 1019 1901 post
1044 1854 1159 1889 scribis
1176 1852 1345 1895 inferunt,
1371 1851 1580 1897 singularem
1604 1863 1667 1898 per

158 1919 350 1960 audaciam,
368 1924 492 1953 contra
509 1917 675 1952 librorum
693 1918 902 1964 scriptorum
920 1918 1043 1952 fidem:
1074 1917 1196 1952 eadem
1215 1916 1322 1962 opera
1339 1915 1521 1950 Ciceronis
1531 1915 1668 1960 judicio

158 1981 411 2018 acerbissimam
429 1980 591 2025 injuriam
608 1980 787 2022 facientes,
805 1988 841 2015 et
858 1980 1037 2025 ingenium
1055 1979 1214 2014 Lucretii
1245 1978 1479 2024 deprimentes
1496 1977 1670 2023 malignis-

155 2045 252 2079 sime.
301 2042 486 2084 Nimirum,
512 2042 669 2087 opinioni
693 2042 786 2077 inter
802 2042 943 2077 criticos
960 2049 1116 2088 receptae
1135 2042 1385 2077 disertissimus
1410 2048 1539 2087 togatae
1554 2041 1668 2086 gentis

157 2108 285 2143 tacitus
316 2104 483 2146 occurrit3
520 2116 598 2150 quae
614 2104 765 2149 volebat,
780 2105 909 2151 ingenii
925 2106 993 2140 vim
1014 2113 1050 2140 et
1068 2105 1252 2140 artificium
1290 2105 1463 2140 scribendi
1482 2105 1519 2141 in
1542 2104 1668 2140 eodem

156 2171 298 2206 homine
314 2167 487 2203 rarissime
505 2167 711 2203 consociari.
759 2168 853 2203 Hinc
870 2169 1002 2215 pendet
1016 2168 1175 2211 Ovidius,
1191 2169 1280 2205 trist.
1297 2169 1332 2204 ii.
1351 2175 1430 2203 424.

565 2290 715 2333 Ennius,
730 2291 862 2336 ingenio
878 2293 1049 2335 maximus,
1065 2297 1140 2326 arte
1156 2292 1258 2326 rudis.

207 2412 277 2447 Sed
289 2424 402 2458 neque
419 2412 654 2448 acutissimam
672 2419 708 2447 et
721 2412 1013 2458 elegantissimam
1031 2412 1233 2460 Tanaquilli
1245 2411 1346 2447 Fabri
1363 2412 1612 2458 conjecturam,
1624 2410 1662 2444 li-

160 2482 205 2518 ta,
222 2475 297 2510 vice
313 2477 372 2517 ita,
396 2482 527 2510 temere
545 2481 670 2509 contra
686 2475 826 2510 codices
843 2475 1006 2521 equidem
1024 2476 1233 2522 receperim:
1261 2487 1341 2510 nam
1356 2474 1495 2519 vulgata
1512 2479 1594 2508 sunt
1609 2484 1666 2507 ac-

159 2545 279 2574 curate
296 2538 446 2583 propria,
464 2545 500 2572 et
518 2549 691 2572 connexa.

206 2661 289 2694 Non
313 2659 427 2694 minus
444 2658 548 2704 igitur
565 2658 747 2694 Ciceronis
763 2659 883 2706 ipsius,
901 2672 1004 2706 quam
1022 2661 1138 2696 Marci
1150 2659 1283 2703 fratris,
1300 2657 1510 2694 sententiam
1533 2657 1667 2692 favora-

164 2722 271 2757 bilem
297 2722 476 2765 habemus,
501 2729 575 2757 tum
594 2722 637 2756 de
662 2721 787 2757 nativis
804 2723 849 2757 ad
874 2723 1137 2758 illuminandam
1164 2722 1286 2768 poesin
1312 2721 1515 2757 Lucretiani
1539 2720 1668 2767 ingenii

163 2785 362 2829 virtutibus,
387 2793 462 2820 tum
488 2785 531 2821 de
548 2785 672 2831 magna
697 2785 836 2822 solertis
864 2786 1000 2822 artificii
1016 2785 1200 2832 pollentia,
1224 2785 1390 2832 cultuque
1416 2784 1556 2821 dicendi
1571 2784 1668 2819 lima-

162 2847 262 2884 tiore.
