1894 3253
182 269 200 307 1
212 269 276 310 44
674 262 732 309 T.

783 258 1166 309 LUCRETII

318 393 551 435 Visceribus
572 392 719 442 viscus,
741 392 877 449 gigni3
911 406 1176 448 sanguenque
1197 392 1324 432 creari

321 467 541 523 Sanguinis
560 466 669 506 inter
690 481 731 506 se
751 466 888 506 multis
909 465 1151 507 coeuntibus
1171 465 1313 522 guttis:

320 542 386 582 Ex
407 556 600 596 auraeque
619 548 737 595 putat
758 541 873 581 micis
894 541 1114 581 consistere
1135 555 1255 595 posse

205 621 285 656 840
318 616 493 666 Auram,
516 624 556 656 et
577 616 629 656 de
649 617 766 656 terris
787 624 938 656 terram
960 629 1223 656 concrescere
1243 614 1400 669 parvis3

316 690 488 746 Ignibus
508 704 562 730 ex
582 690 727 747 igneis,
749 689 966 730 humorem
987 688 1245 738 humoribus,
1270 703 1366 729 esse.

317 765 479 805 Caetera
499 765 699 805 consimili
720 764 840 821 fingit
861 765 1034 813 ratione,
1057 771 1275 818 putatque5

316 839 404 881 Nec
425 847 562 881 tamen
584 855 668 880 esse
688 838 768 880 ulla
788 847 905 894 parte
926 838 1038 883 idem
1056 838 1099 880 in
1121 837 1243 878 rebus
1263 838 1386 877 inane

211 996 319 1036 Vulgo
333 996 458 1037 legitur,
484 998 531 1027 Ut.

212 1052 286 1082 Ver.
303 1055 375 1083 859.
403 1053 451 1082 Er
463 1062 624 1091 auroeqne:
652 1056 685 1081 Σ.
701 1053 897 1091 cariano-ique.

166 1109 313 1143 —putat.·
343 1109 387 1133 Ω..
406 1105 643 1142 pulta—micis:
672 1102 712 1132 V.
729 1102 774 1132 ed.
793 1105 894 1133 nucis:

167 1161 197 1185 et
213 1165 322 1185 omnes
338 1154 371 1183 in
387 1164 477 1184 versu
492 1160 652 1194 sequente,
678 1155 809 1183 Aurum.

168 1206 250 1236 Haec
277 1206 429 1236 nimirum
452 1205 491 1236 ad
516 1205 696 1245 vulgarium
722 1204 897 1234 editionum

166 1257 316 1287 lectiones
336 1257 514 1297 exegimu53
537 1267 636 1296 quum
652 1267 725 1286 vero
741 1256 831 1295 plane
847 1256 895 1285 in-

167 1309 301 1350 dignum
316 1309 356 1338 sit
370 1312 442 1339 αὶὲνα
468 1308 571 1338 solum
598 1318 636 1338 ex
661 1309 810 1338 omnibus
833 1307 895 1337 ele-

165 1360 280 1390 mentis
303 1369 428 1398 prorsus
454 1359 582 1399 negligi,
607 1369 626 1388 a
652 1369 702 1389 me
727 1369 791 1389 non
807 1360 896 1398 potui

165 1411 332 1450 impetrare
358 1416 393 1440 ut
412 1410 664 1440 emendationem
682 1411 894 1440 Bnnnnm-

168 1472 250 1493 ΝΛΜ
269 1463 440 1503 rejicerem,
463 1473 558 1503 quam
582 1462 625 1492 sic
649 1462 783 1492 munivit
803 1468 895 1502 atque

166 1514 330 1544 illustravit
346 1515 470 1545 criticus
485 1514 747 1553 incomparabilis:
770 1518 791 1532 “
812 1517 894 1548 Qua-

165 1571 185 1585 “
201 1574 270 1598 tuor
286 1568 441 1598 elementa
460 1573 615 1597 numerat.
663 1566 748 1602 Quid
771 1566 822 1595 hic
838 1578 894 1596 au-

165 1622 186 1637 “
202 1621 296 1650 rum?
330 1619 459 1654 Oculos,
475 1619 579 1656 credo,
596 1619 800 1656 interpretum
817 1629 894 1657 prae-

163 1674 185 1689 ‘⁶
203 1671 334 1701 strinxit.
380 1673 476 1702 Mz'cae
502 1682 606 1701 ctzcrae:
633 1671 676 1700 ita
689 1670 798 1711 frusta
822 1682 894 1701 san-

165 1729 185 1744 “
200 1728 318 1766 guinis,
336 1726 486 1757 Prudent.
502 1727 661 1766 psychom.
678 1728 749 1756 425.
765 1732 796 1755 et
807 1726 893 1764 frus-

165 1781 268 1808 “tilla
297 1780 400 1818 ignea,
424 1779 543 1808 Arnob.
567 1777 619 1807 lib.
635 1777 666 1807 ii.
715 1777 894 1816 Simplicius

163 1833 185 1848 ⁴‘
202 1836 307 1860 tamen
331 1830 369 1860 de
388 1829 590 1870 Anaxagora:
618 1843 726 1860 woewoe
747 1843 787 1860 τα
803 1831 892 1869 ὁμοιο-

162 1886 184 1901 “
200 1896 280 1925 μερη,
298 1884 349 1913 οἷον
366 1897 398 1913 το
415 1882 492 1924 ὕδωρ,
512 1896 561 1912 και
579 1894 642 1924 πυρ,
660 1896 675 1915 n
692 1887 893 1913 ΧΡΎΣΟΝ-

164 1939 183 1952 “
200 1942 271 1965 κτλ.
317 1935 444 1972 Noster,
462 1945 522 1964 ver.
540 1938 612 1965 855.

254 2012 273 2024 “
286 2011 366 2042 Ignis,
376 2018 410 2035 an
422 2011 531 2041 humor,
543 2018 577 2036 an
589 2019 654 2035 aura
663 2012 757 2035 ?——’‘

163 2077 245 2107 Haec
256 2076 317 2106 ille.
362 2076 444 2106 Fieri
460 2077 587 2116 quidem
602 2083 711 2116 potest,
736 2078 892 2116 Simplici-

161 2138 218 2158 um
244 2127 417 2166 depravatis
441 2128 538 2166 ipsius
568 2128 707 2158 Lucretii
736 2128 893 2158 codicibus

161 2179 328 2218 deceptum
343 2189 427 2216 esse3
447 2189 523 2209 nam
537 2178 745 2219 intelligimus
762 2189 800 2208 ex
816 2179 891 2209 Gel-

160 2230 213 2266 lio,
242 2230 289 2260 vel
305 2229 362 2260 sua
388 2236 477 2260 aetate
493 2230 618 2260 difficile
633 2230 728 2260 fuisse
753 2231 786 2260 in
810 2237 892 2260 casta

162 2282 349 2321 scriptorum
374 2281 596 2321 primariorum
626 2281 814 2321 exemplaria
843 2281 892 2311 in-

162 2333 272 2364 cidere.
332 2333 392 2363 Sed
422 2335 522 2363 obstat
555 2333 649 2363 etiam
681 2333 891 2364 emendationi

162 2385 329 2424 propositae
350 2384 511 2424 Diogenes
526 2384 680 2422 Laertius,
696 2384 727 2415 ii.
744 2389 771 2414 8.
797 2395 892 2424 quem

162 2436 338 2466 Lambinus
364 2436 508 2466 excitavit
532 2436 634 2466 nobis:
661 2435 715 2465 ubi
737 2440 842 2464 tamen
859 2436 892 2465 in

162 2489 394 2518 sz'militwlz'nem
411 2487 633 2517 tantummodo
642 2488 700 2517 hoc
712 2498 822 2517 aurum
837 2487 890 2517 ad-

162 2539 303 2575 hibetur3
328 2538 413 2579 quod
428 2549 529 2579 neque
544 2539 577 2568 in
593 2539 741 2568 Lucretio
762 2539 890 2577 suspici-

163 2591 274 2620 onibus
289 2591 448 2629 patuisset‚
472 2596 525 2621 aut
546 2590 780 2621 emendandum
806 2590 889 2620 sani-

162 2641 208 2670 ori
224 2641 350 2671 cuilibet
365 2642 486 2672 fuisset:
517 2645 594 2673 καθα
619 2655 670 2683 περ
695 2656 753 2684 »γαρ
779 2655 809 2672 εκ
836 2656 890 2673 των

164 2693 338 2730 ’ψηγματων
352 2701 510 2733 λεγομενων
523 2708 569 2724 τω
582 2699 740 2725 ΧΡΎΣΟΝ
753 2706 889 2724 συνεστα-

164 2757 216 2778 ναΙ)
238 2743 325 2777 Οὕτως
340 2757 370 2774 SR
388 2759 442 2775 ¹?oess
454 2747 615 2786 ἑμθΙθμΞρᾰ-’ν
629 2760 733 2788 μΙκρων
749 2759 890 2786 σωματων

164 2807 197 2824 το
213 2805 271 2823 παν
287 2799 503 2837 συγκεκρισρακ
529 2808 598 2837 quae
624 2800 674 2839 (ut
690 2797 722 2827 id
745 2807 891 2827 moneam

163 2846 196 2875 in
212 2846 358 2882 transitu)
376 2847 521 2878 nitidiora
537 2856 609 2879 sunt
629 2851 676 2888 iis,
693 2861 763 2890 quae
782 2850 893 2880 Suidas

163 2896 294 2934 dederit,
320 2897 404 2926 unde
430 2899 546 2929 La'e'rtii
571 2903 664 2931 verba
690 2901 893 2932 emendatum

164 2950 227 2981 ibat
243 2950 456 2983 Casaubonus.
502 2953 582 2984 Haec
597 2961 715 2994 autem,
732 2966 766 2986 re
781 2955 848 2994 ipsa
862 2961 893 2985 et

943 996 1087 1026 omnium
1114 1001 1222 1025 tenore
1252 994 1507 1034 suffragantibus,
1546 1005 1598 1026 me
1635 997 1674 1027 de

941 1047 1103 1083 sententia,
1128 1056 1223 1087 quam
1239 1045 1394 1083 iniverim,
1412 1056 1476 1075 non
1493 1047 1673 1079 absterrent.

943 1098 1051 1134 Porro,
1069 1105 1104 1127 ut
1120 1103 1223 1127 noster
1238 1108 1325 1127 auree
1340 1099 1436 1127 micas
1452 1097 1542 1135 dixit,
1561 1099 1673 1129 Minu-

941 1150 1007 1180 cius
1025 1150 1110 1180 Felix
1139 1150 1177 1179 ad
1194 1149 1330 1179 eundem
1353 1149 1484 1179 modum
1500 1149 1538 1180 de
1564 1153 1674 1182 atomis

942 1203 1127 1242 generaliter
1152 1202 1275 1231 locutus
1300 1207 1358 1238 est,
1389 1201 1496 1232 OctaV.
1524 1208 1594 1233 sect.
1622 1206 1673 1234 17.

942 1259 964 1273 “
982 1256 1054 1290 Quo
1081 1255 1182 1295 magis
1212 1255 1290 1284 mihi
1319 1254 1474 1291 videntur,
1506 1256 1559 1296 qui
1588 1257 1673 1286 hunc

941 1310 963 1324 “
980 1306 1090 1336 mundi
1118 1307 1213 1335 totius
1240 1312 1386 1336 ornatum
1410 1317 1474 1336 non
1490 1306 1595 1338 divina
1621 1319 1672 1338 ra-

941 1360 962 1375 “
979 1357 1063 1386 tione
1075 1357 1243 1399 perfectum
1261 1357 1381 1394 volunt,
1406 1357 1460 1387 sed
1471 1358 1589 1398 frustis
1604 1359 1673 1399 qui-

940 1413 962 1427 “
980 1409 1112 1439 busdam
1140 1415 1257 1438 temere
1283 1409 1513 1439 cohaerentibus
1542 1410 1669 1451 conglo-

940 1465 962 1480 “
979 1463 1099 1499 batum,
1116 1467 1266 1498 mentem,
1290 1471 1429 1499 sensum,
1456 1462 1563 1492 oculos
1583 1462 1672 1493 deni-

941 1515 963 1530 “
979 1523 1039 1552 que
1055 1512 1147 1550 ipsos,
1174 1522 1237 1542 non
1266 1512 1413 1542 habere.‘'
1460 1513 1523 1542 Ubi
1539 1514 1618 1544 forte
1634 1525 1674 1544 an

940 1566 1121 1605 legendum,
1146 1566 1317 1606 profectum
1326 1581 1335 1601 ;
1371 1572 1407 1596 ut
1436 1567 1557 1605 Cicero,
1588 1567 1672 1598 acad.

940 1617 970 1647 ii.
986 1620 1038 1647 57.
1085 1621 1106 1635 “
1125 1617 1315 1657 Pythagorei
1331 1627 1367 1646 ex
1386 1617 1526 1647 numeris
1552 1625 1582 1648 et
1605 1629 1674 1648 ma-

941 1668 1219 1698 “thematicorum
1250 1668 1347 1697 initiis
1378 1671 1539 1710 prqficisci
1567 1669 1677 1699 volunt

939 1724 962 1739 “
978 1721 1116 1751 omnia.''
1166 1721 1293 1751 Addam
1319 1721 1455 1762 denique
1478 1723 1669 1759 Arnobium,

938 1772 990 1802 lib.
1008 1772 1039 1802 ii.
1060 1783 1089 1811 p.
1107 1775 1158 1803 77.
1185 1784 1203 1802 a
1218 1773 1356 1803 Lucretii
1374 1774 1510 1814 vestigiis
1533 1784 1603 1804 raro
1618 1776 1671 1805 ab·

937 1823 1110 1853 sistentem:
1164 1827 1186 1842 “
1205 1824 1292 1859 Quid
1329 1825 1426 1863 enim,
1469 1825 1671 1856 si-——dicas—

938 1878 959 1892 “
975 1885 1040 1904 esse
1066 1886 1192 1905 auream
1209 1881 1335 1914 terram,
1358 1877 1443 1916 quod
1467 1877 1500 1907 in
1515 1878 1673 1909 verricula

938 1930 959 1944 “
974 1927 1062 1956 collis
1078 1927 1173 1957 unius
1199 1927 1297 1957 insint
1311 1928 1434 1968 exiguae
1454 1931 1588 1968 miculae,
1604 1930 1674 1970 qui-

938 1981 957 1995 “
974 1979 1032 2007 bus
1062 1978 1200 2008 nascitur
1230 1978 1456 2018 colliquefactis
1485 1990 1610 2018 aurum,
1642 1986 1673 2011 et

940 2034 959 2046 “
975 2030 1140 2059 admiratio
1177 2031 1418 2071 congregatione
1455 2032 1670 2071 acquiritur?”

938 2090 1019 2119 quae,
1052 2080 1193 2119 quamvis
1208 2081 1239 2110 in
1270 2091 1336 2110 rem
1366 2081 1500 2121 vulgatae
1530 2081 1673 2112 lectionis

937 2133 1038 2172 magis
1053 2133 1180 2168 faciant,
1208 2143 1272 2162 non
1288 2134 1498 2163 subtrahenda
1513 2135 1669 2165 existima.

935 2184 980 2221 vi;
1005 2190 1035 2213 et
1060 2184 1188 2223 pulchre
1214 2195 1287 2214 cum
1311 2184 1373 2214 illis
1403 2186 1581 2216 committas
1596 2197 1670 2216 nos-

936 2240 1031 2272 trum,
1048 2245 1074 2265 ν.
1094 2238 1314 2267 1254-1259.

979 2287 1054 2317 Ver.
1071 2291 1142 2317 840.
1166 2294 1297 2318 terram:
1326 2294 1372 2318 Ω.
1397 2290 1503 2319 terra'i.

1486 2339 1560 2370 Pari
1575 2351 1668 2372 sensu

936 2388 1092 2429 Virgilius
1110 2389 1281 2420 dictionem
1298 2390 1420 2429 extulit,
1437 2391 1493 2421 ecl.
1508 2391 1549 2421 vi.
1566 2395 1617 2422 54.

980 2338 1062 2368 Ibid.
1087 2340 1123 2368 (le
1139 2340 1228 2369 terris
1244 2350 1439 2370 concrescere.

1254 2467 1284 2488 ut
1297 2463 1336 2487 his
1347 2464 1459 2488 exordia
1471 2464 1563 2490 mimis

967 2503 1073 2533 Omnia,
1086 2507 1112 2528 et
1125 2503 1179 2535 ipse
1188 2507 1264 2528 tener
1275 2504 1370 2528 mundi
1382 2504 1540 2529 concreverit
1549 2505 1627 2529 orbis.

981 2566 1053 2596 Ver.
1069 2570 1141 2597 841.
1167 2567 1206 2596 In
1223 2568 1282 2597 hoc
1305 2578 1395 2597 versu
1417 2566 1665 2606 repraesentando

935 2628 1046 2659 sequor
1065 2619 1163 2649 Vind.
1192 2619 1231 2649 G.
1247 2619 1285 2649 L.
1306 2620 1352 2649 M.
1370 2625 1405 2650 Δ.
1423 2626 1463 2650 Π.
1481 2625 1514 2651 Σ.
1532 2625 1576 2649 Ω..
1592 2617 1663 2648 reli-

934 2671 988 2711 qui
1005 2671 1068 2701 fere
1084 2671 1235 2702 exhibent
1251 2671 1386 2701 adhunc
1402 2670 1545 2700 modum:

935 2743 1019 2773 Ignem
1033 2749 1069 2766 ex
1081 2741 1195 2772 ignibus,
1207 2741 1351 2766 humorem
1365 2746 1398 2764 ex
1409 2738 1565 2763 humoribus
1576 2745 1642 2765 esse:

935 2809 988 2839 sed
1004 2810 1179 2840 secundum
1194 2821 1228 2840 ea·
1244 2819 1344 2848 neque
1360 2805 1551 2836 Veronensis
1567 2804 1661 2834 etiam

936 2861 1088 2901 agnoscit,
1112 2866 1143 2890 et
1168 2860 1259 2890 facile
1282 2871 1342 2888 mro
1364 2870 1439 2888 nome
1453 2857 1486 2886 in
1513 2857 1663 2896 posterio-

936 2922 1004 2942 rem
1020 2912 1194 2942 clausulam
1210 2909 1323 2940 accersi
1338 2915 1448 2947 potest.

981 2964 1055 2995 Ver.
1070 2967 1141 2994 845.
1166 2963 1268 2993 Voces
1283 2965 1491 3000 transponunt
1510 2960 1549 2991 G.
1565 2960 1601 2991 L.
1616 2960 1664 2990 M
