1894 3253
654 286 745 328 AD
789 285 1178 328 LECTOREM.
1614 290 1656 330 ix

164 426 258 452 nam
300 424 518 452 NATURAM
551 423 726 460 RERUM3
760 420 845 452 tam
874 426 1042 466 paucos,
1075 411 1144 466 qui
1175 425 1252 465 pro
1281 411 1436 451 meritis
1462 410 1657 453 admirati

162 486 243 526 sint
277 486 476 527 artificem
510 485 728 526 Musarum
761 486 1219 535 consummatissimum,
1254 494 1294 526 et
1324 494 1417 541 post
1453 486 1654 538 Ennium,

163 561 294 616 (cujus
324 575 496 615 operum
518 559 679 614 jactura
711 559 856 599 vulnus
876 560 998 616 longe
1028 560 1267 601 altissimum
1289 569 1329 601 et
1357 560 1657 604 immedicabile

161 650 328 690 prorsus
348 634 584 690 philologiae
605 632 807 673 inflictum
827 637 903 686 est)
936 632 1100 674 Latinae
1126 636 1294 688 po’e'seos
1324 644 1552 689 parentem:
1586 637 1657 678 sed

162 709 291 750 miror
311 708 605 758 vehementius,
629 708 750 748 etiam
772 723 924 763 paucos
945 723 997 748 ex
1019 708 1067 748 iis
1097 709 1237 763 paucis
1257 709 1437 750 indolem
1458 710 1549 766 styli
1571 710 1657 752 Lu-

162 783 331 824 eretiani
352 784 597 838 percepisse:
629 783 698 823 vix
719 783 845 833 enim,
875 783 1131 824 confidenter
1162 784 1323 840 loquor,
1357 785 1419 825 vel
1453 800 1558 826 unus
1593 801 1657 826 re-

160 858 342 912 perietur
357 858 594 898 criticorum
615 857 803 898 doctrin&
835 857 1209 908 celeberrimorum,
1232 858 1302 913 qui
1323 857 1479 899 felicem
1498 861 1542 900 in
1563 875 1658 902 eum

161 932 438 986 conjecturam
458 931 707 986 periclitatus
738 931 804 972 sit:
835 931 948 987 quod
968 932 1012 973 in
1032 932 1166 987 operis
1196 932 1385 983 decursu,
1408 942 1449 975 et
1477 935 1657 976 maxime

162 1006 400 1056 incredulis,
422 1006 687 1061 liquidissime
707 1005 875 1061 patebit.

221 1155 445 1205 Caeterum,
468 1164 513 1196 ut
533 1171 624 1196 mea
644 1157 687 1196 in
708 1156 787 1196 hoc
811 1156 946 1196 officio
976 1156 1183 1210 explendo
1213 1156 1393 1197 subsidia
1423 1158 1657 1213 singillatim

162 1244 399 1284 persequar3
439 1229 656 1270 Lucretius
688 1238 826 1284 noster
856 1230 1037 1284 primum
1067 1239 1161 1284 post
1192 1239 1352 1271 renatas
1383 1231 1519 1272 literas
1551 1232 1657 1287 typis

162 1303 371 1359 evulgatus
396 1313 455 1344 est
481 1305 672 1354 Bresc2·oe‚
708 1319 783 1359 per
817 1306 1082 1355 Ferrandzcm,
1120 1306 1207 1347 sine
1227 1308 1326 1348 anni
1346 1308 1570 1351 mentione:
1605 1308 1658 1348 de

161 1392 243 1433 quo
258 1377 363 1418 libro
383 1386 521 1419 tamen
536 1377 717 1418 inaudivi
734 1386 895 1419 tantum
915 1379 967 1420 ab
983 1379 1219 1421 hominibus
1235 1395 1373 1422 rerum
1390 1381 1658 1439 typographi-

159 1467 316 1502 carum,
350 1461 389 1493 et
410 1453 706 1508 exemplarium
726 1462 925 1504 veterum,
959 1454 1261 1496 callentissimis.
1324 1455 1512 1511 Hujusee
1542 1457 1658 1498 editi-

160 1527 250 1566 onis
274 1541 327 1567 ne
346 1542 474 1567 unum
496 1527 703 1582 exemplar
724 1529 890 1583 quidem
925 1529 968 1569 in
990 1529 1142 1586 Angli&
1173 1531 1367 1572 asservari
1388 1531 1585 1572 creditur:
1619 1539 1658 1573 et

159 1600 213 1641 de
242 1600 307 1641 illa
329 1601 432 1642 nihil
450 1602 622 1657 amplius
654 1604 853 1659 comperti
874 1613 1025 1646 memet
1044 1605 1196 1646 habere
1216 1605 1357 1646 fateor.
1419 1606 1578 1648 Lucem
1598 1607 1657 1648 vi-

161 1675 266 1717 disse
285 1676 524 1731 perhibetur
544 1677 653 1718 circa
672 1692 828 1718 annum
848 1678 986 1720 salutis
1015 1678 1456 1721 M.CCCC.LXXII.

221 1823 362 1865 Editio
383 1825 575 1873 secunda,
598 1825 641 1864 in
662 1825 773 1874 folio,
807 1841 899 1879 quae
930 1826 1052 1882 vulgo
1081 1826 1271 1882 princeps
1301 1827 1570 1878 existimatur,
1603 1828 1655 1869 ad

164 1896 316 1937 calcem
337 1898 393 1938 sic
415 1898 609 1952 inscripta
630 1907 702 1938 est:

393 2047 414 2063 “
433 2047 473 2080 T.
491 2045 646 2079 Lucretii
663 2045 756 2088 Cari,
772 2047 888 2091 poe'tae
906 2046 1175 2093 philosophique
1192 2048 1422 2095 antiquissimi

393 2110 414 2125 “
432 2109 489 2143 De
506 2120 619 2143 rerum
637 2108 826 2154 primordia
844 2111 967 2144 natura
984 2111 1028 2145 ad
1046 2112 1251 2154 Memmium

393 2173 413 2188 ‘⁶
432 2172 536 2206 Liber
553 2180 673 2206 sextus
691 2180 726 2206 et
743 2172 886 2208 ultimus
904 2174 1047 2220 explicit
1063 2173 1235 2210 foeliciter.

395 2236 415 2251 “
435 2236 563 2269 Paulus
579 2235 672 2270 hunc
690 2236 862 2282 impressit
880 2238 1134 2284 Fridenperger
1150 2239 1185 2273 in
1209 2240 1238 2272 V
1235 2240 1348 2282 ενοηᾶ,

394 2299 415 2314 “
436 2298 507 2342 Qui
522 2298 659 2342 genitus
673 2306 727 2333 est
743 2299 779 2332 in
797 2300 940 2334 Ραΐαυὶἂ
958 2301 1030 2334 Alce
1046 2292 1184 2347 magnae.

392 2362 413 2377 “
431 2361 487 2395 Ab
504 2361 744 2396 incarnatione
761 2363 906 2398 Christi:
936 2365 1297 2400 MCCCCLXXXVI

394 2424 415 2440 “
434 2423 504 2458 Die
522 2424 687 2469 vigesimo
705 2432 830 2461 octavo
848 2427 1052 2473 septembris
1070 2428 1178 2464 calen.
1196 2429 1383 2464 octobris.''

162 2576 302 2625 Quam
323 2577 373 2617 sit
403 2579 516 2618 omni
536 2594 686 2635 genere
721 2582 1046 2636 corruptelarum
1076 2583 1360 2625 refertissimus
1390 2581 1504 2623 hicce
1532 2582 1649 2633 liber,

159 2651 345 2705 apprime
366 2660 502 2693 tamen
533 2653 781 2705 utilissimus,
813 2665 953 2697 nostra
984 2657 1205 2698 lectionum
1235 2657 1439 2698 variarum
1468 2659 1650 2698 recensio

160 2725 253 2765 satis
274 2725 482 2767 indicabit.
545 2726 771 2782 Aliquoties
783 2729 982 2784 profecto,
998 2730 1067 2771 sed
1088 2731 1304 2781 rarissime,
1326 2731 1424 2771 vitia
1443 2731 1649 2786 quaedam,

158 2797 280 2855 longe
301 2801 560 2851 crassissima,
593 2802 773 2856 prudens
803 2804 962 2844 silentio
992 2805 1193 2859 p1·aeterii;
1227 2804 1382 2846 nullum
1413 2806 1583 2846 omnino
1604 2822 1650 2846 u-

162 2887 250 2915 sum
270 2873 475 2926 habitura,
499 2875 569 2917 sed
587 2876 713 2918 nitori
734 2886 967 2920 nostrarum
987 2879 1244 2922 solummodo
1253 2880 1504 2937 paginarum
1524 2879 1650 2921 deho-
