1894 3253
240 268 333 310 248

738 264 796 311 T.
850 263 1228 313 LUCRETII

385 394 441 435 Et
459 394 642 448 projecta
661 393 905 446 refrenatur,
927 404 1118 452 retroque
1139 396 1302 437 residit?

385 467 481 516 Qua
503 483 562 517 re,
584 469 627 508 in
647 470 870 511 seminibus
890 485 1053 526 quoque
1073 470 1183 511 idem
1202 470 1368 521 fateare,
1403 485 1565 514 necesse
1584 482 1659 524 est3

266 547 349 582 ‘285
382 542 482 583 Esse
503 543 638 593 aliam,
659 553 811 599 praeter
829 545 969 602 plagas
990 553 1029 586 et
1048 545 1248 601 pondera,
1274 560 1458 587 caussam

385 615 588 668 hlotibus,
611 618 721 659 unde
741 619 831 660 haec
852 629 911 661 aet
931 620 1018 661 ollis
1038 620 1180 661 innata
1199 628 1391 675 potestas:

382 690 452 731 De
472 691 600 732 nihilo
621 693 817 748 quoniam
838 694 926 735 fieri
947 693 1051 734 nihil
1069 709 1188 749 posse
1208 695 1404 735 videmus.

383 764 554 807 Pondus
574 768 683 807 enim
704 768 911 822 prohibet,
934 784 986 809 ne
1006 769 1136 826 plagis
1156 769 1296 810 omnia
1315 768 1432 819 fiant,

386 839 571 881 Externa
593 842 707 897 quasi
727 843 783 882 vi:
817 842 902 892 sed,
925 857 978 883 ne
998 857 1113 883 mens
1132 843 1220 897 ipsa
1240 858 1448 884 necessum

266 917 349 954 ‘290
382 912 627 956 Intestinum
647 915 797 956 habeat
818 916 974 956 cunctis
994 916 1038 955 in
1059 916 1179 956 rebus
1200 916 1390 972 agundis,

380 988 450 1038 Et,
473 989 632 1030 devicta
653 990 782 1045 quasi,
805 997 977 1046 cogatur
995 989 1116 1038 ferre,
1136 989 1324 1044 patique3

382 1062 433 1103 Id
453 1062 549 1104 facit
570 1064 768 1120 exiguum
790 1063 992 1105 clinamen
1013 1063 1328 1119 principiorum,

380 1136 469 1178 Nec
485 1138 654 1194 regione
674 1138 752 1179 loci
774 1138 899 1189 certa,
923 1154 999 1179 nec
1020 1147 1206 1193 tempore
1227 1145 1350 1179 certo.

438 1211 528 1252 Nec
547 1213 695 1267 stipata
714 1213 844 1268 magis
863 1212 940 1270 fuit
959 1227 1154 1269 umquam
1177 1212 1367 1254 materiai

235 1367 355 1408 Vulgo,
381 1369 615 1408 Pellz't—cogit;
640 1380 776 1410 quorum
792 1377 960 1413 utrumque

232 1419 325 1449 habet
342 1426 386 1450 Ω.
401 1419 562 1458 posterius,
581 1425 616 1451 Δ.

277 1472 350 1502 Ver.
370 1475 441 1503 279.
463 1474 551 1512 rapi:
578 1472 622 1503 sic
644 1473 761 1512 optime
786 1475 824 1505 P.
847 1474 958 1515 reliqui

232 1533 342 1553 omnes
355 1525 450 1562 rapit,
477 1529 586 1553 contra
611 1524 753 1554 ordinem
769 1531 958 1564 temporum,

230 1574 360 1605 attracti
374 1574 527 1605 venientis
542 1576 685 1606 vocabuli
700 1577 802 1615 prima
815 1577 959 1607 litera.—

231 1629 264 1657 in
276 1632 413 1666 pectore:
440 1626 536 1657 Vind.
552 1628 593 1657 V.
610 1627 657 1657 ed.
675 1633 710 1659 Σ.
734 1629 878 1669 z'njcctor:
905 1629 959 1659 sed

230 1679 272 1709 V.
288 1679 335 1709 ed.
351 1678 405 1708 dat
425 1678 588 1719 vulgatum
612 1679 646 1709 in
661 1680 958 1721 margine—nostro

230 1731 317 1760 abest
332 1730 429 1760 vind.
445 1731 486 1760 V.
503 1730 550 1761 ed.
568 1736 602 1761 Δ.
621 1738 663 1762 Π.
683 1736 718 1762 Σ.

275 1781 354 1811 Ibid.
382 1784 563 1822 Praecipites
588 1784 671 1822 rapi.
718 1783 823 1820 Maro,
850 1794 918 1823 geo.
937 1784 957 1814 i.

233 1837 303 1864 203.

240 1916 331 1946 Atque
342 1915 417 1940 illum
429 1915 455 1940 in
464 1918 574 1947 praeceps
586 1922 671 1948 prono
682 1916 750 1948 rapit
760 1916 850 1941 alveus
861 1916 944 1941 amni.

274 1991 348 2020 Ver.
365 1994 436 2021 280.
466 1992 638 2025 Quz'ddam:
665 1991 701 2021 P.
721 1991 759 2021 V.
781 1991 828 2022 ed.
857 1994 957 2027 Quod-

230 2042 311 2070 dam.

275 2090 349 2121 Ver.
376 2094 447 2121 281.
474 2094 579 2131 copia:
615 2092 712 2122 vind.
730 2098 764 2123 Δ.
787 2104 881 2123 cona:
915 2100 956 2124 Π.

229 2154 313 2174 cena.

271 2195 346 2224 Ver.
363 2198 435 2225 28⁶2.
452 2206 509 2234 per
531 2196 677 2232 membra,
696 2206 753 2235 per
767 2202 866 2226 artus:
893 2196 912 2226 i.
929 2206 954 2226 e.

227 2257 283 2286 per
298 2247 439 2282 membra,
462 2252 493 2276 et
514 2256 623 2276 eorum
638 2248 859 2277 commissuras.
904 2247 955 2277 Ita

230 2298 398 2339 Virgilius,
416 2299 546 2329 AEne'id.
563 2309 590 2329 v.
607 2302 678 2329 4252.

324 2382 357 2405 Et
368 2386 481 2412 magnos
490 2380 656 2405 membrorum
667 2383 771 2404 artus—
778 2389 787 2404 .-

229 2464 264 2486 ut
278 2456 364 2486 idem
378 2455 507 2493 ibidem,
528 2456 566 2486 vi.
584 2459 654 2486 732.

259 2541 427 2572 Tei-fenique
434 2541 563 2566 hebetant
569 2544 652 2571 artus,
659 2540 872 2572 moribundaque
880 2547 955 2565 mem-

352 2581 407 2605 bra.

231 2655 381 2693 Isidorus,
409 2656 512 2696 origg.
544 2656 584 2686 xi.
612 2659 639 2686 1.
678 2659 700 2674 “
715 2657 855 2686 ssdembra
882 2660 955 2684 sunt

231 2710 252 2724 “
268 2714 368 2745 partes
383 2708 533 2746 corporis:
559 2714 658 2746 artus,
675 2708 789 2748 quibus
803 2706 953 2747 colligan-

229 2760 252 2775 “
268 2763 320 2787 tur
334 2760 500 2790 membr&

269 2809 346 2839 Ver.
363 2815 434 2840 5285.
455 2814 579 2843 residit:
606 2812 702 2843 Vind.
717 2813 758 2843 V.
785 2812 831 2843 ed.
860 2812 900 2843 O.
916 2816 950 2844 Σ.

227 2862 336 2891 residet
341 2875 352 2895 ;
379 2867 418 2890 Π.
434 2865 552 2893 resedit.

270 2913 344 2943 Ver.
357 2916 428 2943 285.
443 2916 538 2944 aliam
554 2926 693 2946 caussam
703 2931 713 2946 .·
738 2927 852 2956 nempe
863 2926 951 2946 men-

227 2970 302 3002 tem,
324 2963 372 2994 vel
384 2964 595 3003 voluntatem3
618 2977 713 3007 quam
729 2981 818 3006 νοημα
834 2967 951 3006 Epicu-

933 3036 954 3063 3

1003 1381 1057 1401 rus
1082 1371 1195 1401 vocitat
1221 1370 1305 1410 apud
1334 1370 1429 1410 Diog.
1454 1370 1556 1400 La‘elrt.
1585 1381 1614 1401 x.
1639 1376 1733 1403 61.-

1004 1422 1114 1458 Porro,
1130 1422 1196 1452 vice
1212 1432 1364 1459 caussam,
1383 1428 1423 1451 Π.
1439 1432 1570 1452 caussas.

1045 1473 1121 1502 Ver.
1137 1477 1211 1504 286.
1235 1474 1318 1502 ollis:
1344 1471 1516 1502 seminibus
1538 1473 1647 1514 utique
1655 1487 1665 1512 ;
1691 1475 1734 1506 sic

1002 1530 1038 1554 ut
1063 1534 1153 1553 mens
1183 1522 1338 1562 scriptoris
1367 1523 1561 1562 apertissime
1586 1525 1731 1563 postulat.

1004 1575 1100 1604 Hanc
1121 1574 1286 1605 lectionem
1311 1575 1404 1603 habet
1431 1584 1495 1604 una
1520 1581 1613 1616 atque
1636 1576 1733 1607 altera

1003 1625 1098 1656 editio
1120 1636 1193 1656 cum
1209 1625 1260 1656 Pii
1282 1625 1391 1665 priscis
1412 1626 1655 1665 exemplaribus;
1679 1628 1733 1659 sed

1002 1689 1112 1709 omnes
1138 1679 1221 1716 libri,
1252 1689 1330 1719 quos
1354 1679 1441 1720 sequi
1470 1680 1563 1716 soleo,
1593 1683 1733 1720 praebent

1002 1730 1162 1771 vulgatam
1191 1730 1361 1760 dictionem
1390 1731 1490 1766 nobz‘s‚·
1523 1732 1609 1762 haud
1637 1732 1732 1763 dubie

1002 1792 1175 1821 perperam,
1198 1788 1229 1811 et
1244 1792 1276 1811 re
1291 1781 1356 1821 ipsa
1378 1781 1418 1811 ad
1441 1782 1540 1812 ravim
1556 1790 1663 1814 contra
1679 1795 1732 1815 vo-

1003 1833 1162 1863 ciferante.
1211 1834 1380 1872 Caeterum,
1396 1834 1527 1863 verbum
1541 1840 1585 1865 est
1600 1845 1665 1865 non
1686 1835 1730 1865 le-

1001 1884 1086 1925 gitur
1101 1885 1134 1915 in
1153 1885 1191 1915 V.
1206 1884 1254 1914 ed.

1046 1937 1119 1967 Ver.
1135 1941 1207 1968 288.
1232 1939 1376 1967 Pondus:
1410 1942 1429 1955 “
1445 1948 1508 1977 quo
1530 1937 1595 1968 solo
1617 1938 1732 1970 scilicet

1003 1993 1025 2007 “
1042 1996 1164 2030 agente,
1194 1989 1301 2019 omnia
1316 1999 1445 2028 corpora
1460 1989 1500 2020 ad
1525 1990 1731 2029 perpendicu-

1002 2044 1024 2059 “
1041 2041 1109 2071 lum
1124 2042 1190 2071 sine
1205 2041 1324 2071 mutuis
1343 2040 1556 2071 collisionibus
1571 2042 1730 2073 deferren-

1001 2096 1024 2110 “
1041 2093 1123 2123 tur.’'
1185 2093 1246 2122 Sed
1275 2092 1398 2131 planior
1424 2098 1473 2122 est
1500 2103 1590 2122 mens
1618 2094 1730 2132 po'etae,

1000 2154 1095 2184 quam
1111 2154 1181 2185 quae
1196 2143 1337 2184 indigeat
1360 2144 1557 2181 enarrator-is,
1584 2150 1615 2174 et
1640 2145 1730 2175 nefas

998 2195 1099 2225 habeo
1115 2194 1350 2234 supervacaneis
1365 2193 1547 2224 laboriosius
1556 2194 1728 2226 immorari.

1043 2247 1115 2277 Ver.
1129 2251 1202 2278 289.
1229 2257 1329 2276 mens:
1356 2245 1394 2276 P.
1411 2246 1505 2276 Vind.
1524 2246 1562 2276 V.
1579 2246 1625 2277 ed.
1638 2248 1676 2278 B.
1693 2253 1728 2279 Δ.

1000 2305 1041 2329 n.
1054 2304 1089 2330 Σ.
1103 2310 1167 2329 res:
1194 2309 1263 2339 quae
1278 2298 1371 2328 lectio
1382 2308 1445 2338 quo
1456 2304 1547 2337 pacto
1562 2304 1643 2329 stare
1657 2310 1728 2339 pos—

996 2350 1037 2380 sit
1062 2350 1146 2380 salvo
1165 2350 1226 2380 loci
1249 2360 1353 2389 scopo,
1379 2360 1444 2380 non
1468 2349 1614 2390 equidem
1638 2351 1728 2382 valeo

996 2402 1179 2443 intelligere.
1211 2402 1299 2433 Ferri
1310 2407 1430 2441 poterat
1444 2402 1582 2432 fortassis
1594 2414 1642 2434 res
1654 2406 1711 2434 ista
1718 2419 1729 2440 ;

997 2454 1063 2492 sed,
1079 2456 1118 2485 ob
1129 2454 1312 2485 brevitatem
1325 2454 1496 2493 scripturae,
1512 2464 1599 2494 aeque
1610 2454 1644 2484 in
1655 2464 1726 2494 pro-

999 2505 1069 2536 clivi
1084 2505 1146 2536 fuit
1156 2505 1288 2536 librariis
1299 2505 1459 2535 conversio
1475 2517 1513 2535 ure
1525 2516 1608 2536 mens
1622 2504 1656 2534 in
1667 2516 1726 2543 res,

999 2571 1034 2591 ac
1061 2573 1099 2591 τε
1125 2563 1182 2591 ista
1207 2560 1241 2589 in
1265 2562 1341 2599 ipsa.
1387 2557 1534 2598 Vulgatis
1559 2557 1655 2598 igitur
1674 2567 1724 2587 ac-

1000 2611 1225 2652 quiescendum
1240 2616 1331 2650 puto;
1355 2619 1457 2650 neque
1479 2608 1567 2639 aliter
1588 2608 1642 2638 alii
1656 2608 1724 2638 edi-

998 2669 1080 2693 tores
1094 2672 1252 2693 censuere.

1035 2715 1110 2744 Ver.
1122 2718 1192 2745 5290.
1212 2715 1412 2744 Intestinum:
1429 2712 1448 2741 i.
1458 2721 1484 2741 e.
1495 2711 1580 2740 intus
1588 2709 1726 2741 residens

994 2765 1397 2804 —innatum—-proprium,
1423 2763 1475 2793 Ita
1487 2761 1660 2800 Arnobius,
1671 2762 1722 2794 lib.

997 2822 1024 2850 1.
1040 2829 1069 2858 p.
1086 2822 1135 2849 20.
1160 2821 1181 2836 ‘¹
1194 2817 1331 2847 Dione‘ia
1340 2816 1451 2845 Venus
1465 2812 1576 2852 proles,
1587 2813 1644 2842 viri
1656 2824 1723 2845 ma-

998 2875 1020 2889 “
1037 2869 1220 2901 terfamilias
1230 2867 1345 2903 Tro‘ici,
1354 2872 1447 2906 atque
1458 2866 1598 2896 intestini
1606 2867 1723 2899 decoris

998 2925 1020 2940 “
1036 2919 1251 2961 publicatrix.”
1295 2918 1338 2948 Et
1363 2916 1457 2954 infra,
1487 2916 1538 2947 lib.
1564 2916 1595 2946 ii.
1625 2927 1654 2955 p.
1669 2923 1721 2949 66.

998 2978 1020 2993 ‘⁴
1037 2973 1103 3005 Vos
1127 2979 1299 3003 vestrarum
1324 2970 1502 3002 animarum
1527 2970 1662 3004 salutem
1686 2969 1720 2998 in
