1894 3253
170 250 233 291 62

676 241 737 288 Τ.
792 239 1174 289 LUCRETII

199 379 282 416 265
315 375 423 416 Rem
443 373 559 431 gigni
579 371 750 427 patitur,
771 371 849 412 nisi
869 378 1004 413 morte
1023 370 1164 426 adjuta
1182 369 1326 411 aliena.

373 448 498 489 Nunc
517 461 594 503 age
614 445 682 496 sis,
706 446 903 502 quoniam
923 446 1047 487 docui
1067 445 1170 486 nihil
1189 459 1308 500 posse
1327 443 1458 484 creari

313 522 383 565 De
402 520 548 570 nihilo,
569 535 704 576 neque
724 520 824 561 item
843 520 984 577 genita
1003 520 1057 561 ad
1077 519 1255 560 nihilum
1275 517 1479 566 revocari3

315 595 381 636 Ne
401 593 480 650 qua
501 594 607 637 forte
625 603 765 636 tamen
786 603 938 650 coeptes
957 594 1143 636 diffidere
1162 593 1296 643 dictis,

170 752 346 783 obliteratas
361 750 424 780 situ
439 750 599 781 vetustatis
613 757 644 781 et
657 756 784 791 stupore
803 751 897 782 libra-

172 804 303 838 riorum,
320 802 468 842 genuinae
483 803 690 843 antiquitatis,
713 814 810 844 quam
832 804 899 834 Lu-

169 854 265 884 cretio
280 859 386 884 nostro
400 854 575 884 restitutam
592 865 679 885 nune
691 866 756 885 esse
765 855 902 895 denique

171 906 265 936 lautis
277 905 456 944 lectoribus,
467 912 499 936 et
513 912 746 945 emunctarum‚
756 907 900 947 qualium

170 958 395 995 desideramus,
419 959 558 996 narium,
588 959 730 998 impense
759 958 899 999 gratula-

171 1020 253 1040 mur.
299 1009 459 1048 Nimium,
482 1009 622 1040 nimium
636 1009 791 1046 dolemus,
808 1009 901 1039 insci-

170 1063 248 1092 tiam
264 1062 439 1091 scribarum
461 1072 535 1092 cum
551 1063 727 1104 apxoei'mm
754 1062 900 1102 hujusce·-

168 1113 255 1143 modi
269 1113 464 1143 internecina
491 1113 566 1143 odia
590 1113 777 1145 exercuisse!
804 1114 904 1144 Extra

169 1164 413 1195 controversiam
438 1164 534 1204 jacet,
571 1165 680 1203 po'e'tas
709 1164 905 1205 magnificos,

169 1227 233 1257 quo
243 1216 460 1247 venerabiliori
469 1216 570 1255 specie
582 1216 798 1252 enitescerent,
809 1216 905 1255 scrip-

169 1269 210 1298 tis
225 1268 290 1298 suis
304 1266 545 1297 circumdedisse
557 1269 696 1297 trabeam
708 1267 796 1308 quasi
810 1268 904 1306 phra-

171 1330 240 1350 seos
255 1319 452 1359 antiquioris,
476 1325 507 1349 et
530 1319 707 1349 locutiones
730 1319 903 1357 affectasse,

171 1372 286 1412 quibus
316 1371 504 1410 usurpandis
531 1371 660 1401 fortasse
682 1371 753 1411 jam
783 1371 903 1401 diutius

171 1423 377 1453 desueverant
390 1423 535 1453 homines
551 1423 650 1453 aetatis
665 1433 738 1453 suae.
775 1422 816 1452 In
832 1433 901 1462 per-

172 1475 283 1507 multis
306 1475 433 1506 vocibus
460 1475 550 1505 litera
574 1487 589 1505 ο
615 1475 722 1505 locum
745 1474 904 1505 obtinebat

172 1528 258 1567 apud
272 1533 401 1565 veteres,
428 1538 523 1568 quem
541 1541 583 1568 τῳ
606 1539 627 1557 u
643 1527 828 1567 posteriores
849 1527 903 1557 de-

173 1579 286 1610 derint.
333 1579 384 1609 Sic
400 1578 629 1619 z'psos,s0lmen,
646 1591 692 1610 om
709 1580 743 1609 in
759 1579 905 1610 secundae

171 1630 395 1662 declinationis
411 1637 522 1671 quarto
534 1641 617 1668 casu,
624 1631 742 1674 fortom
758 1642 814 1671 pro
826 1632 905 1673 sur-

120 1691 123 1693 ’
169 1689 248 1720 turn,
272 1694 373 1723 quom,
400 1684 512 1720 consol,
542 1682 611 1713 Vel.
635 1683 737 1723 Long.
763 1694 793 1722 p.
810 1686 905 1713 2216.

170 1744 245 1764 cum
263 1733 371 1764 multis
386 1733 466 1771 aliis,
490 1744 561 1774 quae
578 1734 604 1763 si
620 1734 718 1764 velim
736 1744 906 1772 recensere,

172 1785 302 1816 luserim
328 1785 478 1815 laborem.
528 1787 756 1826 Queiquomque
779 1797 852 1816 vero
876 1793 907 1817 et

172 1840 462 1878 quotiensquomque
477 1837 629 1877 leguntur
651 1837 685 1867 in
701 1837 823 1878 legibus
849 1848 905 1868 an-

172 1889 267 1928 tiquis
284 1889 515 1924 Romanorum,
533 1899 621 1929 quas,
645 1889 670 1918 si
686 1888 792 1928 libeat,
808 1889 907 1928 possis

172 1939 343 1970 consulere.
379 1939 518 1978 Simplex
531 1951 619 1980 quom
636 1941 753 1979 passim
761 1942 905 1972 restitue-

171 1996 248 2021 runt
262 1990 417 2020 unanimo
433 2000 512 2028 pene
525 2001 680 2020 consensu
693 1992 806 2022 critici:
827 1992 908 2021 nihil

172 2041 272 2082 igitur
285 2041 387 2081 regeri
402 2046 504 2079 potest
519 2051 647 2078 caussae,
663 2043 703 2071 ob
712 2053 808 2082 quam
819 2042 907 2071 simi-

173 2093 212 2124 lis
227 2093 329 2123 forma
351 2093 386 2122 in
409 2093 592 2132 compositis
614 2099 722 2123 nostro
745 2094 785 2123 sit
807 2094 907 2133 po‘e'tae

173 2144 368 2185 deneganda.

177 2197 263 2228 Cum
285 2195 434 2226 doctrinis
460 2202 567 2226 autem
590 2195 721 2236 hujusce
746 2196 807 2226 loci
830 2207 904 2226 con-

174 2254 342 2278 sentaneus
357 2253 403 2278 est
418 2247 636 2287 Empedocles,
649 2247 735 2287 apud
746 2248 905 2279 Plutarch.

175 2299 252 2339 plac.
268 2299 350 2350 phil.⁸
359 2298 379 2329 i.
393 2298 446 2329 fin.

219 2371 293 2396 Αλλο
307 2371 332 2396 δε
345 2380 381 2397 τω
394 2375 454 2406 egem*
465 2377 532 2403 ςυσις
545 2371 639 2396 ΟΥΔΕ
653 2371 707 2397 'EN
716 2380 779 2397 ww
792 2372 911 2398 ἁπαντων

218 2423 329 2452 &im-m,
342 2421 384 2447 ὅδε
394 2432 432 2449 τις
446 2425 553 2454 &hosat-5¹⁸
569 2421 695 2447 θοινατωο
706 2426 813 2451 τελευτὴ.

217 2471 299 2495 Auta
310 2479 381 2502 ,uomit
393 2471 459 2503 μιξις
471 2478 505 2499 τε,
516 2469 650 2500 Biana&
661 2479 689 2495 ’τε
700 2479 830 2503 μιγεντων,

215 2521 288 2544 Era-1·
299 2518 367 2552 cub-15
379 2519 403 2545 δε
419 2521 513 2554 ligra-ot:
525 2520 675 2553 ονομαςέτκι
687 2519 847 2554 ανθξωετωι-ιν.

179 2580 289 2620 Vulgo
309 2581 471 2620 mendose,
503 2581 577 2613 8322.-
604 2582 652 2611 sin
678 2587 796 2619 autem,
823 2581 909 2621 quod

179 2630 334 2668 dedimus,
351 2633 490 2669 solorum
507 2634 547 2663 sit
560 2633 690 2663 lieentia
705 2633 909 2669 comicorum,

180 2683 397 2721 reponendum
406 2685 569 2724 jusserim:

425 2759 452 2781 M
457 2759 478 2781 H
484 2758 552 2783 AEN
564 2766 632 2791 ςυσις
644 2768 708 2785 εστιν
719 2759 845 2785 αἰπεινῇ-ων.

182 2813 228 2844 Et
241 2814 316 2843 huic
332 2814 446 2845 rationi
462 2819 555 2848 verba
564 2819 729 2850 Plutarchi
742 2819 915 2859 praeeuntia

182 2865 284 2906 magis
299 2865 404 2896 favent
410 2879 419 2904 3
447 2868 501 2907 qui
515 2869 680 2901 adeundus
695 2877 749 2902 est.

226 2918 300 2949 Ver.
317 2921 389 2950 264.
414 2920 497 2951 alid:
525 2921 581 2960 sic,
607 2922 656 2953 vel
677 2924 748 2962 alit,
771 2933 841 2964 quae
856 2933 915 2954 vox

942 751 1051 791 procul
1067 750 1162 781 dubio
1189 749 1274 780 idem
1296 747 1426 783 volebat,
1455 747 1495 778 G.
1515 747 1552 777 B.
1569 746 1605 776 L.
1622 745 1670 777 M.

945 807 980 834 Σ.
998 810 1043 833 Ω.
1069 801 1182 837 caeteri,
1210 802 1315 835 aliud5
1342 809 1438 840 quam
1461 798 1502 829 ad
1524 807 1672 828 normam

945 865 1019 884 sane
1034 855 1058 884 si
1086 854 1248 891 scribatur,
1272 851 1351 882 nihil
1376 852 1524 881 interesse
1554 850 1676 887 dicam;

943 917 1043 946 quum
1068 906 1209 936 celeritas
1237 905 1320 935 vocis
1347 903 1512 934 efferendae
1538 902 1673 943 intelligi

944 957 1053 987 debeat
1062 967 1118 995 pro
1126 962 1376 996 temperamento
1387 955 1548 985 accessisse
1559 954 1674 984 nimie-

943 1007 999 1037 tati
1015 1008 1218 1047 syllabarum:
1246 1007 1316 1036 vide
1327 1012 1385 1036 iios
1397 1006 1437 1036 ad
1448 1016 1511 1036 ver.
1529 1008 1599 1037 156.
1622 1006 1674 1035 Ex

945 1060 1004 1089 hac
1019 1066 1126 1090 autem
1140 1070 1215 1089 voce
1231 1074 1265 1090 ero
1288 1070 1307 1089 u
1335 1058 1475 1088 solebant
1489 1063 1606 1087 veteres
1621 1067 1675 1086 ex-

947 1110 1084 1141 cludere:
1112 1111 1183 1141 vide
1200 1110 1296 1149 Sosip.
1316 1110 1434 1140 Charis.
1449 1120 1479 1148 p.
1498 1112 1568 1139 115.
1591 1107 1674 1138 Dio-

950 1162 1033 1192 med.
1061 1174 1090 1202 p.
1113 1166 1186 1193 525.
1210 1162 1361 1192 Priscian.
1385 1172 1416 1200 p.
1442 1164 1513 1192 949.
1535 1159 1576 1190 ad
1599 1169 1679 1200 quos

950 1220 981 1242 et
996 1213 1049 1242 alii
1072 1213 1195 1244 dudum
1221 1223 1436 1252 provocavere:
1464 1212 1557 1242 adeas
1582 1211 1678 1242 etiam

950 1264 1132 1304 interpretes
1147 1265 1186 1294 ad
1203 1264 1327 1295 Sallust.
1350 1264 1420 1294 bell.
1448 1263 1540 1294 Catil.
1555 1263 1590 1293 111
1605 1262 1678 1292 fine.

950 1317 1001 1347 Sic
1016 1323 1122 1346 autem
1148 1316 1359 1356 rescripserim
1381 1315 1557 1355 periodum,
1581 1324 1678 1355 quam

946 1368 1077 1399 laudant
1101 1369 1239 1399 historici
1263 1369 1353 1398 istius
1367 1379 1432 1398 uno
1447 1378 1500 1398 ore
1515 1377 1675 1408 gramma-

947 1420 1081 1450 ticorum
1092 1430 1184 1460 grex:
1206 1424 1228 1438 “
1242 1422 1314 1450 Alis
1326 1420 1399 1450 alibi
1410 1426 1511 1450 stans:
1528 1425 1557 1450 et
1568 1429 1680 1449 ornnes

949 1476 969 1490 “
986 1477 1092 1501 tamen
1108 1471 1244 1501 advorsis
1255 1471 1434 1501 volneribus
1443 1470 1679 1501 concidemnt.”

950 1524 991 1553 In
1006 1523 1091 1553 libris
1106 1523 1261 1560 scribitur,
1278 1528 1401 1553 stantes.
1437 1523 1514 1552 Alid
1529 1532 1602 1552 vero
1610 1521 1683 1562 plus

949 1576 1046 1606 semel
1076 1575 1211 1605 restituit
1241 1575 1390 1604 Terentio
1419 1574 1592 1605 Bentleius.
1637 1574 1683 1604 Et

949 1638 1035 1665 sane,
1059 1634 1214 1668 quantum
1240 1633 1366 1667 egomet
1387 1627 1510 1667 judicio
1532 1626 1682 1666 consequi

951 1680 1115 1718 valuerim,
1144 1680 1177 1709 in
1201 1679 1348 1710 omnibus
1373 1679 1411 1710 iis
1434 1679 1520 1717 locis,
1547 1688 1682 1710 numero

951 1732 1002 1761 vix
1017 1732 1277 1770 numerabilibus,
1290 1731 1344 1761 ubi
1356 1733 1437 1771 quis,
1447 1733 1535 1771 quid,
1549 1735 1581 1760 et
1589 1732 1682 1770 quod,

952 1783 1057 1813 brevia
1071 1783 1233 1823 leguntur,
1249 1794 1270 1812 u
1281 1782 1372 1812 litera
1386 1782 1605 1823 negligebatur
1610 1794 1620 1820 ;
1635 1787 1684 1820 ut,

951 1835 1086 1875 exempli
1102 1834 1215 1875 gratia,
1231 1835 1264 1864 in
1279 1835 1339 1864 hoc
1354 1844 1458 1864 versu:

951 1903 1010 1928 Sive
1019 1903 1074 1936 quis
1083 1902 1259 1928 Antilochum
1269 1902 1393 1926 narrabat
1402 1901 1434 1926 ab
1444 1902 1560 1926 Hectore
1568 1899 1684 1925 victum:

951 1962 1029 1992 olim
1051 1962 1179 1992 fortasse
1195 1962 1396 1997 scribebatur,
1419 1962 1475 1999 qis.
1521 1959 1603 1989 Inde
1625 1964 1683 1996 est,

952 2013 1036 2053 quod
1062 2013 1228 2052 aliquoties
1251 2015 1307 2052 qui
1337 2022 1400 2041 non
1418 2012 1554 2050 patiatur
1579 2011 1682 2041 elisio·

951 2075 1037 2102 nem,
1045 2065 1105 2094 nisi
1117 2064 1228 2094 vocalis
1238 2062 1428 2102 posterioris,
1439 2062 1521 2092 facta
1529 2061 1684 2099 vocabuli,

951 2123 987 2146 ut
1009 2116 1231 2156 posterioribus
1247 2126 1329 2154 saepe
1345 2115 1475 2152 factum,
1497 2114 1629 2154 diaercsi,
1650 2114 1685 2144 ni

951 2167 1051 2198 fallor.
1078 2167 1244 2207 Virgilius,
1259 2166 1314 2196 ecl.
1330 2166 1392 2195 viii.
1413 2168 1482 2196 108.

981 2235 1140 2260 Credimus?
1160 2242 1207 2264 an,
1226 2236 1274 2266 qu'i
1285 2237 1389 2264 amant,
1407 2233 1456 2265 ipsi
1464 2233 1513 2258 sibi
1522 2233 1625 2258 somnia
1636 2232 1686 2257 fin-

1076 2278 1160 2308 gunt?

956 2336 1021 2372 Qui
1034 2346 1140 2366 versus
1154 2335 1295 2366 Lucretii
1310 2345 1432 2365 morem
1447 2334 1595 2376 sequitur.
1619 2333 1686 2364 Ne·

955 2398 1016 2428 que
1042 2387 1133 2418 aliter
1161 2388 1281 2427 explico
1309 2387 1399 2417 Statii
1414 2386 1687 2427 consuetudinem,

956 2446 987 2470 et
1001 2439 1150 2478 aliorum,
1173 2440 1206 2469 in
1231 2439 1369 2469 dictione
1384 2442 1484 2471 tenuis
1491 2455 1511 2479 ς,
1529 2446 1565 2470 ut
1580 2439 1648 2472 silv.
1659 2440 1685 2474 j.

952 2496 981 2523 4.
997 2496 1048 2524 56.

1108 2554 1207 2584 Sperne
1219 2552 1271 2576 coli
1282 2551 1395 2576 tenuiore
1405 2551 1480 2583 lyra:

954 2612 975 2641 i.
994 2622 1019 2642 e.
1047 2611 1135 2651 quasi
1151 2613 1287 2649 leniore,
1307 2625 1349 2651 τῳ
1364 2622 1395 2647 u,
1421 2609 1462 2640 ad
1475 2609 1616 2649 priorum
1631 2619 1687 2639 ex·

957 2663 1134 2702 emplorum
1159 2674 1316 2702 normam,
1342 2662 1492 2703 neglecto.
1536 2661 1602 2696 Qui
1617 2670 1685 2691 me-

958 2716 1037 2746 liora
1051 2717 1165 2747 habeat
1180 2716 1325 2753 dicenda,
1349 2724 1424 2745 eum
1438 2723 1504 2743 non
1520 2711 1615 2742 modo
1629 2723 1684 2751 pa-

958 2767 1071 2798 tienter
1086 2768 1225 2806 audiam,
1248 2767 1302 2797 sed
1323 2763 1538 2796 lubentissime
1559 2764 1684 2794 auscul-

957 2824 1022 2849 tem
1038 2830 1170 2863 quoque.

1001 2871 1085 2902 Ibid.
1109 2874 1175 2902 alid
1190 2883 1225 2901 ea:
1240 2871 1301 2900 alio
1316 2870 1425 2912 reficit.
1469 2867 1522 2897 De
1543 2868 1603 2898 hoc
1617 2867 1694 2906 loco-

958 2923 1115 2964 cogitabat
1128 2921 1284 2963 Virgilius
1296 2920 1334 2952 ad
1350 2930 1419 2961 geo.
1433 2919 1475 2951 iii.
1492 2922 1544 2951 65.
