1894 3253
687 283 747 331 T.
802 277 1209 331 LUCRETII'

330 416 428 466 Sed,
452 430 544 471 quae
565 429 740 470 corpora
761 416 963 457 decedant
984 415 1027 455 in
1048 409 1436 470 temporequoque,

327 490 476 531 Invida
494 489 703 544 praeclusit
724 491 902 546 speciem
923 498 1074 531 natura
1093 489 1274 530 videndi.

386 564 618 615 Postremo,
641 580 951 621 quaequomque
971 564 1059 605 dies
1078 572 1309 619 naturaque
1330 563 1455 604 rebus

328 637 546 679 Paullatim
566 639 730 690 tribuit,
753 639 1002 680 moderatim
1024 653 1205 679 crescere
1226 652 1394 694 cogens,

212 716 292 753 325
326 711 450 752 Nulla
469 720 604 767 potest
625 713 841 754 oculorum
863 713 969 754 acies
991 721 1186 753 contenta
1207 712 1338 761 tueri3

327 786 416 827 Nec
435 801 562 841 porro
583 803 888 844 quaequomque
910 803 1000 828 aevo
1020 787 1233 842 macieque
1255 792 1487 827 senescunt:

317 860 423 911 Nec,
446 876 559 903 mare
580 877 673 917 quae
695 862 940 917 inpendent,
967 877 1085 902 vesco
1107 861 1187 901 sale
1209 875 1309 901 saxa
1327 874 1473 914 peresa

181 1018 293 1049 movit:
321 1018 361 1050 de
375 1030 439 1060 quo
454 1018 550 1048 lector
566 1025 612 1049 est
633 1018 824 1058 monendus,
848 1028 915 1049 om-

182 1071 243 1107 nia,
262 1082 331 1112 quae
356 1071 619 1111 praetermissurus
646 1083 728 1110 sum,
757 1073 790 1101 in
807 1082 918 1111 paren-

180 1123 261 1152 thesi
277 1122 389 1153 debere
402 1123 493 1162 poni;
517 1133 591 1152 nam
604 1123 638 1152 in
654 1123 703 1160 iis,
720 1123 832 1163 quibus
848 1129 920 1152 utor

180 1174 380 1210 editionibus,
394 1181 459 1204 tota
472 1174 621 1213 periodus
637 1175 788 1213 pravitate
803 1175 919 1213 turpis-

181 1225 260 1254 sima
285 1225 496 1255 distinctionis
525 1226 718 1262 obscuratur,
745 1226 919 1263 corrumpi-

182 1281 305 1315 turque.

182 1331 204 1345 “
222 1327 452 1368 Agrigentinos
476 1338 541 1356 non
568 1327 662 1365 longre
687 1339 705 1357 a
735 1327 816 1365 foro,
845 1339 920 1358 sane

182 1382 204 1397 “
221 1385 366 1409 sanctum
390 1378 475 1418 apud
498 1378 580 1416 illos,
613 1385 643 1408 et
670 1379 853 1419 religiosum
865 1392 920 1417 ;—

183 1434 206 1448 “
221 1441 320 1470 usqne
345 1440 394 1468 eo,
422 1429 556 1470 judices,
585 1436 621 1460 ut
645 1431 760 1460 rictum
787 1432 855 1471 ejus
885 1443 920 1461 ac

183 1484 204 1498 ‘⁶
221 1487 367 1511 mentum
394 1480 500 1520 paullo
527 1481 566 1510 sit
593 1483 746 1519 attritius,
777 1482 861 1522 quod
887 1483 920 1512 in

183 1532 366 1570 “precibus
389 1538 418 1561 et
445 1531 707 1572 gratulationibus
733 1543 797 1563 non
817 1533 922 1563 solum

184 1583 256 1613 “id
281 1584 432 1619 venerari,
458 1594 569 1614 verum
588 1583 683 1614 etiam
699 1587 843 1621 osculari,
871 1597 920 1616 so-

186 1637 208 1651 “
225 1634 324 1664 lent.'’
373 1635 534 1664 Arnobius
549 1635 657 1673 etiam,
675 1636 727 1666 lib.
746 1636 786 1666 vi.
806 1647 834 1675 p.
846 1640 917 1667 202.

183 1685 258 1714 huic
273 1684 342 1715 loco
356 1685 542 1715 illustrando
558 1686 692 1716 idoneus
707 1688 919 1726 superveniet:

184 1740 254 1760 --“
271 1737 338 1767 haec
353 1737 454 1777 signa,
478 1748 614 1777 quorum
635 1738 757 1777 plantas
772 1746 802 1769 et
818 1750 923 1779 genua

185 1792 206 1806 “
224 1791 404 1828 contingitis
419 1795 449 1819 et
465 1793 659 1820 contrectatis
675 1791 829 1821 orantes.’'
860 1792 883 1823 J
886 1803 921 1822 u-

186 1839 306 1869 venalis
321 1839 469 1880 denique,
487 1847 542 1870 sat.
564 1841 622 1871 xiV.
640 1845 713 1873 219-

359 1279 381 1293 ‘⁶
400 1275 550 1305 Herculis
579 1275 734 1313 templum
761 1282 806 1305 est
836 1276 920 1314 apud

370 1898 472 1922 Cereris
484 1902 588 1930 tangens
599 1907 738 1932 aramque,
747 1902 899 1934 pedemque.

233 1946 345 1984 Porro,
373 1947 438 1976 vice
453 1954 622 1986 meantum,
641 1955 685 1980 Ω.
712 1951 805 1980 habet
820 1962 924 1981 mean·

189 2004 250 2028 tur.

235 2049 309 2079 Ver.
327 2054 400 2080 320.
422 2053 542 2082 minui:
571 2052 612 2082 O.
633 2057 666 2082 Δ,
690 2055 835 2091 nimium,
862 2064 925 2084 non

189 2111 314 2140 prorsus
329 2102 446 2141 inepte,
472 2102 497 2131 si
519 2102 636 2143 jungas
665 2113 739 2132 cum
755 2106 878 2141 detrita,
897 2111 927 2134 et

189 2153 404 2193 interpreteris
420 2156 518 2189 valde,-
545 2160 592 2192 ut,
613 2158 633 2173 “
651 2154 747 2185 nimici
765 2155 924 2194 levitates

190 2204 234 2234 iil.
250 2208 325 2235 588.
339 2208 342 2209 ⁷

236 2255 309 2286 Ver.
346 2260 420 2287 522.
454 2259 587 2288 videndi.

192 2308 320 2346 passive.

644 2258 744 2298 Lego,
782 2260 923 2289 videndo.-

367 2310 594 2340 BENTLEIUS.

192 2359 234 2388 Et
259 2359 357 2389 fateor
381 2359 539 2400 equidem,
566 2370 618 2390 me
645 2371 711 2390 non
738 2372 826 2400 posse
851 2372 925 2392 con-

191 2411 395 2441 structionem
420 2411 492 2450 loci,
517 2412 556 2441 ad
582 2412 751 2443 lectionem
782 2413 928 2444 omniurn

192 2463 337 2492 codicum
355 2464 450 2494 MSS.
478 2470 508 2493 et
529 2474 717 2494 excusorum
743 2466 927 2505 exemplari-

194 2524 260 2550 um,
292 2516 457 2546 commode
473 2516 546 2546 satis
561 2517 722 2556 expedire3
747 2528 848 2558 neque
874 2528 927 2548 ex-

195 2566 383 2603 pediendam
399 2574 488 2607 puto,
514 2569 656 2608 quamvis
680 2569 863 2608 interpretes
878 2570 927 2599 ni-

194 2616 239 2645 hil
270 2619 415 2649 salebrosi
443 2627 536 2661 atque
562 2620 653 2651 ardui
676 2621 727 2651 hic
757 2621 928 2652 inveniant.

199 2667 283 2699 ,Cum
309 2672 407 2701 ridere
431 2682 495 2701 non
512 2672 595 2702 male
621 2682 669 2702 res
684 2672 864 2711 procederet
889 2673 929 2703 ad

196 2719 281 2748 hunc
308 2721 452 2752 modum:
483 2727 502 2740 “
522 2723 637 2752 Invida
654 2723 777 2753 Natura
797 2724 928 2763 praeclu-

199 2771 222 2786 “
237 2769 275 2798 sit
303 2772 384 2801 nobis
412 2786 444 2802 ero
470 2773 574 2804 videre
598 2775 767 2813 speciem,”
793 2775 842 2805 vel
865 2775 928 2805 for-

198 2831 285 2851 mam
311 2832 433 2852 eorum:
472 2825 527 2855 sed
555 2836 573 2855 a
604 2827 741 2867 vestigiis
772 2827 930 2866 scripturae

192 2873 376 2902 communis
400 2874 535 2904 nimium
551 2877 674 2907 recedit.
721 2878 811 2907 Nihil
833 2878 931 2918 igitur

197 2929 301 2960 restat,
327 2925 388 2954 nisi
414 2932 450 2954 ut
473 2926 714 2965 interpretemur
739 2932 867 2968 speciem
884 2932 929 2960 vi-

197 2977 303 3014 (tendi,
333 2975 479 3014 modum,
511 2977 558 3007 vel
587 2979 754 3017 rationem,
786 2980 930 3017 videndi3

961 1016 1045 1058 quod
1061 1027 1102 1046 an
1127 1015 1326 1046 tolerandum
1351 1014 1401 1050 sit,
1426 1014 1479 1044 alii
1494 1013 1596 1044 ferant
1616 1013 1707 1054 judi-

963 1070 1059 1099 cium.

1008 1120 1089 1150 Ibid.
1116 1121 1247 1150 Invida:
1287 1118 1329 1148 V.
1360 1117 1407 1148 cd.
1437 1119 1702 1157 Invidz'a.—-prae-

965 1174 1075 1202 (ἴῃ-Μ.-
1116 1172 1154 1201 G.
1189 1173 1370 1211 praeclusam
1401 1169 1440 1199 V.
1466 1169 1513 1200 ed.
1537 1172 1706 1209 praeduse't,

965 1223 1054 1253 solita
1082 1224 1291 1262 permixtione
1317 1222 1350 1251 in
1375 1221 1560 1252 minusculis
1575 1223 1702 1252 charac-

965 1274 1081 1305 teribus
1097 1286 1112 1304 c
1129 1280 1159 1303 et
1173 1276 1184 1304 l
1200 1274 1232 1303 in
1248 1276 1278 1303 d.

1009 1325 1082 1355 Ver.
1113 1328 1185 1355 525.
1208 1326 1363 1354 oculorum
1395 1326 1484 1355 acies.

966 1377 1040 1406 AEn.
1056 1376 1095 1405 vi.
1114 1379 1185 1405 200.

980 1428 1120 1458 Quantum
1132 1425 1184 1449 acie
1199 1429 1305 1456 possent
1318 1425 1382 1449 oculi
1393 1432 1499 1450 servare
1509 1430 1682 1457 sequentum.

1531 1324 1701 1365 VirgiliuS‚

1011 1483 1091 1514 Ibid.
1117 1489 1256 1514 contenta
1268 1498 1278 1513 .·
1308 1484 1326 1513 i.
1355 1494 1379 1513 e.
1411 1483 1451 1513 ad
1477 1484 1592 1514 mediae
1621 1484 1705 1515 vocis

966 1546 1071 1572 usum,
1103 1546 1132 1565 se
1159 1537 1350 1570 contendens,
1384 1535 1414 1563 vi
1439 1535 1528 1564 omni
1554 1536 1706 1566 acerrime

967 1586 1106 1616 connisa.
1154 1586 1221 1615 Nos
1244 1592 1350 1616 autem
1366 1585 1558 1626 elegantiam
1581 1597 1617 1617 ac
1632 1597 1704 1626 pro-

966 1638 1130 1677 prietatem
1153 1638 1295 1667 vocabuli
1316 1638 1455 1668 ubertim
1478 1638 1705 1669 declaravimus

967 1696 997 1720 et
1012 1689 1236 1720 illustravimus
1252 1690 1284 1719 in
1311 1689 1385 1720 Silv.
1407 1690 1483 1720 Crit.
1498 1690 1530 1720 ii.
1546 1696 1617 1721 sect.
1633 1694 1703 1722 119.

967 1742 1007 1772 ad
1023 1752 1118 1783 quam
1133 1741 1264 1771 lectores
1280 1741 1501 1772 amandamus:

1332 1805 1413 1840 εχθξω
1425 1815 1454 1836 γε
1467 1815 1510 1839 μοι
1522 1814 1586 1831 εστιν

1048 1853 1102 1877 Am
1118 1852 1237 1887 αςιξηλως
1254 1861 1367 1887 agnocere:
1379 1852 1554 1885 pw007.07wvv.

970 1905 1059 1935 Hinc
1075 1911 1193 1943 autem,
1217 1911 1252 1935 ut
1271 1905 1348 1935 alios
1363 1906 1443 1935 bene
1458 1905 1577 1935 multos
1598 1904 1633 1935 in
1647 1906 1706 1936 hae

970 1956 1106 1986 dictione
1121 1967 1235 1996 parum
1246 1962 1420 1995 perceptos,
1437 1957 1535 1995 probe
1549 1956 1708 1997 intelligas

970 2007 1197 2045 Prudentium,
1214 2007 1381 2047 hamartig.
1403 2011 1476 2038 797.

1321 2064 1504 2095 squalentibus
1515 2071 1603 2089 unum

1033 2105 1179 2127 Contentum
1190 2103 1280 2134 spinis,
1293 2107 1410 2135 reptasse
1421 2111 1468 2135 per
1481 2104 1564 2128 ardua
1574 2110 1656 2129 saxa:

971 2152 989 2182 i.
1007 2163 1032 2182 e.
1049 2163 1082 2182 se
1108 2153 1361 2189 contendentem,
1389 2159 1517 2183 strenue
1532 2153 1705 2184 colluctan-

970 2210 1046 2242 tem,
1078 2215 1149 2234 cum
1177 2204 1283 2244 spinis.
1330 2205 1472 2235 Venuste
1507 2211 1537 2235 et
1566 2206 1707 2236 animose

974 2256 1153 2292 Suetonius,
1177 2256 1220 2286 iii.
1248 2258 1275 2286 7.
1315 2259 1337 2274 “
1357 2255 1418 2286 Sed
1441 2256 1652 2296 Agrippinam
1676 2263 1708 2286 et

971 2310 992 2325 “
1009 2307 1149 2346 abegisse
1165 2313 1233 2345 post
1249 2307 1419 2337 divortium
1434 2307 1547 2345 doluit,
1564 2314 1595 2337 et
1610 2307 1708 2338 semel

971 2361 992 2376 “
1008 2359 1139 2388 omnino
1154 2369 1190 2388 ex
1213 2369 1343 2389 occursu
1360 2359 1460 2389 visam
1484 2359 1563 2389 adeo
1585 2366 1707 2391 conten-

972 2412 994 2427 “
1011 2411 1051 2439 tis
1077 2416 1108 2439 et
1137 2412 1378 2441 contnmentitms
1405 2413 1502 2441 oculis·
1527 2416 1708 2449 prosecutus

973 2464 994 2478 “
1012 2466 1067 2496 est,
1094 2467 1129 2490 ut
1153 2461 1346 2491 custoditum
1373 2461 1424 2499 sit,
1451 2472 1492 2491 ne
1508 2472 1658 2502 umquam
1674 2462 1709 2491 in

974 2515 994 2529 “
1011 2519 1212 2552 conspectum
1229 2513 1296 2553 ejus
1311 2514 1439 2553 posthac
1450 2513 1599 2543 veniret.”
1625 2514 1707 2543 Haec

973 2569 1018 2592 est
1049 2564 1205 2602 potentior
1231 2571 1323 2605 atque
1350 2564 1526 2604 elegantior
1552 2565 1708 2593 membra-

973 2626 1087 2645 narum
1113 2616 1216 2654 lectio,
1234 2623 1264 2646 et
1289 2617 1419 2646 omnino
1436 2614 1640 2651 restituenda;
1671 2624 1709 2644 eo

973 2667 1075 2706 magis
1102 2668 1237 2707 propria,
1262 2667 1347 2708 quod
1374 2666 1457 2697 oculi
1483 2666 1544 2695 sint
1558 2664 1624 2695 bini
1648 2676 1708 2695 nu-

973 2727 1069 2753 mero,
1087 2729 1123 2748 ac
1138 2725 1266 2748 mutuas
1282 2728 1390 2757 operas
1405 2718 1585 2748 consocient.
1635 2716 1706 2746 Ho-

973 2769 1078 2805 ratius,
1096 2771 1183 2809 epist.
1199 2771 1218 2800 i.
1238 2774 1263 2800 1.
1281 2774 1331 2799 28.

999 2829 1057 2853 Non
1069 2830 1149 2861 possis
1160 2829 1228 2853 oculo
1239 2831 1372 2858 quantum
1383 2826 1526 2850 contendere
1538 2827 1672 2857 Lynceus.

974 2877 1096 2908 Lucani
1125 2878 1258 2917 denique
1288 2882 1437 2912 mentem,
1468 2886 1562 2916 quam
1594 2875 1707 2906 callida

976 2939 1053 2969 gens
1077 2930 1285 2968 interpretum
1312 2938 1375 2958 non
1406 2928 1588 2969 attigerunt,
1614 2927 1709 2967 plene

975 2981 1089 3019 capias,
1106 2981 1145 3011 ad
1161 2981 1271 3010 Phars.
1289 2991 1316 3010 v.
1333 2983 1405 3011 624.
