1894 3253
610 257 851 306 LIBER
899 252 1214 303 PRIMUS.

1640 263 1668 301 ω

247 398 272 432 5
306 392 566 447 Concipitur,
597 391 770 447 visitque
799 395 990 430 exortum
1019 386 1176 428 lumina
1195 385 1302 427 solis:

305 467 384 518 Te,
417 467 525 518 Dea,
558 475 598 508 te
627 465 791 523 fugiunt
818 464 971 512 ventei;
1004 471 1045 503 te
1074 461 1214 503 nubila
1245 459 1351 511 coeli,

158 616 269 651 ροφορω,
299 608 397 637 Hom.
432 607 472 637 11.
507 614 545 638 Ξ.
576 609 644 636 122.
679 608 770 645 χθονοι
793 611 890 636 πελο-

161 664 295 703 ἔο-τειραν,
322 659 360 690 Il.
379 666 410 689 Γ.
429 661 501 690 ‘265⁸
518 657 650 688 Hesiod.
676 658 796 698 Theog.
818 661 889 688 551.

158 715 303 757 φεςεςξιον·
320 717 356 742 ut
372 711 499 750 ibidem,
523 721 586 741 ver.
606 714 678 742 695.
724 711 768 740 Et
791 710 824 740 in
840 709 889 740 his

159 766 281 797 casibus
309 765 423 794 harum
452 763 627 794 dictionum
658 763 891 804 orthographia,

147 818 396 859 srugzfirenteis‚
414 816 503 846 nobis
518 816 615 845 etiam
624 815 753 852 arridet3
770 815 893 845 codices

158 870 240 905 licet,
253 870 375 909 opinor,
392 875 427 899 ut
439 878 548 898 omnes
559 873 641 898 certe
653 866 761 903 nostri,
776 867 891 897 unani-

158 922 203 952 mi
226 932 381 952 consensu
394 920 616 961 frugiferentis
641 919 787 949 exhibere
811 919 892 949 sole-

158 980 220 1005 ant.
267 975 334 1005 Nec
359 974 517 1004 immerito
546 974 590 1004 sic
616 973 794 1009 statuimus,
826 978 892 1002 tam

159 1032 283 1066 propter
323 1026 541 1067 antiquitatem
578 1025 750 1065 scripturae,
795 1035 891 1066 quam

160 1078 399 1109 commoditates
421 1079 505 1119 ejus3
524 1089 601 1119 quas
623 1077 782 1118 eleganter
803 1077 890 1107 exhi-

161 1130 232 1160 buit
246 1130 296 1160 his
311 1131 450 1161 versibus
465 1130 676 1160 Terentianus
693 1131 841 1167 Maurus,
862 1140 892 1168 p.

162 1185 255 1213 2595.
289 1190 450 1213 accuratus
472 1183 506 1213 in
532 1183 641 1223 primis
667 1190 697 1213 et
720 1182 892 1223 perpolitus

160 1235 303 1274 scriptor:

174 1287 214 1311 Sic
226 1286 316 1315 oveis,
328 1285 435 1315 plureis,
447 1290 474 1310 et
486 1286 585 1310 omneis
594 1286 733 1310 scribimus
744 1287 891 1318 pluraliter:

176 1327 234 1350 Non
243 1326 314 1350 enim
325 1333 396 1351 nunc
405 1327 478 1350 addis
489 1326 569 1356 E,sed
578 1330 718 1358 permanet
727 1327 763 1351 sic
773 1331 803 1352 ut
812 1327 876 1359 fuit,

174 1366 272 1390 Lector
283 1369 310 1390 ut
323 1373 376 1390 non
388 1366 549 1398 singularem
561 1366 761 1390 nominativum
772 1368 845 1398 sciat,

177 1404 224 1429 Vel
235 1409 405 1436 sequentem,
418 1406 463 1437 qui
474 1406 565 1437 prioris
576 1412 649 1437 saepe
660 1406 751 1430 similis
762 1407 861 1432 editur.

163 1452 218 1483 Ita
231 1453 380 1494 legimus:
407 1455 516 1495 vulgo,
531 1462 561 1486 ec
582 1458 676 1491 sciet;
703 1462 809 1488 tenore
825 1468 894 1488 ora-

161 1507 256 1539 tionis
278 1507 411 1537 minime
436 1507 585 1538 naturali:
614 1521 651 1539 ere
666 1519 739 1539 vero
753 1516 782 1540 et
798 1510 894 1540 inter-

160 1560 347 1599 positionem
379 1558 412 1588 in
439 1559 542 1598 primo
572 1570 676 1599 versu,
707 1572 726 1591 a
750 1562 895 1592 Putschii

160 1611 309 1648 editione,
327 1609 389 1650 qua
404 1610 470 1641 sola
484 1611 616 1650 utimur,
634 1613 801 1653 exulantis,
818 1615 892 1645 ada-

160 1663 311 1693 mantinae
327 1662 418 1692 metri
431 1663 628 1693 necessitates
640 1664 807 1703 postulant.

162 1714 324 1754 Denique,
348 1723 423 1744 voce
428 1714 624 1755 frugifer-ens
647 1726 711 1745 non
735 1716 816 1746 alius
831 1717 893 1747 for-

159 1772 251 1804 tasse,
268 1767 322 1806 qui
346 1766 434 1796 nobis
457 1772 590 1804 exstant,
614 1768 804 1798 Latinorum
818 1779 895 1799 usus

162 1824 220 1848 est:
231 1818 374 1858 *frugifer
389 1818 555 1857 aliquoties
570 1820 716 1857 occurrit,
733 1826 770 1849 ut
784 1821 896 1850 veteris

160 1870 260 1907 po'etae
283 1868 317 1897 in
333 1868 511 1907 fragmento
528 1869 613 1907 apud
630 1869 825 1908 Martialem,
850 1871 893 1901 xi.

164 1923 215 1951 91.

259 1979 452 2009 Attonitusque
464 1979 527 2010 legis
539 1980 771 2012 terras-frugiferai·
780 1990 789 2006 :

160 2037 255 2067 quem
282 2027 597 2067 epigrammatarium
624 2029 732 2059 nullus
748 2030 895 2071 equidem

162 2077 370 2115 laudaverim,
387 2078 515 2108 auribus
529 2089 639 2109 suaves
655 2090 747 2110 sonos
770 2083 894 2123 magni-

161 2128 299 2169 ficosque
315 2129 421 2158 sannis
443 2129 487 2159 ita
502 2140 624 2160 morose
639 2139 892 2173 prosequentem.

200 2182 276 2211 Ver.
293 2185 321 2212 4.
341 2183 554 2212 Concelebras:
580 2183 599 2213 i.
616 2194 641 2214 e.
659 2195 719 2215 uno
741 2191 893 2226 tempore,

158 2240 253 2274 atque
264 2231 328 2264 unci
342 2234 444 2273 opera,
461 2235 527 2264 haec
539 2235 658 2274 omnia,
675 2247 773 2276 mare,
784 2244 892 2277 terras,

158 2291 190 2315 et
215 2285 297 2323 a'era,
329 2285 892 2326 frequentas—permeas—incolis—

157 2337 271 2377 agitas3
291 2337 354 2378 (vel
369 2338 612 2379 confrequentas,
639 2347 675 2370 ut
689 2341 798 2382 loquar
816 2353 890 2373 cum

158 2389 345 2428 Prudentio,
369 2391 471 2430 perist.
494 2392 514 2422 i.
532 2393 575 2433 9.)
593 2394 659 2423 haec
681 2395 768 2425 enim
783 2396 829 2426 vis
844 2403 890 2427 est

157 2441 337 2480 compositae
364 2442 509 2473 dictionis
536 2444 570 2474 in
594 2446 654 2475 hoc
680 2447 766 2485 loco;
793 2459 889 2489 quam

160 2493 294 2524 Ovidius
308 2493 485 2533 illustrabit,
501 2496 586 2535 epist.
604 2507 651 2528 xv.
672 2502 721 2529 11.

186 2554 259 2578 Arva
270 2553 359 2577 Phaon
371 2553 477 2578 celebrat
488 2555 592 2580 diversa
604 2558 765 2590 Typhoidos
778 2562 885 2587 AEtnae:

157 2607 194 2632 ut
208 2601 281 2632 ibid.
299 2612 358 2632 ver.
384 2605 434 2633 57.
450 2613 545 2633 amor.
571 2604 602 2634 ii.
622 2609 669 2636 16.
692 2610 744 2637 57.
761 2615 833 2640 met.
849 2610 888 2642 iv.

158 2659 209 2686 46.
225 2655 309 2685 unde
325 2655 537 2687 infelicissime
551 2658 680 2698 quidam
695 2660 890 2694 solicitabant

157 2714 229 2737 met.
246 2707 278 2737 ii.
295 2711 366 2738 218.

188 2768 220 2791 Et
233 2773 304 2791 nunc
316 2767 396 2797 sicca,
408 2768 479 2799 prius
489 2767 647 2794 celeberrima
659 2770 787 2803 fontibus,
800 2774 854 2800 Ide.

157 2818 350 2859 Lactantius,
367 2821 405 2852 vi.
422 2824 518 2853 5.—“
536 2823 570 2852 in
586 2826 694 2855 itinere
709 2827 885 2860 celebrando

157 2872 181 2888 “
196 2871 275 2901 nihil
298 2873 423 2912 prodest
445 2875 528 2904 viam
547 2886 648 2914 nosse,
673 2877 732 2906 nisi
756 2884 886 2909 conatus

156 2924 180 2940 ‘⁴
198 2933 233 2954 ac
250 2925 328 2956 vires
351 2934 517 2966 suppetant
539 2930 753 2961 ambulandi.''
800 2933 884 2964 Con-

156 2973 240 3005 sulas
269 2976 385 3009 ibidem
413 2979 540 3011 editoris
571 2981 706 3013 Parisini
740 2989 835 3014 notas.

934 601 1092 638 Tibullus,
1111 611 1187 632 usus
1202 601 1367 639 vocabulo,
1391 600 1471 631 mihi
1487 600 1610 633 videtur
1624 603 1669 633 ita

934 653 1150 694 corrigendus,
1166 652 1244 693 eleg.
1260 653 1303 683 iii.
1320 656 1348 684 5.
1366 657 1415 685 ⁴29.

965 714 1000 738 At
1013 713 1086 737 vobis
1097 714 1196 738 Tuscae
1209 712 1366 737 celebrantur
1368 713 1482 743 flumina
1495 714 1636 746 Nymphae.-

936 765 1005 796 quae
1022 754 1144 794 planior
1167 759 1214 784 est
1228 760 1259 785 et
1273 754 1386 784 rectior
1401 755 1534 786 locutio:
1561 756 1669 797 vulgo,

935 809 1066 838 numina
1082 809 1224 848 lymphae.
1271 806 1401 837 Variare
1417 807 1589 838 dictionem
1608 810 1669 840 Ca-

936 869 989 890 rus
1011 858 1121 897 voluit,
1140 858 1181 889 ad
1195 858 1227 889 ii.
1242 861 1317 889 546.
1334 864 1365 889 et
1379 859 1556 899 interpretis
1578 860 1670 901 quasi

936 911 971 942 in
994 922 1025 942 se
1041 921 1172 941 munere
1187 910 1337 952 defungi:

968 964 1000 987 Et
1011 962 1094 987 variae
1105 962 1237 992 volucres,
1249 961 1371 986 laetantia
1383 968 1446 993 quae
1458 963 1516 987 loca
1527 969 1660 994 aquarum

968 1003 1150 1033 Concelebrant,
1159 1003 1262 1027 circum
1272 1002 1350 1035 ripae,
1360 1003 1523 1034 funteisque,
1533 1003 1658 1035 lacusque
1662 1011 1672 1034 ;

967 1048 1010 1076 Et,
1022 1052 1085 1077 quae
1094 1045 1251 1077 pervolgant
1262 1051 1373 1070 nemora
1382 1045 1452 1075 avia,
1463 1046 1653 1076 pervolitantes
1661 1052 1670 1070 ε

936 1088 991 1120 ubi
1015 1088 1120 1119 videas
1150 1093 1265 1119 notata.
1320 1087 1435 1118 Unum
1469 1087 1569 1128 igitur
1597 1093 1673 1118 sunt

936 1143 1144 1173 concelebrant
1179 1146 1211 1171 et
1234 1142 1428 1180 pervolgant,
1464 1140 1505 1171 ad
1537 1140 1673 1171 auctoris

935 1195 1046 1225 saltem
1060 1195 1158 1224 nostri
1174 1200 1324 1224 mentem.

980 1246 1062 1277 Ibid.
1087 1258 1146 1286 per
1174 1253 1202 1277 te
1226 1257 1323 1286 genus
1353 1258 1439 1277 omne
1474 1248 1671 1279 animantum

939 1299 1126 1338 Concz'ffl'tur.
1170 1297 1350 1337 EuripideS,
1367 1297 1498 1337 Hippol.
1514 1301 1586 1330 447.

977 1364 1060 1396 Φοιτρι
1074 1362 1097 1388 δ’
1108 1372 1127 1389 εν
1141 1362 1221 1398 αιθεξ,
1236 1372 1278 1389 εισι
1294 1362 1316 1388 δ’
1327 1372 1347 1389 εν
1359 1363 1505 1397 Salamara,

977 1411 1093 1442 Κλυδωνι,
1108 1414 1205 1447 Κυττξις·
1216 1420 1313 1438 ποινή-οι
1324 1410 1345 1437 δ’
1357 1421 1385 1438 εκ
1397 1423 1492 1441 ‘rava-m
1505 1419 1552 1445 εῷυ.

941 1466 994 1497 Sic
1009 1466 1196 1507 legendum:
1216 1477 1274 1497 εισι·
1287 1467 1411 1497 incedit.
1443 1466 1671 1498 Bwumus.

940 1518 984 1548 Et
999 1523 1145 1557 provocat
1160 1517 1207 1547 vir
1223 1528 1369 1547 summus
1384 1517 1425 1547 ad
1441 1517 1534 1548 Ovid.
1549 1517 1618 1548 fast.
1632 1517 1674 1551 iv.

940 1571 1077 1601 innuens
1100 1571 1185 1601 haud
1202 1570 1297 1601 dubie
1319 1581 1380 1601 ver.
1405 1573 1456 1602 91.
1473 1571 1529 1601 ubi
1552 1571 1675 1602 Veneris

938 1624 1029 1653 almoe
1051 1623 1192 1662 potentia
1205 1622 1357 1653 laudibus
1371 1622 1500 1652 effertur
1514 1622 1548 1652 in
1559 1623 1673 1653 carmi-

939 1687 979 1707 ne
1002 1677 1158 1713 nonnihil,
1175 1677 1296 1716 opinor,
1312 1676 1442 1717 ingenio
1457 1676 1596 1706 Lucretii
1618 1675 1672 1706 de-

938 1729 1043 1758 bente:

970 1786 1017 1810 Illa
1029 1786 1139 1817 quidem
1151 1789 1243 1810 totum
1255 1786 1407 1817 dignissima
1419 1788 1557 1817 temperat
1567 1787 1672 1818 orbem3

1002 1825 1048 1848 Illa
1062 1828 1137 1849 tenet
1149 1825 1224 1849 nullo
1236 1832 1318 1857 regna
1331 1825 1435 1849 minora
1447 1825 1497 1850 deo
1508 1833 1514 1850 ε

970 1866 1087 1896 Juraque
1099 1865 1145 1889 dat
1156 1865 1224 1895 coelo,
1237 1869 1321 1896 terrae,
1333 1867 1461 1891 natalibus
1472 1866 1547 1890 undis
1554 1875 1566 1895 ;

1000 1908 1101 1936 Perque
1111 1912 1171 1929 suos
1183 1905 1261 1930 initus
1273 1907 1394 1931 continet
1406 1914 1478 1931 amne
1487 1914 1577 1938 genus.

972 1945 1019 1969 Illa
1031 1945 1094 1969 deos
1105 1951 1198 1969 omnes
1213 1945 1334 1977 (longum
1346 1946 1515 1976 enumerare)
1528 1947 1645 1978 creavit3

1002 1984 1048 2008 Illa
1059 1984 1120 2008 satis
1131 1991 1243 2014 caussas,
1256 1985 1445 2016 arboribusque
1456 1984 1546 2010 dedit:

969 2023 1017 2048 Illa
1027 2024 1105 2048 rudes
1116 2024 1219 2048 animos
1231 2024 1373 2048 hominum
1387 2026 1526 2050 contraxit
1537 2026 1564 2050 in
1574 2033 1672 2057 unum,

1001 2066 1033 2089 Et
1044 2064 1136 2089 docuit
1144 2065 1223 2097 jungi
1234 2072 1298 2090 cum
1313 2073 1376 2098 pare
1388 2073 1524 2098 quemque
1535 2068 1591 2092 sua.

969 2107 1040 2139 Quid
1057 2114 1136 2139 genus
1153 2115 1224 2131 omne
1245 2113 1319 2133 creat
1340 2109 1490 2140 volucrum,
1511 2111 1560 2135 nisi
1576 2111 1672 2137 blanda

1063 2147 1206 2179 voluptas?

1000 2188 1053 2211 Nec
1064 2186 1161 2211 coeant
1173 2188 1298 2218 pecudes,
1309 2188 1330 2212 si
1338 2188 1403 2213 levis
1414 2189 1482 2214 absit
1493 2190 1587 2215 Amor.

938 2236 1020 2266 Haec
1049 2236 1243 2275 apertissima
1274 2237 1333 2268 loci
1362 2239 1459 2269 totius
1485 2239 1670 2272 Lucretiani

935 2287 1084 2326 imitatio,
1100 2294 1131 2318 et
1145 2289 1343 2328 potissimum
1359 2301 1437 2321 verr.
1451 2295 1479 2322 4.
1503 2297 1533 2321 et
1545 2296 1574 2324 6.
1594 2306 1671 2325 απο-

934 2354 1112 2381 σπασματιε
1137 2342 1298 2381 propositi,
1314 2343 1501 2373 confirmant
1518 2344 1669 2383 suspicio-

934 2404 1006 2423 nem
1025 2404 1140 2429 meam,
1163 2405 1259 2434 quam
1281 2397 1471 2426 constructio
1493 2396 1672 2436 impeditior

933 2450 964 2474 et
987 2444 1182 2475 invenustior
1205 2456 1329 2486 semper
1359 2447 1468 2477 animo
1496 2448 1669 2488 ingerebat,

932 2506 998 2526 non
1023 2495 1090 2526 sine
1116 2507 1210 2527 sensu
1236 2509 1349 2529 manco
1374 2498 1523 2538 nimium,
1547 2500 1586 2530 de
1602 2511 1669 2531 cor-

932 2546 1055 2586 ruptela
1080 2548 1255 2579 secundum
1280 2560 1405 2580 versum
1430 2551 1571 2582 Lucretii
1592 2553 1668 2584 insi-

932 2597 1041 2635 dente;
1064 2609 1160 2639 quam
1176 2600 1220 2630 sic
1233 2601 1375 2640 judicem
1390 2601 1562 2634 tollendam
1585 2615 1666 2636 esse:

963 2659 1116 2684 AEneadum
1137 2660 1272 2691 genetrix,
1294 2661 1437 2686 hominum
1457 2663 1606 2695 divomque
1623 2672 1669 2690 vo-

1059 2702 1156 2734 luptas,

966 2741 1046 2766 Alma
1058 2744 1146 2767 Venus
1159 2743 1164 2767 !
1185 2743 1249 2768 coeli
1259 2743 1304 2768 sub
1315 2748 1338 2768 te
1349 2745 1465 2771 labentia
1475 2746 1564 2779 signa;

965 2780 1033 2810 Quae
1049 2787 1124 2805 mare
1135 2781 1367 2813 navigerum—2

930 2829 949 2858 i.
966 2837 994 2857 e.
1013 2830 1110 2858 “sub
1133 2829 1187 2859 tufi
1201 2837 1352 2869 potestate
1371 2833 1479 2874 jacent
1501 2835 1616 2866 coelum
1638 2840 1669 2866 et

931 2880 953 2895 “
977 2878 1066 2918 ignes
1089 2881 1225 2919 aetheris3
1250 2883 1316 2922 tua,
1332 2884 1475 2926 inquam,
1499 2897 1570 2927 quae
1592 2897 1666 2917 con-

931 2933 951 2948 “
974 2931 1120 2972 celebras,
1137 2943 1202 2964 non
1224 2935 1338 2966 coelum
1353 2939 1586 2976 tantummodo,
1615 2938 1670 2969 sed

930 2995 1015 3016 mare
1030 2987 1125 3018 etiam
1143 2995 1172 3019 et
1188 2991 1313 3021 terras.''
1355 2992 1398 3022 Et
1413 2993 1474 3022 nisi
1491 2993 1560 3033 quis
1582 3003 1670 3033 saga-
