1894 3253
605 305 835 354 LIBER
891 303 1204 354 PRIMUS.
1568 313 1656 353 153

357 440 430 490 At,
454 454 561 495 saepe
582 440 624 480 in
646 439 806 495 magnis
827 438 873 479 fit
893 437 1117 487 montibus,
1141 437 1291 493 inquis,
1315 445 1360 479 ut
1380 437 1468 479 altis

298 515 529 555 Arboribus
550 515 684 556 vicina
705 513 919 555 cacumina
943 527 1105 552 summa
1125 520 1312 553 terantur

299 588 413 629 Inter
433 605 489 638 sc,
512 588 652 629 validis
672 588 804 629 facere
824 586 867 626 id
887 586 1129 642 cogentibus
1149 587 1312 637 austris,

298 662 447 703 Donec
467 662 650 703 flammai
668 661 868 702 fulserunt
887 659 990 701 flore
1011 668 1169 701 coorto:

139 817 284 859 fulgore:
310 817 399 856 adeo,
423 824 458 848 ut
473 818 506 848 in
520 818 675 860 plerisque
691 818 881 850 editionibus

151 870 332 900 exhibeatur
347 880 452 900 versus
468 870 507 900 ad
523 871 608 901 hunc
623 871 769 902 modum:

222 937 313 961 Donec
323 935 455 961 fulserunt
464 935 580 966 flamma:
589 937 693 969 fulgore
705 941 815 962 coorto:

150 1004 246 1034 quem
261 1001 383 1034 recepto
397 996 447 1024 vix
469 995 576 1025 minus
602 995 778 1036 elegantem
794 996 879 1026 dixe-

150 1046 199 1076 ris.
238 1047 342 1077 Voces
355 1048 548 1086 perturbatas
563 1047 673 1077 ordine
689 1048 882 1078 Veronensis

152 1097 250 1128 dedit:

215 1168 307 1191 Donec
318 1170 397 1191 coorto
408 1166 540 1192 fulserunt
552 1167 642 1192 flama:
653 1167 770 1199 fulgore.-

153 1234 211 1254 nec
227 1225 328 1255 multo
343 1225 432 1255 aliter
448 1226 485 1256 B.

216 1292 306 1316 Donec
317 1295 396 1315 coorto
407 1291 537 1316 fulserunt
545 1291 656 1322 fulgure
666 1291 797 1316 flamma:-

152 1354 267 1378 οοονιο.ι
297 1355 338 1379 Π.
362 1360 500 1380 corusco:
527 1359 584 1379 nec
607 1349 759 1389 displicet.
804 1349 880 1379 Vir-

153 1399 258 1440 gilius,
275 1410 343 1440 geo.
359 1400 398 1430 iv.
416 1404 464 1432 98.

325 1468 433 1493 elucent
445 1469 516 1498 aliae,
528 1471 555 1494 et
563 1468 667 1500 fulgore
678 1473 818 1494 coruscant.

193 1532 274 1563 Ibid.
279 1536 430 1575 flamma'z'
432 1537 525 1575 flore.
543 1535 638 1564 Hanc
650 1534 816 1565 locutionis
830 1547 882 1566 ve-

149 1591 308 1615 nustatem
330 1596 367 1616 ex
386 1587 569 1616 Graecorum
593 1586 731 1616 fontibus
752 1598 879 1618 emana-

151 1637 231 1667 visse
258 1644 376 1668 norunt
398 1647 519 1668 omnes.
565 1637 744 1677 AEschyluS,
775 1639 879 1670 Prom.

154 1689 246 1718 vinct.
264 1691 291 1719 7.

152 1762 193 1786 To
207 1771 247 1786 σον
261 1772 321 1796 γκρ,
335 1762 456 1787 Axe->02
471 1771 598 1795 troewrexvs
610 1763 738 1793 ΠΥΡΟΣ,
753 1764 867 1790 ΣΕΒΑΣ

154 1809 270 1836 &vm-0151
281 1808 386 1840 κλεψοις
398 1818 508 1834 marowa:

153 1877 196 1906 sic
211 1883 247 1907 ut
263 1888 319 1907 nos
335 1878 411 1908 olim
426 1878 597 1918 legendum
612 1880 832 1918 proposuimus
846 1891 882 1911 ac

153 1929 424 1969 distinguendum,
440 1930 481 1960 ad
499 1930 570 1961 Silv.
586 1931 662 1961 Crit.
678 1931 698 1962 i.
714 1943 743 1971 p.
760 1936 809 1964 91.
824 1943 883 1963 nec

153 1981 292 2020 poenitet,
316 1981 492 2012 faventibus
517 1982 680 2012 scholiaste
695 1984 724 2019 ά,
751 1990 783 2013 et
798 1985 879 2014 Eus-

152 2034 262 2071 tathio,
287 2033 326 2063 ad
354 2034 391 2064 Il.
412 2040 433 2064 Ι.
450 2037 522 2064 212.
551 2034 704 2074 Αισχνλος
723 2049 747 2066 εν
764 2043 880 2078 Προμη-

151 2088 187 2116 θει
203 2090 338 2116 ΑΝΘΟΣ
365 2090 497 2117 ΠΎΡΟΣ
517 2092 605 2125 λεγει.
648 2086 724 2117 Jam
745 2097 817 2116 vero
831 2088 878 2117 di-

152 2147 221 2167 cere
250 2139 381 2168 Vulcani
394 2139 509 2178 florem
535 2137 726 2177 simpliciter,
753 2139 880 2170 flamm&¹

151 2199 215 2219 non
240 2189 426 2227 consociata,
453 2189 548 2229 longe
574 2190 664 2226 foret,
691 2201 743 2221 me
759 2192 878 2231 judice,

148 2240 401 2271 insulsissimum.
456 2241 588 2281 Legitur
630 2241 734 2282 vulgo,
780 2251 878 2278 σελας.

153 2291 242 2320 Hinc
257 2291 352 2320 etiam
375 2291 607 2322 emendandum
626 2299 673 2323 est
690 2293 769 2323 Inus
786 2295 878 2324 Euri.

151 2342 250 2382 pideae
286 2342 499 2382 fragmentum
534 2344 618 2383 apud
658 2345 817 2376 Stobaeum
848 2354 879 2377 et

153 2392 284 2423 Pindari
314 2393 514 2430 scholiasten;
540 2395 624 2434 (vide
651 2396 763 2427 Valck.
798 2399 878 2428 Am-

151 2455 236 2475 mon.
249 2444 449 2475 animadvers.
462 2455 490 2484 p.
505 2446 590 2485 139.)
604 2446 635 2475 in
647 2448 730 2487 quod
740 2449 879 2490 singula-

151 2497 177 2527 ri
199 2506 272 2527 cum
284 2495 415 2526 audacia
429 2502 459 2525 et
473 2506 615 2526 successu
630 2498 729 2535 nullo,
743 2500 878 2531 calamos

152 2550 336 2582 distrinxere
354 2550 490 2591 Scaliger
505 2557 536 2581 et
550 2551 796 2583 Valckenae'rus:

231 2624 296 2648 Ια-τω
308 2623 332 2648 δε
342 2622 427 2655 μηδεις
438 2622 519 2652 ταυὲῗ,
531 2623 551 2648 ἁ
566 2623 688 2654 araceus
700 2631 783 2658 χρεων·

232 2672 319 2704 Mamur
333 2681 383 2704 γαρ
396 2680 423 2696 εκ
435 2675 584 2705 λαραττηρος
596 2671 675 2696 Ιδααον
685 2676 764 2700 λετ-ηις

230 2717 343 2752 Πρησειεν
363 2718 484 2743 ΑΝΘΟΣ

154 2783 272 2824 Vulgo,
289 2799 322 2816 ow
337 2800 392 2820 «m-
409 2786 492 2826 quod
507 2787 578 2817 ferri
595 2793 723 2826 poterat,
747 2788 801 2819 sed
815 2789 876 2819 ele-

152 2835 335 2875 gantissimo
360 2837 451 2876 po'e'ta
467 2838 558 2868 unice
583 2838 679 2878 digna
704 2845 750 2869 est
775 2846 879 2870 nostra

152 2886 310 2917 divinatio.
366 2889 502 2920 Pulchre
534 2891 675 2921 Avienus
703 2892 760 2922 sub
789 2891 878 2922 initio

157 2939 245 2967 Arat.
256 2939 356 2976 phaen.
372 2941 410 2970 de
425 2942 517 2973 Jove:

248 3006 298 3031 Flos
308 3010 335 3033 et
343 3008 434 3039 flamn·
441 3018 452 3024 ⁴
462 3011 571 3039 anisnae.

926 818 1036 857 Porro,
1062 818 1142 849 illud
1169 826 1342 861 λαμπτῆρος
1371 817 1530 857 Euripidis
1555 817 1654 849 unde-

924 881 1047 911 quaque
1072 871 1262 910 inculpabile
1286 877 1343 909 est,
1371 876 1401 900 et
1427 881 1475 900 res
1498 871 1565 910 ipsa
1579 870 1657 900 citra

924 923 1130 952 morosiorem
1145 924 1311 953 verborum
1334 922 1534 962 singulorum
1565 932 1654 952 exac-

925 974 1044 1006 tionem
1058 975 1131 1004 satis
1146 974 1319 1004 illustratur
1333 973 1480 1005 Pindaro.
1514 974 1657 1005 Similem

927 1033 1092 1068 λαμπ-τηρα
1114 1032 1196 1056 recte
1211 1026 1385 1065 pastoribus
1401 1027 1586 1067 Virgilianis
1601 1026 1653 1058 de-

926 1078 1037 1116 derim,
1053 1089 1120 1119 geo.
1138 1079 1170 1109 ii.
1185 1083 1257 1109 503.

956 1148 1023 1170 Nam
1035 1154 1108 1178 saepe
1118 1147 1231 1171 incautis
1243 1147 1390 1178 pastoribus
1402 1147 1504 1171 excidit
1514 1147 1593 1179 ignis,

956 1188 988 1210 Et
1000 1190 1090 1211 totum
1102 1186 1217 1211 involvit
1230 1186 1346 1210 flammis
1357 1192 1493 1210 nemus—.

927 1252 1107 1283 Blattianus
1124 1253 1263 1292 Capella,
1278 1253 1316 1283 vi.
1334 1257 1383 1283 21.

965 1331 1064 1361 Tuque
1074 1330 1139 1363 ignis
1146 1331 1196 1361 flos
1207 1338 1244 1361 es,
1255 1330 1320 1356 cluis
1331 1333 1359 1356 et
1370 1331 1518 1358 flamm-m
1529 1326 1617 1356 Δθηνη.

927 1389 1045 1428 Atque,
1083 1389 1168 1419 haud
1204 1389 1327 1430 vulgari
1363 1400 1437 1420 cum
1484 1394 1656 1428 venustate,

928 1439 1050 1469 Marius
1066 1441 1186 1477 Victor,
1204 1441 1237 1471 in
1252 1452 1323 1482 gen.
1338 1441 1358 1472 i.
1376 1445 1425 1473 98.

957 1508 1241 1538 Astraque‚-distinctis
1252 1509 1355 1534 coemm
1366 1508 1505 1540 pingentia
1515 1508 1601 1538 zonis,

959 1550 1068 1574 Floribus
1080 1550 1190 1574 aether-iis
1198 1550 1284 1575 varios
1295 1551 1399 1575 vibrare
1410 1550 1521 1575 colores.

926 1609 1052 1639 Addam
1070 1610 1189 1649 Orphei
1212 1610 1437 1650 fragmentum,
1462 1609 1547 1648 apud
1575 1609 1653 1639 Pro·

924 1660 1010 1690 clum
1040 1661 1073 1690 in
1099 1661 1273 1699 Timaeum,
1299 1661 1353 1692 lib.
1377 1661 1420 1691 iii.
1446 1671 1474 1700 p.
1505 1663 1575 1690 157.
1605 1658 1654 1689 ed.

927 1712 997 1742 Bas.
1013 1712 1056 1741 sic
1072 1718 1106 1742 ut
1122 1712 1201 1742 illud
1217 1712 1435 1752 castigandum
1450 1716 1539 1750 puto:

925 1782 991 1809 Euflev
1006 1784 1054 1808 ΔΗ
1071 1784 1180 1819 θρωσκει
1195 1793 1283 1815 γενεῦ-ις
1296 1788 1459 1809 wolva-rotza&
1470 1783 1538 1811 ὑλης’

926 1831 992 1857 Ενθεν
1002 1841 1135 1866 συρομενος,
1145 1842 1262 1866 xpm-vap,
1275 1831 1378 1866 ωμυδρε
1387 1831 1502 1855 ΠΥΡΟΣ
1513 1827 1644 1858 ΑΝΘΟΣ.

926 1880 1074 1905 ΚΟΣΜΟΥ
1086 1880 1315 1904 ΕΝῙΘΡΩΣΚΩΝ
1327 1883 1478 1910 actumst-Mt.

929 1942 969 1971 In
994 1941 1090 1980 libris,
1121 1942 1307 1985 αδκθρωσκει·
1340 1941 1425 1971 unde
1440 1940 1561 1977 tritici,
1589 1939 1671 1973 αιδην

925 1996 1061 2036 θρωσκειι
1087 1994 1141 2024 sed
1164 1994 1267 2033 potius
1286 1993 1472 2024 crediderim
1491 1991 1655 2032 negligen-

925 2053 989 2076 tem
1005 2046 1137 2076 scribam
1154 2046 1308 2076 similium
1323 2046 1478 2076 ductuum
1493 2043 1655 2074 nimietate

926 2097 1104 2136 peccavisse.

926 2151 1008 2180 Cum
1044 2150 1201 2180 locutione
1237 2161 1310 2180 vero
1347 2163 1442 2189 zoa-pos
1479 2156 1651 2188 κοιλωμασι,

923 2202 1100 2232 committas
1118 2202 1234 2232 Carum
1250 2208 1404 2236 nostrum,
1421 2202 1459 2231 iv.
1480 2204 1516 2231 17
1521 2204 1549 2230 2.

1151 2097 1193 2127 Et
1217 2097 1324 2137 vulgo,
1352 2110 1465 2136 καθ-μων
1493 2098 1652 2138 ενθρωσκων.

1102 2276 1213 2302 magnas
1224 2269 1277 2293 coeli
1288 2269 1425 2300 conplesse
1435 2272 1575 2291 cavernas.

925 2335 1013 2364 Hinc
1041 2340 1147 2364 autem
1178 2332 1328 2372 percipias
1354 2331 1438 2362 Flori
1465 2333 1652 2363 venustates,

923 2386 970 2416 ad.
987 2386 1006 2416 i.
1023 2390 1072 2416 2⁶2.
1091 2390 1117 2415 1.
1148 2389 1169 2402 “
1189 2385 1267 2414 Haec
1289 2389 1336 2413 est
1350 2381 1487 2412 secunda
1505 2386 1578 2410 aetas
1593 2389 1648 2417 po-

925 2436 1029 2475 “puli
1062 2436 1212 2473 Romani,
1242 2442 1274 2465 et
1307 2434 1395 2475 quasi
1425 2430 1646 2463 adolescentia:

925 2492 946 2506 ‘⁴
961 2488 1023 2528 qua
1052 2487 1190 2517 maxime
1214 2489 1322 2526 viguit,
1353 2491 1384 2515 et
1412 2483 1548 2524 quodam
1567 2482 1652 2521 flore

921 2542 944 2556 “
959 2539 1082 2568 virtutis
1096 2538 1220 2575 exarsit,
1230 2548 1266 2567 ac
1277 2537 1402 2567 ferbuit:
1431 2537 1487 2571 ita,
1504 2544 1572 2573 φησι
1583 2533 1649 2562 ine-

921 2585 945 2607 “
960 2595 1016 2625 rat,
1039 2589 1183 2630 quaedam
1198 2588 1301 2618 adhuc
1321 2597 1359 2617 ex
1382 2585 1555 2625 pastoribus
1576 2582 1650 2613 feri-

924 2643 945 2658 “
961 2646 1016 2676 taS,
1032 2640 1182 2680 quiddam
1197 2640 1331 2678 spirabat
1345 2635 1567 2668 indomitum.“
1599 2634 1650 2664 Sic

922 2691 1109 2733 legendum:
1135 2692 1242 2732 vulgo,
1268 2692 1378 2725 virum
1413 2689 1570 2729 eleganter
1596 2697 1651 2726 per

923 2755 966 2782 se,
1004 2745 1069 2782 sed,
1106 2755 1146 2773 an
1176 2746 1305 2774 maxime
1342 2744 1436 2773 viruit
1473 2741 1651 2781 elegantem

921 2797 1101 2835 scriptorem
1126 2795 1245 2832 deceat,
1268 2793 1356 2824 valde
1370 2793 1488 2824 dubito.
1534 2794 1585 2823 De
1601 2794 1650 2823 his

922 2854 1027 2877 autem
1053 2847 1179 2876 vocibus
1204 2845 1398 2885 permutatis,
1428 2845 1498 2875 vide
1524 2845 1564 2875 ad
1587 2856 1648 2876 ver.

923 2901 994 2929 675.
1010 2908 1110 2937 supra.
1157 2897 1206 2927 Sic
1221 2897 1340 2935 Livius,
1361 2897 1381 2927 i.
1397 2901 1448 2930 57.
1475 2903 1493 2915 “
1512 2897 1545 2927 Si
1565 2899 1649 2936 vigor

922 2949 1087 2989 “juventae
1115 2950 1233 2982 inest:'’
1271 2957 1303 2982 et
1332 2951 1497 2989 Horatius,
1528 2950 1577 2980 od.
1606 2949 1646 2979 iv.

922 3006 951 3032 4.
974 3005 1004 3033 5.

878 3062 942 3093 L2
