1894 3253
175 253 238 294 64

686 240 747 288 T.
789 234 1168 288 LUCRETII

318 375 608 434 Ingenteisque
628 371 712 412 ruit
730 369 884 419 naveis,
907 376 948 410 et
967 367 1109 409 nubila
1128 365 1283 416 differt3

319 450 550 498 Interdum,
570 445 718 502 >rapido
738 458 983 501 percurrens
1004 442 1184 492 turbine,
1208 453 1377 495 campos

199 529 282 568 275
315 523 546 566 Arboribus
565 521 726 578 magnis
747 520 906 569 sternit,
928 518 1185 573 monteisque
1205 528 1417 571 supremos

321 596 556 654 Sylvifragis
575 603 696 637 vexat
719 594 873 635 flabris:
905 593 964 634 ita
983 591 1157 647 perfurit
1177 589 1263 631 acri

465 754 570 783 patruae
581 750 691 775 verbera
702 749 813 781 linguae.

178 804 239 836 Sed
249 800 417 842 'elegantiis
431 801 594 840 poetarum
609 800 685 830 hinc
700 798 847 829 derivatis
856 798 904 828 in-

174 855 257 887 finiti
272 854 351 884 foret
366 853 468 892 operis
482 851 650 882 studiosius
670 849 843 880 immorari:
871 849 905 879 in

175 907 308 938 transitu
322 912 428 936 tamen
443 915 548 935 versus
559 902 686 933 scitulos
697 901 855 931 Victorini
867 900 906 930 de

174 959 322 990 fratribus
339 956 560 994 Macchabaeis,
582 965 642 985 ver.
665 957 738 984 500.
755 952 903 982 emenda-

175 1012 292 1043 bimus:

208 1078 262 1110 Qui
272 1077 340 1109 regis
350 1075 495 1108 imperium
505 1074 579 1104 coeli,
589 1077 736 1104 terraeque,
746 1072 894 1103 marisque3

209 1119 300 1144 Sidera
311 1118 357 1149 qui
367 1117 453 1147 coeli5,
465 1116 510 1147 qui
521 1117 566 1139 das
577 1114 725 1139 animantia
735 1113 822 1143 terris,

209 1161 369 1192 AEquoribus
378 1159 471 1191 pisces,
479 1162 599 1187 ventum,
606 1157 652 1188 qui
660 1156 787 1184 verberet,
794 1153 906 1178 auris—.

178 1211 288 1250 Vulgo
303 1208 534 1244 circumfertur,
552 1207 685 1236 verberat
700 1214 804 1234 auras.
841 1201 910 1231 Nos

178 1266 258 1296 bene
267 1262 434 1303 conjecisse
443 1261 539 1291 fidem
549 1260 642 1290 faciet
653 1258 718 1298 ipse
728 1257 906 1294 Lucretius,

179 1317 220 1347 vi.
240 1319 308 1346 114.

547 1371 706 1401 chartasque
717 1369 848 1394 volanteis

196 1416 339 1442 Verberibus
348 1414 436 1439 ventei
444 1418 561 1443 versant,
568 1413 754 1445 planguntque
761 1419 809 1444 per
817 1419 908 1436 auras.-

181 1473 213 1499 εἰ
228 1465 360 1503 ibidem,
375 1474 435 1495 ver.
451 1467 524 1494 566.

439 1522 526 1547 ventis
536 1521 695 1546 furibundus
708 1520 821 1545 fluctuet
834 1520 888 1544 αέν.

221 1577 297 1607 Ver.
321 1579 392 1606 273.
415 1572 534 1615 differt.-
568 1573 609 1603 V.
639 1571 686 1602 ed.
710 1572 811 1612 aufert
819 1586 830 1607 ;
871 1577 911 1601 Π.

182 1628 286 1669 ἀξίὲνί.

225 1677 306 1708 Ibid.
322 1678 404 1707 ruit:
430 1676 452 1706 i.
470 1687 496 1707 e.
518 1675 651 1714 subruit,
675 1674 792 1705 evertit.
837 1674 911 1705 Vir-

181 1730 287 1772 gilius,
306 1730 380 1759 AEn.
396 1729 416 1758 i.
433 1730 483 1758 85.

245 1798 394 1822 Incubuere
405 1795 481 1825 mari,
493 1799 638 1825 totumque
649 1800 665 1818 a
675 1794 780 1818 sedibus
790 1793 851 1818 imis

246 1836 307 1861 Una
319 1837 456 1866 Eurusque
469 1836 606 1863 Notusque
617 1836 739 1857 ruutzt—.

184 1899 289 1934 Forte,
311 1902 441 1929 εονιιιπις
469 1903 499 1924 et
520 1893 606 1923 idem
630 1893 822 1923 Marklando
847 1891 913 1931 pla-

183 1948 260 1985 cuit,
289 1946 330 1977 ad
360 1957 388 1985 p.
415 1948 464 1976 52.
496 1944 582 1983 epist.
607 1943 675 1974 crit.
702 1944 756 1984 qui
782 1943 915 1974 omnino

185 1998 351 2030 adeundus
366 2003 420 2027 est.
468 1996 560 2026 Idem
577 1997 785 2031 Mantuanus,
808 2005 876 2035 geo.
892 1995 913 2024 i.

189 2055 257 2083 105.

322 2108 488 2139 cumulosque
498 2108 552 2132 ruit
562 2107 633 2132 male
645 2106 750 2139 pinguis
761 2112 861 2130 arenae.

187 2167 208 2195 ‘5
224 2162 358 2200 Evertit,
374 2161 541 2200 dissipatz''
569 2161 700 2191 Servius.

231 2215 313 2246 Ibid.
329 2216 436 2245 nubila
452 2214 571 2255 differt:
596 2214 616 2244 i.
633 2224 658 2244 e.
682 2213 916 2252 dissipat—dis.

183 2268 261 2309 jicit.
299 2267 426 2298 Ennius
440 2266 473 2296 in
491 2265 696 2296 Andromeda
714 2266 798 2304 apud
814 2266 914 2296 Noni-

188 2332 254 2357 um,
271 2331 345 2351 voce
357 2321 527 2351 visceratim
535 2334 545 2350 .-

414 2401 471 2426 Alia
483 2401 580 2425 fluctus
590 2400 684 2432 differt,
696 2401 822 2432 dissupat,

219 2441 375 2467 Visceratim
387 2440 497 2465 membra
507 2449 515 2465 .·
532 2441 617 2465 maria
627 2447 712 2471 sparsa
722 2443 841 2471 spumant
858 2446 915 2464 san-

310 2488 401 2513 gume.

192 2552 242 2582 Sic
258 2552 386 2582 fortasse
400 2552 435 2582 in
450 2552 622 2583 trocha'icos
645 2552 678 2581 hi
699 2562 806 2582 versus
829 2551 915 2592 dige-

190 2603 279 2632 rendi
301 2610 389 2634 sunt:
416 2603 527 2634 malim
549 2609 656 2633 tamen
670 2606 795 2640 sudant,
818 2609 918 2633 metro

191 2654 371 2692 consulens;
394 2661 430 2685 ut
445 2655 529 2686 idem
545 2655 670 2686 Ennius
685 2655 769 2695 apud
781 2655 917 2686 eundem

190 2706 444 2746 grammaticum,
457 2717 531 2737 voce
545 2709 640 2738 sonit:

191 2765 240 2789 ,ΛΕ-τ
247 2763 328 2793 scuit,
339 2762 500 2795 franguntur
510 2766 607 2797 hastae,
618 2770 689 2791 terra
697 2766 774 2791 sudat
781 2774 829 2791 -san
829 2766 916 2799 guine.

191 2813 288 2850 Quod
302 2824 403 2854 neque
419 2815 589 2846 Nicolaiim
605 2818 630 2847 F
631 2818 743 2848 abrum
758 2817 860 2854 latuit,
878 2818 920 2847 sic

189 2864 361 2906 legendum
377 2870 431 2896 est.
458 2866 576 2907 Vulgo,
594 2872 615 2887 “
629 2870 672 2900 Et
684 2869 795 2900 sonit.”
814 2869 919 2908 Maro,

189 2928 259 2959 geo.
274 2917 317 2950 iii.
334 2920 406 2951 197.

966 746 1067 778 Qualis,
1078 742 1255 776 Hyperboreis
1267 741 1363 773 Aquilo
1373 748 1458 772 quum
1468 741 1563 766 densus
1571 742 1604 765 ab
1614 741 1665 766 oris

966 785 1100 814 Incubuit,
1113 783 1287 816 scythiaeque
1298 781 1406 812 hiemis,
1415 785 1498 812 atque
1509 781 1582 806 arida
1592 780 1679 813 differ?

964 824 1067 849 Nubila.

992 899 1069 930 Ver.
1088 901 1159 929 274.
1182 898 1290 937 rapido
1307 897 1445 926 turbine.-
1464 902 1501 926 ut
1513 894 1680 937 Virgilius,

951 953 1026 982 AEn.
1042 951 1094 980 xii.
1111 953 1183 981 855.
1206 951 1300 980 celeri
1314 950 1445 978 turbine.

992 1006 1068 1035 Ver.
1082 1008 1121 1035 27
1125 1006 1154 1035 5.
1168 1006 1295 1034 sternit:
1310 1003 1400 1033 codd.
1411 1003 1541 1043 quidam
1551 1004 1683 1034 Heinsii

951 1057 1077 1098 Piique,
1092 1058 1176 1087 saevz't
1184 1070 1194 1091 ;
1218 1055 1344 1085 voluere
1359 1065 1473 1094 nempe
1488 1057 1574 1093 sevit,
1587 1065 1685 1096 quam

952 1110 1120 1140 lectionem
1146 1108 1245 1139 codex
1270 1107 1407 1137 Vindob.
1433 1107 1570 1145 exhibet,
1595 1117 1684 1137 occa-

954 1161 1035 1190 sioni
1052 1160 1159 1190 minus
1175 1159 1346 1189 efficacem:
1374 1158 1558 1198 corruptelae
1580 1165 1688 1189 tamen

953 1225 1094 1245 caussam
1104 1214 1182 1243 mihi
1192 1212 1433 1252 deprehendisse
1443 1213 1558 1244 videor.
1583 1213 1685 1253 Scrip-

955 1267 994 1297 sit
1009 1266 1126 1296 scilicet
1140 1265 1322 1296 Lucretiu&

1046 1333 1190 1358 Arboribus
1201 1332 1310 1364 magnis
1322 1331 1433 1356 stravit.-

954 1394 1029 1414 nam
1050 1388 1190 1422 tempore
1212 1381 1367 1420 praeterito
1389 1381 1455 1410 vim
1485 1379 1683 1411 subitaneam

954 1441 1046 1476 atque
1075 1433 1394 1465 tumultuosissimam
1424 1432 1590 1471 scriptores
1620 1431 1683 1462 ele-

955 1486 1130 1527 gantissimi
1152 1485 1254 1515 solent
1273 1484 1459 1525 depingere:
1487 1483 1557 1514 vide
1579 1493 1631 1513 me
1653 1483 1688 1513 in

958 1539 1031 1569 Silv.
1057 1538 1136 1569 Crit.
1154 1537 1174 1567 i.
1197 1547 1248 1576 pp.
1267 1540 1317 1574 16,
1338 1538 1386 1567 17.
1410 1535 1499 1566 Hinc
1515 1534 1687 1576 Virgilius,

956 1600 1024 1631 geo.
1040 1590 1061 1620 i.
1079 1592 1151 1620 550.
1167 1593 1365 1628 pervenuste:

1306 1679 1360 1704 quo
1370 1677 1505 1696 maxuma
1515 1673 1594 1696 motu

1018 1717 1105 1740 Terra
1115 1714 1224 1740 tremit:
1233 1714 1328 1745 sugere
1339 1712 1416 1738 ferae.

957 1774 1032 1805 Non
1057 1773 1119 1803 alia
1140 1779 1186 1803 est
1207 1771 1349 1802 lautioris
1371 1769 1521 1801 orationis
1536 1769 1686 1806 formula,

956 1835 1026 1866 quae
1041 1824 1075 1854 in
1090 1822 1362 1863 reprehensionem
1386 1828 1481 1862 atque
1496 1820 1687 1860 importuni-

958 1883 1055 1907 tatem
1085 1875 1332 1906 semihominum
1368 1873 1539 1904 scribarum
1568 1872 1694 1902 facilius

958 1928 1143 1958 incurreret:
1172 1926 1256 1956 unde
1273 1925 1336 1956 veri
1351 1925 1442 1955 valde
1457 1924 1595 1954 similem
1610 1924 1694 1953 hanc

959 1979 1170 2018 conjecturam
1186 1983 1273 2016 puto.
1325 1976 1417 2007 Certe
1438 1976 1513 2005 hinc
1529 1975 1689 2015 corrigen-

959 2029 1038 2059 dum
1062 2034 1109 2058 est
1127 2026 1310 2058 Germanici
1329 2027 1545 2066 fragmentum
1564 2025 1599 2054 in
1623 2024 1693 2054 An-

960 2078 1035 2108 thol.
1051 2079 1122 2108 Lat.
1138 2079 1249 2108 Burm.
1265 2087 1292 2106 v.
1309 2080 1360 2107 51.

991 2163 1095 2194 Jupiter
1106 2166 1146 2187 est
1158 2161 1202 2186 illo
1215 2161 1294 2186 laetus
1306 2167 1387 2192 mage,
1399 2159 1476 2184 sicubi
1487 2159 1546 2184 solis

991 2204 1093 2228 Vitavit
1104 2203 1226 2226 flammas
1237 2201 1345 2234 proprio
1355 2202 1424 2225 bene
1436 2200 1541 2224 lucidus
1553 2206 1614 2225 ore:

992 2248 1045 2271 Nec
1058 2253 1138 2278 pecus
1150 2246 1176 2270 in
1189 2245 1249 2270 fetu
1259 2244 1344 2269 fallit:
1364 2251 1434 2268 nova
1445 2242 1524 2267 turba
1535 2245 1647 2274 repente

993 2285 1087 2317 Mugiit
1099 2292 1113 2309 e
1124 2284 1242 2314 stabulis,
1254 2284 1308 2308 alto
1319 2283 1419 2307 halavit
1433 2282 1505 2307 ovili.

960 2360 1079 2401 Vulgo,
1092 2362 1200 2400 magis,
1211 2362 1260 2390 hic
1274 2360 1336 2396 ubi,
1349 2364 1380 2388 et
1391 2359 1516 2397 mugiet.
1533 2357 1692 2387 Burman-

960 2423 1020 2442 nus
1044 2418 1203 2442 mutatum
1224 2412 1288 2442 ibat
1313 2412 1426 2441 halavit
1452 2410 1486 2439 in
1508 2411 1634 2446 balabc't,
1657 2414 1695 2438 ut

960 2468 1102 2502 tempora
1116 2467 1339 2503 congruerent:
1366 2460 1541 2491 infeliciter.
1588 2460 1692 2490 Cona-

960 2521 1011 2545 tus
1026 2521 1131 2545 noster
1147 2515 1287 2555 scriptori
1298 2520 1430 2544 venusto
1439 2513 1533 2553 longe
1545 2511 1692 2541 conveni-

961 2567 1070 2597 entior.
1132 2566 1194 2596 Sed
1223 2565 1406 2604 exemplum
1435 2562 1596 2603 pulchrius
1625 2571 1691 2590 non

961 2617 1088 2657 legitur,
1113 2627 1214 2657 neque
1229 2615 1496 2647 observationibus
1518 2611 1631 2642 nostris
1652 2610 1691 2640 il-

962 2667 1130 2698 lustrandis
1160 2668 1276 2708 apfius,
1305 2677 1401 2708 quam
1430 2674 1531 2696 unum
1555 2661 1693 2693 Achillis

962 2718 1057 2755 Tatii,
1073 2719 1093 2749 i.
1105 2723 1134 2749 5.
1151 2719 1201 2749 ed.
1218 2719 1341 2750 Boden.
1379 2724 1413 2749 To
1429 2729 1482 2756 μεν
1498 2715 1692 2757 γαρεξαιφνης

963 2773 1052 2813 αέροον
1068 2784 1118 2801 και
1133 2769 1341 2813 ατροςδοκκτον
1353 2774 1509 2800 affluent
1523 2779 1574 2798 ‘em
1586 2766 1694 2803 ψυχὴν

963 2829 1041 2862 αφνω
1052 2834 1215 2864 προσεῖπον,
1226 2835 1275 2852 και
1290 2820 1579 2851 ΚΑΤΕΒΑΠΤΙΣΕ.
1599 2814 1690 2854 ‘Dig-

964 2882 1024 2902 nus
1039 2879 1085 2902 est
1099 2872 1206 2910 etiam,
1221 2871 1276 2912 qui
1291 2876 1322 2900 et
1335 2869 1387 2900 hic
1401 2868 1536 2910 legatur,
1547 2866 1691 2907 princeps

964 2923 1138 2963 poetarum,
1156 2922 1197 2954 11.
1214 2928 1242 2954 P.
1258 2923 1308 2953 58.
