1894 3253
776 264 835 310 T.
883 261 1268 312 LUCRETII

409 401 498 442 Nec
519 406 672 439 tenerae
693 395 846 445 salices,
881 402 1003 450 atque
1021 393 1179 445 herbae,
1212 410 1307 436 rore
1326 396 1524 453 vigentes,

408 473 680 528 Fluminaque
700 471 768 512 illa
788 478 959 526 queunt,
993 470 1161 511 summis
1180 469 1360 512 labentia
1380 470 1495 526 ripis,

262 644 333 675 que,
357 633 414 662 hac
428 642 504 662 usus
525 629 697 666 occasione,
721 635 803 659 recte
819 626 987 659 constitue-

263 697 334 716 mus
349 691 379 715 et
394 683 569 724 explicitam
581 682 726 713 dabimus
742 680 896 721 Hesychii
907 679 988 720 glos-

261 748 342 775 sam,
373 742 551 775 corruptam
580 736 869 773 conturbatamque:
908 733 989 762 Βεζα-

265 796 394 828 amasios·
408 792 673 824 ΒΕΒΛΗΜΕΝΟΣ,
687 800 702 819 n
716 798 892 827 τετρωμενος.
909 785 928 823 †
942 790 989 813 Βε-

264 841 443 879 ξελευμενος·
455 852 633 881 ππορημενος,
649 849 870 879 τεταραγμενος.
902 833 990 864 Mul-

263 903 296 926 ta
314 895 351 925 de
366 895 425 923 hoc
440 902 553 933 genere
564 901 595 920 se
607 890 710 920 statim
722 888 812 918 nobis
826 887 987 926 ingerunt:

264 948 318 978 sed
340 958 376 977 ea
398 945 482 976 curis
504 943 582 974 meis
607 943 640 972 in
666 942 792 971 Graecos
817 939 989 978 lexicogra-

264 1001 353 1040 phos,
378 998 449 1028 Deo
464 995 597 1032 volente,
620 993 718 1024 serius
740 1002 835 1031 ocyus
849 989 989 1029 proditu-

263 1051 316 1088 ris,
330 1048 475 1080 reservari
485 1046 602 1077 malim.
650 1043 789 1075 Accedat
800 1047 907 1072 autem
920 1041 990 1071 Ho-

263 1103 370 1138 ratius,
386 1101 434 1131 od.
446 1100 485 1130 iv.
496 1103 526 1131 5.
540 1101 591 1129 15.
600 1098 710 1127 .Fabro
720 1106 785 1125 non
799 1093 984 1132 praeteritus:

419 1174 471 1204 Sic,
487 1171 615 1197 desideriis
627 1171 676 1194 icta
688 1169 819 1197 fidelibus,

451 1212 556 1244 Quaer'it
567 1211 653 1243 patria
665 1210 810 1233 Caesarem.

265 1274 306 1303 In
322 1272 445 1313 generis
459 1269 600 1310 ejusdem
616 1266 834 1302 similitudine,
858 1264 991 1304 proclive

265 1330 312 1354 est
326 1323 446 1362 opinari
465 1321 609 1357 Statium,
633 1318 672 1348 ad
684 1318 782 1348 Theb.
794 1326 821 1346 v,
837 1319 909 1346 534.
925 1315 990 1344 Lu-

266 1375 352 1406 cretii
367 1382 540 1404 memorem
556 1370 719 1401 exstitisse:

297 1450 322 1473 It
333 1452 461 1472 truncum
474 1446 641 1470 sinehonore
658 1450 754 1475 pecus;
772 1447 918 1473 regemque
934 1445 993 1470 per-

372 1491 496 1519 emptum

297 1530 355 1559 Ipse
366 1533 440 1558 ager,
454 1526 503 1557 ipsi
514 1532 616 1553 amnes,
633 1527 661 1548 et
680 1526 758 1547 muta
777 1524 901 1545 armenta
912 1518 994 1551 requi-

373 1569 441 1590 runt.

265 1632 284 1661 i.
302 1642 327 1661 e.
353 1633 376 1648 “
391 1631 539 1660 desiderio
550 1629 663 1670 pmfixi
680 1624 842 1665 cupiunt.”
870 1623 919 1653 Sic
936 1633 991 1661 op-

265 1683 342 1713 time
357 1682 472 1722 legitur
495 1681 528 1710 in
549 1679 654 1710 codice
681 1678 753 1708 MS.
781 1675 897 1706 Musaei
921 1673 992 1704 Bri-

266 1733 395 1771 tannici,
419 1731 515 1763 seculi
531 1731 583 1761 xii.
599 1740 655 1770 pro
670 1729 798 1769 vulgato
813 1732 992 1768 queruntur.

267 1785 449 1817 Scribonius
471 1785 603 1824 Largus,
627 1789 697 1812 sect.
715 1783 853 1813 194.-“
871 1790 887 1809 e
902 1778 992 1808 vesti-

266 1841 290 1856 “
307 1837 361 1878 gio
376 1837 435 1866 ciet
450 1838 577 1866 dolorem
599 1833 745 1863 omnium
760 1833 994 1862 interaneorum

268 1892 290 1907 “
307 1888 479 1925 infinitum,
510 1893 539 1917 et
569 1886 652 1915 velut
681 1886 737 1915 telo
767 1880 994 1923 trajectorum.’'

269 1944 318 1972 Ac
341 1940 483 1970 conferas
506 1938 640 1978 denique
656 1942 798 1966 nostrum
820 1941 851 1964 et
866 1944 933 1969 nos,
955 1932 995 1962 ad

267 1993 310 2023 ifi.
325 1997 398 2023 506.
415 2002 489 2022 cum
500 1989 742 2030 exquisitissimo
757 1986 891 2017 Arnobii
900 1999 993 2017 αποσ-

270 2055 441 2082 πιισματιῳ,
464 2041 536 2071 ibid.
554 2042 610 2070 sub
626 2050 686 2070 ver.
704 2042 775 2069 661.

311 2095 386 2124 Ver.
400 2096 472 2124 561.
489 2094 575 2123 ZVec:
604 2098 643 2121 Π.
663 2092 899 2129 A⁷e.—v1'gentes
907 2103 916 2118 .·
945 2089 992 2119 M.

266 2148 393 2181 ciente&
421 2143 612 2178 Macrobius,
638 2142 764 2171 Saturn.
786 2141 825 2170 vi.
842 2145 870 2170 2.
892 2142 991 2171 viren-

265 2204 322 2234 tes;
348 2196 435 2237 quasi
450 2196 561 2236 legerit
574 2194 712 2232 insuper:

525 2273 607 2299 atque
617 2267 721 2296 herbae,
729 2265 794 2296 flore
804 2265 935 2290 virentes.-

268 2334 377 2365 redeas
405 2333 445 2363 ad
468 2332 546 2362 mihi
573 2330 715 2370 superius
737 2335 843 2359 notata
868 2330 902 2359 in
932 2341 992 2360 ver.

268 2392 341 2421 519.
367 2387 462 2418 Silius
475 2385 605 2416 Italicus
614 2395 677 2415 non
690 2384 790 2422 aliter,
806 2384 890 2414 Pun.
904 2384 925 2413 i.
940 2386 992 2414 61.

682 2458 721 2482 his
731 2465 821 2489 super,
838 2457 893 2481 azri

330 2502 398 2526 Flore
409 2501 510 2531 virens,
527 2504 589 2525 avet
602 2502 757 2531 AEgates—:

270 2571 302 2596 et
318 2566 446 2603 Seneca,
471 2564 557 2595 Med.
576 2567 647 2594 717.

300 2636 489 2668 Quodcunque
501 2641 613 2667 gramen
616 2634 682 2665 flore
692 2634 834 2659 mortifero
846 2634 925 2658 viret.

272 2696 324 2725 De
353 2695 537 2735 permutatis
570 2700 676 2725 autem
703 2693 829 2724 vocibus
858 2696 936 2724 vireo
968 2698 999 2723 et

271 2748 353 2786 vigeo
379 2748 413 2776 in
439 2746 649 2786 superioribus
674 2745 828 2776 nonnulla
855 2755 996 2775 occurre-

272 2803 359 2827 runt:
386 2798 455 2827 vide
471 2798 489 2828 i.
507 2800 578 2829 675.
595 2801 666 2828 899.
690 2803 722 2826 at
743 2797 872 2836 receptis
887 2796 998 2827 suffra-

274 2854 366 2889 gatur
381 2848 546 2888 Virgilius,
569 2848 625 2878 ecl.
644 2847 708 2878 viii.
729 2851 775 2879 15.

305 2916 376 2940 Cum
387 2922 427 2938 ros
438 2914 464 2938 in
475 2914 580 2944 teneri,
593 2915 674 2946 pecori
681 2914 852 2946 gratissimus,
868 2914 952 2939 herba.

1032 627 1081 657 sui
1095 637 1201 657 versus
1216 627 1309 668 longe
1320 626 1477 667 longeque
1486 625 1677 656 mellitorum
1692 635 1758 656 car-

1033 678 1159 709 minum
1173 679 1407 717 mellitissimos,
1423 677 1571 708 omnibus
1585 677 1706 717 ingenii
1715 677 1761 707 vi-

1033 730 1119 760 ribus
1134 731 1293 768 connisus,
1316 730 1495 760 felicissime
1518 729 1684 759 aemulatus
1699 735 1763 759 est:

1034 780 1242 821 adaequavisse
1256 787 1362 811 tamen
1377 781 1428 810 vix
1443 780 1545 811 ausim
1561 779 1680 817 dIcere3
1695 789 1761 810 cer-

1035 838 1066 862 te
1083 843 1147 862 non
1163 833 1369 872 exsuperavit:
1396 842 1465 873 geo.
1482 832 1525 862 iii.
1541 834 1613 863 520.

1067 907 1127 930 Non
1149 905 1255 929 umbrae
1276 905 1394 929 altorum
1414 911 1569 934 nemorum,
1596 911 1652 929 non
1673 904 1766 929 mollia

1142 949 1254 975 possunt

1064 986 1140 1008 Prata
1157 990 1268 1008 movere
1284 983 1406 1008 animum
1415 991 1423 1013 ;
1441 989 1496 1007 non
1509 983 1565 1014 qui,
1582 991 1630 1015 per
1641 991 1707 1008 saxa
1718 990 1765 1008 vo-

1142 1023 1224 1053 lutus,

1064 1063 1155 1088 Purior
1165 1064 1276 1093 electro,
1293 1070 1421 1095 campum
1432 1063 1502 1095 petit
1512 1063 1607 1087 amnis.

1034 1130 1115 1159 Haec
1137 1129 1185 1159 vel
1207 1127 1404 1159 Lucretianis
1428 1126 1503 1165 ipsis
1517 1126 1680 1166 majestate
1701 1124 1763 1155 sal-

1034 1188 1098 1211 tem
1121 1181 1210 1211 nullo
1235 1179 1331 1210 modo
1357 1179 1492 1216 cedunt3
1517 1178 1571 1208 sed
1597 1177 1651 1207 ille
1679 1176 1764 1217 prior

1033 1233 1107 1270 fuit,
1130 1240 1160 1263 et
1176 1233 1208 1262 in
1222 1233 1389 1262 Maronem
1405 1232 1536 1261 fortasse
1547 1228 1675 1267 dixeris,
1696 1228 1764 1258 vio-

1034 1285 1217 1315 lentioribus
1225 1285 1274 1314 his
1285 1284 1446 1315 affectibus
1458 1283 1654 1313 occasionem
1663 1281 1766 1321 ipsam

1035 1346 1087 1365 vix
1104 1343 1178 1366 saus
1193 1336 1367 1366 convenire.

1080 1388 1163 1418 Ibid.
1188 1390 1318 1427 vigentes
1326 1401 1335 1417 .·
1370 1385 1418 1415 vel
1442 1385 1604 1422 recentati,
1626 1383 1766 1420 recreati,

1038 1442 1208 1480 viridique3
1234 1439 1282 1469 vel
1309 1438 1403 1469 etiam
1417 1440 1577 1479 florentes,
1601 1446 1637 1466 ac
1662 1436 1767 1466 niten-

1038 1497 1096 1521 tes:
1133 1490 1203 1520 vide
1228 1500 1289 1520 ver.
1316 1493 1388 1520 519.
1413 1489 1451 1518 iv.
1477 1490 1549 1519 451.
1575 1487 1616 1522 Q.
1645 1486 1768 1524 Cicero,

1039 1541 1122 1582 apud
1139 1543 1259 1572 Auson.
1273 1552 1302 1580 p.
1318 1543 1390 1571 425.
1406 1539 1454 1569 ed.
1471 1539 1586 1578 Delph.
1604 1548 1665 1568 ver.
1685 1542 1733 1570 15.

1035 1627 1127 1650 Teuta
1135 1631 1224 1656 supra,
1235 1623 1370 1654 circaque,
1382 1621 1474 1654 vigent
1482 1621 1528 1645 ubi
1538 1619 1651 1645 culmina
1660 1619 1768 1644 mundi:

1036 1698 1055 1728 i.
1072 1708 1098 1727 e.
1114 1697 1169 1727 ubi
1185 1697 1318 1726 aetherea
1339 1694 1478 1734 fastigia,
1500 1692 1644 1723 florentia
1657 1692 1767 1733 signis,

1037 1749 1265 1789 expanduntur.
1308 1746 1434 1787 Vulgo,
1449 1747 1603 1787 flumina.

1039 1801 1196 1841 Denique,
1213 1806 1292 1830 totos
1310 1798 1382 1829 Cari
1397 1803 1428 1827 et
1444 1796 1589 1826 Maronis
1599 1794 1695 1830 locos,
1711 1804 1768 1834 po-

1038 1853 1188 1883 'e‘ticarum
1204 1852 1368 1881 Venerum
1382 1848 1609 1882 refertissimos,
1633 1855 1700 1875 non
1714 1845 1769 1875 ad-

1039 1905 1139 1944 spexit
1152 1903 1250 1934 oculis
1267 1901 1362 1932 nullis
1379 1900 1507 1938 Statius,
1531 1908 1627 1940 quem
1641 1897 1770 1927 sinceri-

1039 1967 1126 1988 orem
1141 1956 1233 1993 dabo,
1258 1955 1356 1985 Theb.
1373 1953 1411 1983 vi.
1436 1956 1505 1982 186.

1070 2042 1129 2064 Non
1146 2046 1222 2064 secus
1239 2045 1281 2067 ac,
1298 2037 1386 2069 primo
1407 2035 1565 2060 fraudatum
1576 2032 1658 2062 lacte,
1670 2031 1767 2061 juven-

1149 2085 1223 2107 curn,

1068 2119 1119 2144 Cui
1130 2118 1241 2149 trepidae
1254 2116 1331 2145 vires,
1348 2118 1376 2140 et
1386 2114 1456 2138 solus
1467 2113 1500 2137 ab
1510 2112 1593 2136 ubere
1603 2110 1719 2142 sanguis,

1069 2161 1119 2183 Seu
1131 2157 1198 2186 fera,
1214 2163 1260 2181 seu
1272 2156 1351 2179 duras
1361 2153 1456 2178 avexit
1467 2155 1558 2183 pastor
1569 2150 1601 2174 ad
1613 2156 1670 2173 aras
1679 2156 1687 2172 ι

1070 2199 1146 2221 Nunc
1168 2195 1266 2219 vallem
1288 2192 1400 2225 spoliata
1419 2197 1525 2223 parens,
1551 2195 1624 2213 nunc
1656 2188 1769 2213 flumina

1148 2239 1255 2266 questu,

1069 2278 1145 2300 Nunc
1166 2274 1281 2303 arbusta,
1302 2275 1413 2301 movet;
1441 2275 1595 2300 vacuosque
1616 2268 1767 2300 interrogat

1144 2323 1236 2347 agros:

1068 2358 1149 2381 Tunc
1163 2356 1236 2387 piget
1250 2355 1288 2379 ire
1305 2355 1430 2382 domum,
1447 2354 1602 2381 moestoque
1623 2348 1768 2373 novissima

1148 2402 1208 2419 cam
1229 2401 1245 2419 o

1070 2437 1145 2465 Exit,
1161 2440 1188 2460 et
1199 2403 1323 2467 αῗψωὶῑιπ
1335 2434 1448 2465 impasta
1459 2430 1590 2455 avertitur
1601 2428 1705 2453 herbas-

1043 2512 1174 2540 Arbusm
1185 2523 1194 2538 :
1221 2508 1241 2537 i.
1261 2518 1288 2537 e.
1295 2504 1515 2547 frundzferum
1531 2511 1636 2532 nemus
1650 2499 1770 2530 Lucre-

1042 2561 1091 2591 tii:
1117 2560 1223 2600 vulg0‚
1239 2564 1388 2588 armenta.
1435 2554 1580 2585 Similem
1594 2553 1771 2581 commuta-

1041 2615 1160 2644 tionem
1175 2611 1270 2641 modo
1285 2610 1421 2640 vidimus
1445 2606 1485 2637 ad
1507 2615 1567 2636 ver.
1583 2605 1654 2634 345.
1677 2600 1768 2630 Editi

1042 2666 1149 2702 etiam,
1166 2665 1331 2704 oppositas:
1346 2659 1471 2691 insulse.
1513 2653 1662 2687 Fortassis
1674 2652 1768 2682 etiam

1043 2720 1066 2735 “
1083 2719 1179 2746 durus
1203 2713 1337 2754 pastor,’'
1364 2717 1402 2741 ut
1424 2707 1596 2748 Virgilius;
1626 2709 1656 2733 et
1683 2713 1769 2733 error

1041 2769 1081 2799 sit
1095 2767 1292 2798 librariorum
1314 2764 1353 2795 de
1368 2762 1493 2803 syllabae
1514 2755 1718 2798 productione
1734 2755 1768 2785 in

1042 2820 1160 2852 caesura
1175 2819 1291 2849 frustra
1305 2815 1507 2846 solicitorum.

1085 2873 1160 2902 Ver.
1175 2873 1248 2901 562.
1270 2869 1341 2898 illa:
1366 2865 1410 2894 sic
1433 2863 1474 2893 G.
1500 2861 1549 2891 M.
1567 2859 1685 2899 optime
1699 2857 1769 2899 qui-

1043 2924 1127 2961 dem,
1161 2932 1196 2952 ac
1223 2926 1470 2961 νγραφικωτατως,
1503 2919 1539 2944 ut
1567 2911 1647 2942 nihil
1667 2920 1769 2949 supra.

278 2975 448 3013 Caeterum,
471 2974 554 3005 idern
570 2975 768 3006 Mantuanus
790 2976 846 3005 hos
861 2975 1002 3015 magistri
1046 2978 1067 2994 ‘⁶
1086 2973 1146 3004 Illa
1160 2973 1227 3012 ipsa
1238 2969 1369 3001 flumina
1381 2966 1506 3002 scilicet,
1521 2963 1634 3005 quibus
1648 2961 1771 2993 dudum
