1894 3253
667 253 900 304 LIBER
949 253 1257 303 PRIMUS.
1627 259 1715 304 157

362 386 568 428 Percussit
589 387 731 444 thyrso
752 388 882 430 laudis
903 402 992 442 spes
1012 401 1165 445 magna
1183 400 1323 427 meum
1343 399 1429 436 cor,

360 460 416 502 Et
437 462 556 502 simul
575 463 742 504 incussit
763 477 927 504 suavem
947 461 1004 501 mi
1026 462 1069 501 in
1090 469 1234 516 pectus
1256 474 1441 501 amorem

361 535 596 577 Musarum:
629 552 710 592 quo
731 551 842 577 nunc
864 536 1098 584 instinctus,
1121 543 1260 575 mente
1281 534 1436 591 vigenti

241 614 323 651 925
356 610 464 650 Avia
486 610 698 651 Pieridum
718 624 894 666 peragro
914 608 1019 658 loca,
1052 608 1200 649 nullius
1221 616 1316 649 ante

212 765 296 806 quod
311 771 343 795 et
357 765 531 795 Lambinus
547 765 679 796 monuit.
722 766 810 795 Bene
826 765 944 794 interea

211 818 464 857 Havercampus:
493 821 514 836 “
534 817 665 847 Summe
680 816 821 857 elegans!
843 816 942 858 quod-

212 873 235 888 “
251 880 312 910 que
331 869 541 909 pulcherrime
569 869 703 900 illustrat
729 869 809 899 illud
826 868 942 905 Ovidii,

226 995 247 1008 ‘⁶
260 995 298 1018 Ut
310 1000 374 1024 quas
385 993 528 1024 pampinea
544 993 663 1024 tetigisse
674 991 828 1023 Bicorniger
839 991 915 1015 hasta

259 1034 278 1046 “
289 1033 425 1062 Creditur,
437 1032 490 1056 huc
501 1032 577 1062 illuc,
589 1031 642 1063 qui
655 1031 730 1055 furor
741 1031 808 1062 egit,
819 1037 861 1056 eo.

213 1093 235 1108 “
252 1092 359 1126 Quare
383 1102 473 1121 musa
500 1091 597 1121 nostri
620 1090 720 1120 Statio
735 1096 853 1127 notata,
881 1089 944 1119 siIV.

213 1146 234 1161 “
249 1143 281 1173 ii.
298 1147 327 1174 7.
344 1146 394 1174 76.

306 1214 326 1226 “
337 1212 417 1236 Docti
423 1212 505 1243 furor
514 1212 612 1236 arduus
624 1211 764 1235 Lucretii.”

212 1274 326 1313 Porro,
351 1276 417 1305 vice
444 1277 613 1312 Percussit,
641 1274 681 1304 V.
709 1273 757 1303 ed.
784 1274 942 1304 Percursit

211 1327 312 1356 habet.

254 1377 328 1407 Ver.
343 1381 412 1408 995.
428 1377 555 1407 incussit
571 1387 692 1407 suavem
708 1387 849 1406 amorem.
868 1375 943 1405 Non

209 1427 312 1458 multo
326 1427 416 1457 aliter
432 1427 596 1465 Horatius,
614 1426 701 1466 epist.
719 1427 738 1457 i.
758 1431 807 1457 14.
827 1431 878 1457 22.

454 1494 548 1519 fornix
559 1494 608 1518 tibi
619 1498 646 1518 et
658 1497 742 1518 uncta
752 1494 852 1525 popina

254 1534 388 1558 Incutiunt
398 1535 470 1558 urbis
481 1534 647 1559 desiderium:

210 1608 285 1628 nam
301 1597 352 1627 vix
377 1598 517 1628 invenies
532 1597 702 1627 dictionem
729 1599 857 1632 incutio,
884 1596 942 1626 nisi

210 1649 251 1679 ad
281 1659 330 1678 res
358 1649 548 1689 injucundas
572 1654 603 1678 et
629 1649 758 1679 affectus
787 1649 942 1686 inimicos,

210 1700 284 1731 alibi
299 1701 472 1731 adhibitam
479 1713 488 1738 3
513 1701 582 1731 vide
599 1712 692 1740 supra
708 1711 768 1731 ver.
784 1705 835 1731 ΩΟ.

254 1754 329 1783 Ver.
347 1757 417 1784 924.
440 1755 620 1784 instinctus:
648 1753 691 1783 V.
709 1753 758 1783 ed.
777 1754 941 1783 indistinc-

209 1813 267 1837 tus.

256 1857 337 1886 Ibid.
373 1869 430 1897 quo
461 1860 642 1888 instinctus:
685 1868 800 1896 nempe
838 1867 943 1887 amore

213 1909 392 1939 Musarum.
421 1909 495 1938 Non
511 1909 633 1939 alienus
648 1915 694 1939 est
704 1909 823 1939 Valerii
837 1909 941 1939 Maxi-

212 1959 257 1988 mi
272 1959 358 1989 locus
374 1959 413 1989 de
429 1959 574 1997 Platone,
592 1961 611 1990 i.
628 1965 658 1991 6.
676 1960 728 1991 fin.
768 1964 790 1978 “
804 1962 849 1990 At
864 1960 943 1990 mihi

212 2014 235 2029 “
251 2011 381 2051 quidem
395 2011 458 2040 illae
473 2022 556 2051 apes,
574 2022 638 2042 non
654 2018 793 2042 montem
806 2010 940 2051 Hymet-

212 2065 235 2080 “
251 2068 331 2098 tum,
356 2063 455 2102 thymi
476 2062 551 2092 flore
567 2063 771 2101 redolentem,
800 2063 853 2093 sed
871 2065 944 2094 Mu-

211 2117 235 2132 “
250 2125 354 2144 sarum
373 2114 561 2144 Heliconios
587 2115 692 2153 colles,
719 2116 806 2145 omni
832 2126 946 2155 genere

210 2169 233 2184 ‘⁴
249 2165 398 2196 doctrinae
413 2167 558 2205 virentes,
575 2170 704 2198 dearum
722 2170 870 2199 instinctu
892 2169 945 2199 de-

211 2221 234 2236 “
250 2224 354 2256 pastae,
379 2218 521 2248 maximo
535 2218 665 2258 ingenio
681 2219 861 2249 dulcissima
887 2219 943 2249 ali-

212 2271 237 2287 “
252 2275 358 2298 menta
373 2279 505 2299 summae
521 2269 707 2310 eloquentiae
718 2270 884 2300 instillasse
898 2271 943 2300 vi-

215 2323 236 2336 “
252 2319 395 2349 dentur.‘’

258 2369 339 2399 Ibid.
361 2377 459 2401 mente
473 2373 597 2411 vigenti.
623 2372 744 2410 Cicero,
767 2373 806 2403 de
821 2373 898 2404 finn.
913 2373 943 2403 ii.

214 2423 262 2450 14.
288 2424 310 2438 “
328 2421 488 2450 Homines
502 2422 599 2460 enim,
627 2429 669 2460 et,
696 2423 724 2452 si
738 2424 808 2454 aliis
822 2425 943 2463 multis,

213 2478 235 2492 “
251 2480 357 2504 tamen
374 2476 433 2504 hoc
448 2486 513 2505 uno
538 2487 557 2506 a
571 2478 676 2506 bestiis
691 2478 866 2516 plurimum
885 2480 944 2509 dif-

213 2530 234 2544 “
251 2526 368 2563 ferunt,
385 2526 469 2566 quod
483 2528 636 2558 rationem
648 2530 783 2559 habeant
798 2541 816 2559 a
831 2531 944 2561 natura

211 2578 236 2595 “
252 2577 368 2612 datam,
395 2584 598 2618 mentemque,
623 2586 654 2609 et
680 2590 782 2610 acrem
798 2587 829 2611 et
841 2585 944 2622 vigen-

216 2631 238 2667 ‘V‘
254 2634 324 2663 tem,
348 2628 570 2669 celerrimeque
585 2631 686 2661 multa
706 2633 802 2663 simul
823 2635 945 2675 agitan-

212 2684 233 2698 “
248 2680 384 2710 tem—.''
444 2681 570 2712 Nonius
607 2683 792 2722 Marcellus,
828 2695 854 2715 ν.
892 2689 944 2716 44.

211 2736 232 2748 “
250 2731 340 2761 Inter
354 2739 486 2771 vegetum
510 2740 540 2763 et
562 2736 665 2774 vigens
681 2737 739 2765 hoc
754 2736 943 2767 interest:—

212 2786 234 2800 ⁸‘
249 2788 396 2822 vegetum
421 2785 567 2823 corporis,
594 2788 696 2824 vigens
719 2787 814 2816 etiam
830 2790 941 2826 animi,

212 2835 235 2850 “
251 2843 416 2872 possumus
432 2834 544 2873 dicere,
569 2842 604 2866 ut
619 2837 651 2866 in
669 2837 806 2867 multis.’'
855 2838 942 2868 Hinc

212 2885 336 2923 proprie
359 2885 534 2917 admodum
566 2887 732 2926 Horatius,
771 2893 826 2918 sat.
854 2889 884 2918 ii.
912 2894 940 2919 9.

215 2937 266 2964 81.

1018 762 1104 792 Alter,
1117 762 1173 792 ubi,
1186 761 1260 787 dicto
1273 762 1350 787 citius
1364 765 1467 792 curata,
1478 762 1566 794 sopori

1018 802 1133 827 Membra
1156 802 1241 832 dedit,
1264 805 1372 834 vegetus
1397 802 1557 833 praescripta
1578 801 1612 826 ad
1634 801 1727 826 munia

1142 841 1243 874 surgit:

987 904 1006 935 i.
1024 916 1049 935 e.
1076 905 1171 936 alacri
1186 915 1326 945 corpore,
1355 910 1386 935 et
1406 904 1444 935 ad
1460 905 1589 936 diurnos
1604 905 1725 935 labores

990 958 1152 988 obeundos
1174 957 1286 988 vivido.
1331 957 1375 987 Et
1390 957 1478 988 locus
1505 958 1549 988 ita
1563 957 1655 988 debet
1678 956 1727 986 in-

991 1010 1155 1050 terpungi:
1183 1020 1258 1039 nam
1284 1020 1357 1039 cave
1382 1009 1498 1040 referas
1522 1024 1562 1040 «m
1587 1012 1667 1040 dicto
1683 1011 1729 1040 ci-

990 1063 1053 1091 tius
1068 1060 1108 1091 ad
1120 1062 1251 1091 verbum
1265 1062 1376 1100 surgit,
1393 1072 1466 1091 cum
1478 1066 1729 1092 commentatore

993 1111 1185 1152 Cruquiano.

1033 1163 1110 1192 Ver.
1131 1166 1202 1193 925.
1226 1165 1310 1194 loca:
1338 1164 1378 1193 V.
1396 1163 1443 1193 ed.
1461 1165 1553 1195 locus.

1033 1213 1115 1243 Ibid.
1141 1220 1171 1242 et
1197 1223 1258 1243 ver.
1287 1217 1358 1245 9‘26.
1390 1216 1508 1245 nullius
1534 1221 1605 1245 ante
1637 1216 1729 1245 Trita

988 1265 1059 1294 solo.
1106 1264 1189 1293 Haec
1222 1264 1400 1303 Oppianus,
1431 1275 1526 1304 quem
1555 1264 1730 1295 Lambinus

988 1314 1139 1351 admovit,
1156 1314 1301 1344 imitatus
1317 1320 1374 1353 est,
1390 1325 1450 1346 ver.
1469 1319 1519 1347 20.

1030 1401 1120 1433 Eypeo,
1133 1409 1180 1424 mu
1195 1408 1312 1434 τρηχειαν
1325 1397 1496 1432 επιστειὲωμεν
1508 1410 1631 1435 accept-rou,

1029 1449 1085 1475 Tm
1100 1456 1209 1482 μεροῖτων
1225 1457 1240 1472 3
1251 1457 1288 1472 erm
1299 1458 1336 1475 τις
1349 1446 1388 1482 ἑῇς
1400 1456 1520 1476 §inmunia
1532 1448 1640 1476 cambam·

987 1526 1042 1557 ubi
1067 1526 1213 1557 consulas
1238 1527 1527 1557 animadversiones
1550 1528 1602 1557 De
1620 1526 1727 1565 Ballu,

988 1584 1019 1607 et
1033 1579 1218 1618 interpretes
1233 1579 1274 1609 ad
1290 1579 1430 1618 Propert.
1450 1579 1494 1610 iii.
1514 1583 1541 1609 1.
1557 1583 1586 1609 5.

1019 1654 1122 1678 Primus
1133 1661 1184 1686 ego
1196 1655 1334 1686 ingredior
1342 1658 1407 1686 puro
1419 1655 1453 1680 de
1460 1655 1537 1685 fonte
1547 1655 1684 1680 sacerdos:

988 1731 1133 1755 nostrum
1156 1725 1325 1755 manifesto
1352 1726 1555 1764 respicientis,
1582 1726 1637 1766 qui
1654 1726 1726 1756 Ma-

990 1777 1068 1807 nilio
1084 1777 1242 1816 praeluxit,
1259 1779 1317 1807 sub
1332 1778 1433 1817 operis
1447 1777 1555 1808 initio:

1155 1862 1312 1893 primusque
1324 1862 1401 1887 novis
1415 1863 1542 1888 Helicona
1553 1870 1665 1888 movere

1021 1903 1162 1931 Cantibus,
1174 1907 1201 1927 et
1214 1903 1292 1926 viridi
1303 1906 1431 1928 nutantes
1441 1904 1542 1928 vertice
1553 1904 1657 1934 sylvas;

1020 1942 1133 1973 Hospita
1144 1949 1218 1966 sacra
1229 1942 1328 1973 ferens,
1341 1943 1407 1967 nulli
1417 1947 1568 1967 memorata
1579 1943 1710 1975 priorum.

992 2013 1043 2043 Ita
1073 2013 1180 2043 locum
1213 2020 1334 2053 oportet
1366 2014 1581 2056 interpungas:
1619 2014 1729 2044 confer

991 2064 1080 2103 Virg.
1097 2074 1167 2104 geo·
1190 2064 1223 2094 ii.
1242 2068 1314 2096 476.

1035 2115 1115 2145 Ibid.
1140 2117 1219 2146 solo:
1255 2117 1276 2146 i.
1306 2127 1331 2147 e.
1356 2116 1456 2147 fundo
1484 2117 1578 2156 pedis.

990 2180 1055 2207 rus,
1073 2170 1172 2210 origg.
1185 2171 1225 2200 xi.
1242 2174 1267 2202 1.
1283 2172 1327 2201 sic
1342 2171 1557 2211 castigandus:
1577 2175 1598 2190 ‘⁶
1611 2173 1724 2208 Solum,

990 2225 1013 2239 “
1025 2220 1155 2251 inferior
1166 2232 1237 2260 pars
1249 2222 1346 2261 pedis,
1357 2222 1489 2260 dictum,
1501 2223 1575 2262 quia
1587 2233 1624 2252 eo
1636 2229 1726 2252 terrm

989 2277 1011 2291 “
1022 2273 1155 2313 vestigia
1165 2273 1389 2312 imprimimus:
1403 2273 1456 2303 sed
1466 2279 1496 2302 et
1504 2275 1598 2303 solum
1610 2273 1725 2303 dicitur

989 2328 1011 2342 “
1027 2334 1134 2362 omne,
1151 2325 1236 2364 quod
1252 2324 1372 2365 aliquid
1387 2324 1531 2362 sustinet,
1548 2324 1636 2364 quasi
1651 2326 1722 2354 soli-

989 2379 1012 2394 “
1029 2378 1120 2406 dum:
1146 2376 1231 2406 unde
1247 2382 1278 2406 et
1293 2383 1384 2406 terra*
1398 2377 1504 2411 solum,
1526 2375 1612 2415 quod
1627 2385 1723 2405 cunc-

990 2431 1011 2446 “
1027 2433 1059 2457 ta
1074 2428 1242 2465 sustineat;
1263 2434 1293 2457 et
1308 2429 1402 2458 solum
1414 2430 1513 2466 pedis,
1527 2426 1611 2466 quod
1623 2432 1723 2457 totam

990 2483 1012 2497 ‘⁶
1030 2479 1167 2518 corporis
1182 2479 1300 2509 molem
1311 2479 1446 2519 portet.'’
1472 2479 1579 2518 Vulgo
1595 2478 1722 2519 legitur,

988 2538 1069 2562 terra
1087 2533 1195 2569 solum,
1223 2538 1254 2561 et
1272 2538 1387 2571 portat.
1435 2530 1551 2561 Confer
1569 2530 1722 2566 Servium,

989 2583 1029 2612 ad
1057 2584 1130 2613 AEn.
1155 2583 1205 2613 vii.
1236 2586 1305 2612 111.
1329 2593 1356 2612 ν.
1383 2586 1453 2613 199.
1485 2582 1599 2619 Varro,
1627 2581 1665 2612 de
1689 2593 1723 2612 re

989 2640 1064 2664 rust.
1081 2634 1100 2664 i.
1116 2638 1167 2664 47.
1192 2644 1287 2674 quem
1310 2632 1468 2663 suscitavit
1484 2633 1595 2671 Faber,
1618 2633 1662 2663 ita
1677 2639 1723 2663 est

989 2687 1029 2717 ad
1054 2687 1150 2717 libros
1167 2687 1263 2717 MSS.
1291 2685 1482 2727 exigendus:
1507 2690 1528 2704 “
1545 2696 1608 2726 quo
1627 2697 1722 2726 pecus

988 2743 1008 2756 “
1025 2749 1043 2767 a
1058 2745 1146 2776 prato
1174 2737 1398 2777 ablegandum,
1425 2743 1455 2767 et
1475 2748 1570 2768 omne
1591 2737 1720 2778 jumen-

1625 2117 1726 2147 Isido-

989 2793 1010 2807 “
1028 2795 1109 2825 tum,
1137 2799 1173 2818 ac
1197 2789 1294 2818 etiam
1317 2791 1485 2819 hominem:
1511 2791 1607 2819 solum
1634 2790 1720 2818 enim

987 2843 1009 2858 ‘⁶
1026 2840 1165 2869 hominis
1178 2840 1310 2869 exitium
1327 2841 1441 2878 herbae,
1457 2847 1489 2870 et
1504 2840 1623 2869 semitae
1645 2839 1718 2869 fun-

987 2894 1008 2909 “
1025 2890 1241 2921 damentum.”
1269 2891 1388 2931 Vulgo,
1403 2894 1554 2922 homines:
1581 2891 1635 2921 sed
1650 2890 1719 2920 vide

988 2953 1044 2972 nos
1060 2953 1163 2983 supra,
1181 2943 1220 2973 ad
1235 2954 1295 2974 ver.
1316 2948 1384 2974 1152.
1400 2944 1440 2974 de
1455 2945 1514 2974 hcc
1530 2943 1694 2986 regimine.
