1894 3253
211 257 309 297 210
710 250 769 298 Τ.
822 248 1204 297 LUCRETII

354 380 643 434 Audacterque
660 378 768 420 inter
787 394 903 436 reges
922 394 1141 435 rerumque
1159 379 1360 434 potenteis

268 460 321 495 50
352 455 596 503 Vorsantur‚
625 467 759 509 neque
778 453 979 511 fulgorem
999 461 1237 495 reverentur
1256 453 1308 494 ab
1328 467 1445 504 auro,

352 527 441 568 Nec
461 526 616 567 clarum
635 527 756 568 vestis
779 527 1037 582 splendorem
1057 529 1296 582 purpureai':

352 600 467 649 Qujd
487 601 663 652 dubitas,
687 602 786 658 quin
809 602 941 643 omnis
962 603 1012 643 sit
1031 602 1121 643 haec
1141 602 1310 642 rationis
1330 601 1527 657 potestas?

351 673 500 717 Omnis
521 690 646 731 quom
665 676 709 716 in
729 676 906 716 tenebris
927 676 1155 731 praesertim
1175 675 1258 716 vita
1276 674 1443 716 laboret.

349 747 476 800 Nam,
497 749 642 791 velutei
662 751 802 805 puerei
823 750 1046 805 trepidant,
1068 759 1190 806 atque
1210 750 1349 790 omnia
1369 750 1485 790 caecis

264 826 316 863 55
350 822 401 863 In
421 823 598 865 tenebris
617 832 826 874 metuunt,
859 824 915 865 sic
936 839 1010 865 nos
1031 824 1074 864 in
1094 824 1182 865 luce
1203 823 1391 864 timemus

349 896 580 949 Interdum,
601 898 731 938 nihilo
751 913 844 954 quae
865 906 959 939 sunt
979 896 1198 938 metuenda
1218 897 1363 953 magis,
1386 912 1509 952 quam

266 1064 400 1086 Armorum
408 1063 516 1087 sonitum
528 1066 588 1088 toto
599 1063 747 1088 Germania
755 1063 827 1087 coelo

266 1103 368 1127 Audiit.

207 1172 269 1203 Sed
282 1172 315 1202 in
330 1174 390 1204 hoc
409 1174 488 1212 loco,
514 1181 579 1204 tam
595 1175 634 1204 ob
649 1174 818 1204 occasionis
832 1173 928 1204 subli-

203 1225 354 1261 mitatem,
380 1236 475 1265 quam
504 1228 544 1255 ob
567 1226 727 1256 aetheriam
756 1226 926 1266 regionem,

204 1275 288 1305 unde
302 1275 407 1315 fragor
421 1276 551 1313 venerit,
563 1277 641 1306 mihi
653 1277 692 1307 ad
707 1277 863 1317 liquidum
879 1287 928 1306 res

203 1327 352 1366 perducta
367 1334 413 1358 est
426 1328 536 1367 reponi
551 1328 675 1359 debere:

266 1410 412 1434 Armorum
423 1410 543 1434 tonitrum
556 1414 615 1435 toto
629 1412 773 1436 Germania
784 1411 841 1435 coelo

266 1449 368 1473 Audiit.

207 1520 303 1550 Silius
312 1528 427 1556 autem,
438 1532 542 1551 comes
553 1522 733 1551 individuus
746 1521 926 1558 llantuani,

203 1570 402 1601 divinationis
416 1582 494 1602 meae
503 1572 766 1612 locupletissimus
777 1573 927 1614 suffraga-

203 1628 251 1653 tor
265 1622 355 1662 adsit,
374 1624 457 1654 Pun.
473 1623 536 1653 xiii.
555 1629 584 1656 9.

458 1711 585 1729 concussa
596 1708 635 1729 est
647 1705 749 1729 Daunia
761 1705 837 1730 tellus

262 1746 399 1768 Armorum
409 1744 516 1769 tonitru.

203 1809 286 1840 Vide
301 1820 352 1840 me
367 1821 470 1850 supra,
497 1810 537 1841 ad
554 1811 573 1841 i.
591 1815 661 1843 918.
678 1817 708 1841 et
722 1811 762 1841 ad
778 1812 853 1841 [En.
868 1811 929 1841 viii.

204 1863 275 1892 474.
302 1861 445 1892 editionis
470 1872 560 1900 meae‚
584 1872 658 1892 cum
681 1863 755 1892 AEn.
771 1862 836 1893 viii.
855 1866 927 1894 529.

202 1911 242 1943 ix.
260 1915 330 1944 709.
354 1913 405 1944 xii.
421 1917 492 1945 700.
517 1914 645 1952 Statius,
661 1913 760 1944 Theb.
777 1913 820 1944 iii.
837 1917 909 1943 423.

231 1994 445 2026 Taenariumque
465 2002 606 2025 cacumen,
631 1996 834 2027 Apollineasque
855 1995 928 2021 The-

323 2039 427 2064 rapnas‚

231 2072 367 2095 Armorum
377 2071 473 2096 tonitru
482 2072 555 2097 ferit.

201 2142 245 2172 Et
249 2142 341 2183 ferit,
354 2144 393 2173 ob
404 2143 512 2182 pulsus
522 2144 599 2173 a’e'ris
611 2150 794 2185 propagatos
806 2145 926 2185 utique3

202 2193 281 2224 sicut
296 2194 408 2225 millies
422 2196 598 2234 Lucretius,
615 2202 645 2226 et
657 2207 764 2226 omnes
776 2196 827 2226 alii
840 2197 925 2226 simi-

201 2244 286 2275 liter:
313 2246 398 2277 unde
420 2247 542 2277 mireris
558 2249 724 2278 Barthium
739 2248 926 2278 vocabulum

201 2297 418 2337 solicitantem‚
434 2310 496 2340 quo
508 2300 633 2329 nullum
645 2306 689 2330 est
700 2300 859 2337 sincerius,
872 2306 926 2330 aut

201 2348 381 2388 elegantius.
427 2351 596 2381 Recordari
628 2361 679 2381 me
709 2361 757 2381 res
785 2350 926 2390 AEschyli

201 2399 287 2438 facit,
314 2408 388 2440 sept.
412 2402 511 2432 Theb.
532 2405 602 2433 125.
632 2401 676 2432 ita
699 2407 782 2432 certo
813 2402 925 2432 certius

201 2451 400 2483 rescribendi:

357 2539 454 2572 Aprem
466 2548 518 2572 γαρ
529 2543 648 2571 enixo-saa
662 2539 759 2571 Κωδμῑ

317 2588 473 2611 szixmrou'
484 2587 610 2611 ΨΟΦΟΣ
626 2584 648 2610 δ’
661 2587 752 2619 αρκῖων
764 2585 851 2611 ὁςτλωϊ

357 2634 473 2659 Amba-01
485 2634 509 2659 δε
520 2643 605 2665 *servm
615 2633 710 2659 lnam

357 2683 496 2716 Knvpnvm
509 2682 622 2707 ΦΟΒΟΝ
633 2686 739 2715 zon-sm.

204 2750 291 2781 Libri
305 2752 338 2781 in
353 2755 490 2785 secundo
504 2765 594 2785 versu
617 2756 698 2795 φοέος
715 2755 847 2791 habent;
869 2753 925 2783 fri-

204 2804 374 2844 gidissime:
402 2814 431 2837 et
455 2809 581 2839 miseret
604 2820 657 2839 me
680 2808 847 2846 editorum,
872 2807 925 2848 qui

205 2864 395 2896 concoquere
408 2865 584 2896 potuerunt.
619 2861 800 2890 Homerum
814 2869 926 2898 nempe

205 2907 343 2950 tragicus
356 2909 522 2941 aemulatus
537 2918 593 2949 est,
613 2911 649 2942 Il.
669 2918 690 2943 1.
708 2915 782 2944 569.

1013 1066 1071 1090 Των
1083 1063 1107 1088 δε
1118 1063 1184 1097 ‘taz’
1196 1070 1261 1095 axel
1279 1067 1360 1091 πυλας
1372 1063 1466 1096 ὁμαδῠς
1485 1073 1532 1089 καί
1551 1063 1695 1091 ΔΟΥΠΟΣ

1128 1120 1211 1145 ope-:pin

1012 1160 1113 1193 Hupyan«
1123 1160 1251 1191 βαλλομει
1256 1170 1290 1184 21».

973 1229 1117 1259 Alteram
1132 1240 1237 1259 rursus
1252 1229 1503 1259 emendationem
1519 1229 1585 1268 ipse
1600 1229 1693 1260 stabi-

971 1281 1006 1311 lit
1024 1281 1191 1321 AEschylus
1206 1282 1322 1311 ibidem
1338 1282 1482 1319 inferius,
1499 1292 1559 1312 ver.
1572 1285 1645 1313 592.

1011 1352 1186 1380 Xoe).z⁷‚).2¹.·ot
1199 1353 1377 1377 ΚΛΑΖΟΥΣΙ
1390 1352 1495 1380 κωδωες
1508 1353 1633 1378 ΦΟΒΟΝε

972 1425 1046 1444 cum
1061 1415 1214 1454 Euripide
1225 1415 1258 1444 in
1270 1415 1386 1453 Rheso,
1401 1425 1462 1445 ver.
1473 1419 1547 1445 508,
1565 1415 1604 1445 de
1617 1415 1697 1446 Gor·-

973 1476 1068 1505 gone:

1010 1529 1127 1554 Πελλωσέ
1139 1538 1181 1554 συν
1191 1528 1299 1554 κωὸωσιν
1314 1530 1472 1553 ΕΚΤΥΠΕΙ
1495 1529 1616 1555 ΦΟΒΟΝ.

1015 1580 1089 1609 Ver.
1105 1584 1155 1611 49.
1178 1592 1296 1610 rerum:
1324 1587 1364 1610 Π.
1387 1586 1418 1610 et
1434 1580 1485 1610 Pii
1501 1581 1628 1620 quidam
1644 1591 1696 1611 co-

973 1631 1068 1669 dices,
1095 1644 1215 1671 regum:
1249 1638 1284 1662 ut
1310 1631 1411 1662 simile
1429 1632 1467 1661 sit
1490 1632 1556 1662 istis
1584 1633 1699 1670 Flacci,

974 1683 1060 1722 epist.
1073 1683 1091 1712 i.
1112 1686 1158 1713 10.
1173 1686 1223 1713 55.

1320 1756 1382 1781 licet
1392 1757 1439 1780 sub
1452 1763 1567 1788 paupere
1578 1761 1652 1782 tecto

1034 1798 1118 1828 Reges,
1130 1800 1156 1820 et
1168 1803 1253 1828 regum
1266 1797 1322 1821 vita
1333 1803 1497 1828 praecurrerc
1507 1796 1607 1821 amicos.

976 1859 1038 1890 Sed
1052 1859 1186 1900 vulgatae
1201 1859 1324 1889 lectioni
1341 1869 1397 1889 nos
1420 1859 1568 1890 tenaciter
1592 1860 1696 1890 adhae-

974 1921 1087 1941 remus.

1017 1963 1091 1993 Ver.
1109 1965 1158 1993 50.
1171 1963 1327 2002 fulgorem
1341 1968 1522 1993 reverentur.
1566 1962 1696 1993 Audac-

970 2019 1029 2051 ter,
1057 2013 1111 2043 sed
1134 2013 1273 2049 feliciter,
1301 2013 1340 2043 de
1363 2013 1429 2043 solo
1442 2014 1569 2054 szdgore
1591 2013 1697 2044 oculos

970 2065 1212 2104 perstringente,
1240 2070 1334 2103 atque
1356 2064 1462 2093 animo
1485 2071 1632 2094 terrorem
1648 2065 1697 2093 in-

971 2115 1114 2145 cutiente.
1150 2115 1303 2144 Horatius
1318 2125 1349 2144 se
1366 2125 1428 2144 non
1444 2115 1550 2144 minus
1565 2115 1695 2145 feliciter

970 2166 1120 2196 audacem
1132 2167 1236 2206 gessit,
1250 2166 1298 2196 od.
1310 2165 1338 2195 ii.
1352 2169 1378 2195 1.
1393 2170 1440 2196 ΞΟ.
1458 2166 1496 2196 de
1507 2166 1580 2196 fern'
1591 2167 1693 2206 splen-

970 2217 1056 2247 dore:

1062 2292 1121 2321 Jam
1134 2289 1230 2321 fulgur
1241 2296 1369 2312 annorum
1381 2288 1482 2321 fugacis

1094 2332 1175 2353 Trrret
1187 2337 1278 2360 equos,
1291 2330 1467 2361 equitumque
1478 2329 1581 2354 vultus.

968 2393 1056 2423 Hinc
1074 2394 1245 2430 Arnobius,
1262 2393 1312 2423 lib.
1329 2393 1366 2423 vi.
1382 2403 1411 2432 p.
1428 2397 1498 2423 208.
1513 2393 1692 2434 perelegan-

969 2452 1026 2483 ter,
1039 2456 1074 2475 ac
1086 2445 1381 2475 nervosissime2—“
1398 2450 1433 2474 ut
1442 2444 1547 2474 adesse
1555 2445 1601 2474 vis
1609 2455 1692 2485 quae-

971 2502 994 2516 ‘⁸
1009 2498 1082 2528 dam
1097 2498 1130 2527 in
1147 2497 1324 2538 fulguribus
1339 2497 1524 2533 credentur,
1545 2508 1615 2537 quae
1630 2507 1693 2527 non

972 2554 994 2568 ‘⁶
1008 2552 1162 2580 oculorum
1190 2556 1313 2579 tautum
1331 2551 1548 2589 perstringeret
1563 2560 1692 2584 sensum,

972 2605 992 2619 ‘⁵
1008 2611 1116 2631 verum
1132 2601 1226 2631 etiam
1242 2607 1353 2631 mentes
1369 2601 1449 2639 ipsas
1464 2599 1694 2640 augustissimae

972 2656 993 2671 “
1009 2652 1087 2682 lucis
1103 2654 1328 2683 radiationibus
1343 2651 1528 2683 territaret.”
1572 2650 1616 2680 Et
1638 2660 1691 2689 pa-

970 2704 1046 2744 gina
1059 2711 1215 2745 sequente,
1227 2710 1369 2734 nostrum
1383 2702 1631 2741 respiciens:—“
1645 2701 1690 2740 ip.

970 2759 992 2773 “
1007 2765 1118 2795 sosque
1132 2755 1202 2785 illos
1216 2755 1406 2785 deos—cum
1417 2753 1489 2792 ipsis
1500 2752 1563 2782 suis
1577 2755 1691 2789 aureis,

970 2810 992 2824 “
1007 2808 1243 2846 *metuendisquffi
1259 2803 1465 2846 ficlgoribus.”
1513 2802 1613 2833 Haud
1634 2803 1692 2833 ali-

969 2865 1016 2888 ter
1032 2857 1214 2895 Pausanias,
1231 2866 1304 2886 cum
1318 2854 1453 2895 quodam
1468 2854 1576 2894 spiritu
1592 2855 1691 2894 po'dti-

970 2919 1015 2946 co,
1032 2910 1072 2940 iv.
1091 2912 1141 2939 21.
1185 2910 1218 2938 ‘O
1233 2909 1393 2941 θεας-τες
1417 2907 1575 2946 σφθαλμες
1598 2920 1693 2938 ocu-rm
