1894 3253
567 253 800 302 LIBER
849 251 1269 302 SECUNDUS.

1570 260 1664 302 :305

307 388 496 438 Ludunt,
528 388 573 429 in
594 401 895 443 numerumque
915 386 1137 437 exsultant,
1171 383 1372 443 sanguine
1390 383 1515 426 fletei:

305 462 527 505 Terrificas
548 463 730 518 capitum
751 461 984 518 quatientes
1005 462 1177 503 numine
1198 461 1354 512 cristas,

304 538 491 580 Dictaeos
511 537 694 580 referunt
717 538 905 588 Curetas,
939 537 1033 592 quei
1054 536 1169 578 Jovis
1190 536 1304 576 illum

160 699 280 724 caterva
287 708 298 729 ;
322 691 465 734 vulgares
477 693 567 731 editi,
583 700 706 724 catenas
712 709 722 729 ;
746 692 890 734 quaelec-

981 691 1064 723 Ibid.
1086 693 1250 723 exsultant.
1283 690 1377 722 Idem
1405 690 1571 732 Virgilius,
1595 691 1669 722 AEn.

160 745 214 783 tio,
233 745 258 775 si
274 745 431 775 codicibus
447 745 610 782 niteretur,
627 755 691 775 non
704 745 891 784 displiceret,
935 744 1000 775 viii.
1013 746 1087 776 665.

155 806 213 836 pro
230 798 409 834 catenatim,
437 796 496 834 vel,
517 797 637 836 junctis
657 797 818 835 manibus,
840 806 891 826 or-

156 848 332 880 biculatim:
360 859 456 890 quam
485 849 649 880 notionem
672 850 759 880 locus
775 850 897 890 integer

159 900 298 941 Apuleii‚
328 901 424 931 modo
446 902 633 941 propositus,
658 901 790 932 feliciter
806 901 895 932 illus-

158 953 300 991 traverit,
316 960 346 984 et
358 954 542 994 interpretes
554 954 681 985 ibidem.
720 954 895 990 Bentleius‚

159 1012 229 1045 post
245 1006 439 1037 Lambinum
455 1013 574 1046 tamen,
595 1007 657 1048 legi
673 1006 741 1037 vult
757 1007 797 1037 ad
813 1007 898 1037 hunc

162 1057 308 1088 modum:

480 1132 553 1157 inter
565 1140 593 1158 se
603 1136 689 1165 terque
699 1136 837 1165 quaterque

225 1171 353 1195 Ludunt:

160 1235 180 1264 i.
197 1244 223 1265 e.
247 1240 326 1266 terce
343 1241 477 1272 caterce,·
501 1246 572 1276 quae
587 1235 666 1265 mihi
688 1235 834 1266 videntur
850 1236 899 1265 vel

162 1285 288 1316 nivibus
315 1286 467 1316 Sithoniis
491 1287 674 1328 frigidiora:
699 1297 757 1317 nec
779 1298 898 1323 rursus,

159 1337 236 1377 quid
255 1337 314 1367 sibi
341 1337 415 1367 velit
442 1352 475 1369 το
494 1339 580 1379 forte
606 1338 772 1377 librorum,
808 1339 896 1369 valeo

160 1388 307 1429 equidem
319 1388 480 1428 dispicere.
519 1389 554 1419 Si
570 1389 703 1431 liqueret
718 1391 896 1430 exemplare

161 1439 209 1470 M.
239 1446 365 1471 catenas
396 1440 606 1480 suppeditare,
639 1453 676 1472 ea
702 1442 795 1473 lectio
817 1443 898 1473 foret

159 1492 293 1522 omnino
308 1492 515 1523 admittenda:
553 1494 608 1524 sed
624 1504 690 1524 rem
707 1495 742 1524 in
756 1497 900 1526 tenebras

159 1542 344 1574 collationes
374 1545 588 1584 Havercampi
623 1553 784 1587 mergunt,
823 1559 901 1589 quas

160 1593 226 1624 sola
249 1594 305 1625 lux
320 1597 578 1626 membranarum
602 1598 771 1629 castior-um
795 1599 898 1630 discu-

164 1651 230 1676 tere
245 1647 368 1678 valebit.

206 1698 280 1729 Ver.
297 1703 339 1730 65
344 1704 369 1730 1.
382 1702 492 1741 fletei:
518 1702 538 1732 i.
552 1712 580 1732 e.
599 1705 622 1720 “
638 1702 762 1733 roribus
771 1705 899 1745 sangui-

161 1753 184 1769 “
201 1751 279 1787 aeis,
302 1753 464 1792 guttatim,
481 1752 692 1794 lacrymarum
707 1755 816 1792 instar,
833 1756 899 1786 stil-

162 1804 185 1820 “
202 1801 353 1842 lantibus,
385 1805 547 1842 cooperti.'’
594 1806 628 1836 P.
655 1807 696 1837 V.
723 1807 771 1838 ed.
798 1809 836 1839 B.
865 1814 900 1840 Σ.

153 1852 252 1893 freti;
280 1860 320 1884 Π.
326 1855 404 1896 ficti
408 1871 419 1891 ;
444 1855 542 1886 Vind.
557 1863 602 1887 Ω..
618 1859 693 1894 laeti,
710 1865 746 1888 ut
757 1869 900 1891 commu-

166 1914 221 1934 nes
235 1904 400 1936 editiones:
429 1907 484 1938 sed
496 1910 573 1949 fleti
587 1909 705 1950 legitur
725 1911 759 1941 in
776 1911 829 1942 Pii
843 1923 900 1943 no-

164 1957 214 1993 tis,
239 1964 270 1988 et
286 1958 322 1988 L.
341 1959 388 1989 M.
408 1959 446 1990 O.
464 1965 499 1991 Δ.
518 1968 563 1992 Ω.
610 1963 708 1994 Hanc
730 1963 903 1996 formulam

168 2009 270 2040 Carus
285 2010 420 2042 adamat.
468 2013 519 2043 Sic
530 2013 550 2044 i.
571 2017 645 2046 350.

428 2095 553 2120 uberibus
555 2095 622 2126 stent
633 2098 725 2123 omnia
735 2100 835 2131 guttis:

165 2162 220 2193 ubi
245 2164 539 2198 animadversiones
561 2175 679 2200 nostrae
701 2171 905 2211 inspiciendae

169 2214 278 2246 lectori
294 2223 375 2248 sunt.
423 2219 591 2250 Prudentii
606 2221 705 2261 locus,
722 2223 832 2265 figuris
847 2235 903 2265 pa-

169 2265 255 2295 ribus
271 2277 465 2307 conspersuS,
488 2271 648 2304 fructuose
672 2274 904 2317 admovebitur,

170 2317 250 2346 cath.
267 2327 294 2347 v.
312 2321 365 2349 21.

236 2397 334 2422 Nectar
345 2399 379 2423 de
392 2399 494 2431 liquido
507 2404 608 2430 vertice
619 2398 756 2432 fervidum

235 2436 375 2462 Guttatim
387 2439 504 2471 lacrymis
515 2443 597 2468 stillat
609 2445 757 2471 olentibus:

234 2476 398 2502 Ambustum
412 2481 541 2509 quoniam
553 2483 592 2506 vis
605 2482 671 2508 facit
682 2485 761 2517 ignea

237 2516 358 2541 Imbrem
369 2518 403 2543 de
414 2520 524 2545 madido
527 2522 592 2552 stete
604 2526 757 2551 cacumine.

176 2588 263 2618 Ante
285 2590 392 2620 omnia
408 2602 481 2622 vero
504 2595 644 2633 phrasim
666 2603 818 2639 sanguine
833 2605 910 2643 fleti

174 2639 340 2671 clarabunt
365 2652 401 2672 ac
419 2644 652 2678 confirmabunt
674 2651 764 2681 nobis
787 2652 910 2685 dudum

173 2699 324 2733 congesta
342 2695 383 2725 ad
400 2695 474 2726 silv.
496 2697 572 2729 Crit.
587 2700 610 2730 i.
627 2711 656 2740 p.
674 2704 722 2734 75.
739 2714 765 2734 v.
781 2715 811 2744 p.
828 2708 878 2736 71.

219 2742 302 2774 Ibid.
327 2746 460 2778 Ludunt
480 2749 514 2779 in
530 2759 702 2783 numerum.
733 2753 838 2793 Maro,
855 2755 910 2786 ecl.

179 2792 217 2823 vi.
234 2797 286 2825 27.

209 2875 284 2900 Tum
301 2884 365 2903 vero
386 2879 413 2904 in
437 2888 571 2908 numerum
593 2885 762 2918 Faunosque,
778 2888 912 2922 ferasque,

289 2916 392 2943 videres

215 2953 412 2984 Ludere—-

1003 822 1068 847 Heic
1079 821 1234 846 exsultantis
1246 821 1367 847 Salios—.

984 894 1066 925 Ibid.
1089 897 1242 935 sanguine
1257 897 1332 926 loeti.
1367 894 1474 932 Silius,
1496 895 1536 925 xi.
1555 894 1673 925 Decius

941 947 981 978 ad
996 947 1202 978 Annibalem:

1232 1025 1268 1049 sic
1280 1024 1392 1049 victima
1403 1030 1508 1056 prorsus

888 1088 891 1090 .
944 1066 1032 1096 Digna
1043 1065 1121 1089 cadat
1134 1065 1244 1095 Decius3
1257 1071 1306 1089 nec
1319 1065 1391 1089 enim
1404 1068 1442 1094 te,
1453 1064 1576 1096 sanguine
1587 1064 1674 1088 Iaetun:

945 1107 1080 1136 Humano,
1097 1106 1130 1130 sit
1141 1106 1180 1130 fas
1191 1106 1266 1131 caesis
1278 1106 1393 1138 placasse
1401 1106 1533 1138 Juvencis.

1446 1148 1495 1177 Be
1502 1157 1551 1177 NT
1558 1156 1575 1176 1.
1581 1156 1639 1176 1-:111
1647 1156 1659 1176 s
1666 1167 1675 1175 .

944 1229 1070 1259 Deinde
1092 1230 1223 1269 apponit
1244 1229 1291 1259 vir
1306 1230 1468 1270 egregius:
1495 1232 1517 1247 “
1536 1228 1675 1265 Quidam

943 1283 965 1298 “
982 1280 1114 1319 codices,
1126 1283 1220 1322 fleti5
1246 1280 1387 1321 quidam,
1399 1280 1492 1321 freti.
1513 1280 1618 1321 Lego:

972 1363 991 1377 “
1003 1363 1116 1387 Ludunt
1132 1363 1160 1387 in
1177 1369 1335 1394 numerum,
1359 1366 1434 1395 atque
1451 1362 1593 1388 exsultant
1618 1370 1677 1387 san-

1050 1404 1070 1417 “
1082 1402 1255 1434 guinolenti.''

944 1476 1119 1506 Horatium
1142 1487 1237 1506 suum
1260 1482 1382 1516 poterat
1405 1477 1502 1508 etiam
1523 1476 1675 1518 attulisse,

945 1527 993 1558 od.
1010 1527 1053 1557 iii.
1070 1531 1100 1558 4.
1115 1530 1166 1558 53.

1008 1598 1052 1627 Et,
1068 1597 1156 1622 laetum
1166 1597 1265 1629 equino
1276 1598 1411 1630 sanguine,
1428 1599 1604 1624 Concanum:

946 1665 1020 1686 cum
1039 1655 1165 1694 Ovidio,
1188 1656 1257 1687 fast.
1272 1656 1316 1687 iii.
1333 1660 1384 1688 65.

945 1723 1023 1753 Saepe
1033 1722 1147 1747 domum
1159 1723 1285 1754 veniunt,
1304 1724 1468 1756 praedonum
1479 1724 1603 1756 sanguine
1614 1724 1676 1750 laeti.

947 1782 1118 1822 Caeterum,
1136 1797 1170 1815 »ro
1184 1791 1213 1816 et
1228 1795 1294 1815 non
1309 1790 1497 1826 agnoscunt,
1520 1785 1560 1816 ad
1582 1784 1678 1815 finem

945 1834 1062 1873 versus,
1087 1835 1125 1866 P.
1154 1835 1193 1866 V.
1221 1836 1268 1866 ed.
1294 1837 1334 1867 Β.
1361 1842 1395 1868 Σ.
1420 1844 1466 1868 Ω.
1492 1842 1534 1876 et,
1557 1837 1682 1876 plenius

946 1886 1173 1929 distinguendo
1187 1890 1229 1920 ad
1240 1892 1343 1931 fletei,
1367 1897 1461 1932 atque
1484 1891 1680 1932 conjunctio-

948 1951 1023 1970 nem
1038 1941 1130 1972 istam
1146 1943 1311 1983 ejiciendo,
1335 1944 1415 1974 mori
1432 1944 1632 1983 Lucretiano,
1647 1943 1683 1974 ni

948 1991 1051 2030 fallor,
1075 1993 1189 2024 melius
1204 1994 1385 2025 consultum
1400 1995 1523 2026 ivimus.

991 2044 1067 2075 Ver.
1094 2048 1165 2076 652.
1196 2047 1334 2085 capitum
1359 2048 1529 2086 quatientes
1554 2049 1681 2078 numine

949 2098 1068 2128 cristas.
1115 2097 1297 2128 Memorem
1322 2097 1421 2129 fuisse
1444 2105 1588 2130 nostrum
1615 2109 1681 2130 cre-

949 2146 1023 2177 dam
1053 2158 1203 2180 versuum
1233 2149 1513 2190 nobilissimorum,
1544 2151 1599 2193 qui
1628 2161 1681 2183 ex·

948 2204 1032 2230 stant
1047 2200 1081 2230 in
1098 2201 1236 2232 Homeri
1252 2201 1292 2233 11.
1310 2208 1341 2232 Z.
1358 2204 1431 2233 470.

988 2277 1135 2313 Ταρζῆπαις
1149 2285 1251 2314 χαλκον
1266 2289 1301 2311 τε,
1322 2279 1358 2306 ιδε
1368 2284 1439 2313 locor
1450 2278 1622 2314 ἵετετιοχωιτην,

989 2326 1071 2353 Amor
1082 2325 1128 2352 θῆκ’
1142 2338 1289 2362 ακροτοιτης
1300 2327 1397 2363 κορυθος
1411 2337 1517 2358 vivoru-oe,
1538 2338 1635 2356 vona-0⁵5.

950 2393 1117 2434 Virgilius,
1142 2395 1218 2425 AEn.
1234 2395 1288 2426 xii.
1303 2398 1377 2426 570.

966 2460 999 2485 Et
1011 2459 1114 2485 cristam
1124 2461 1237 2487 adverso
1249 2469 1328 2488 curru
1340 2462 1423 2495 quatit
1438 2469 1502 2488 aura
1514 2462 1664 2488 volantem.

997 2523 1080 2556 Ibid.
1103 2528 1240 2566 capitum
1265 2529 1437 2567 quatientes
1453 2529 1597 2558 numz'ne:
1622 2526 1643 2557 i.
1658 2537 1684 2558 e.

954 2579 979 2595 “
995 2583 1077 2607 nutu
1093 2579 1233 2617 capitum
1248 2579 1527 2610 tremefacientes.''
1555 2580 1682 2611 Festus:

955 2631 978 2646 ‘⁴
995 2629 1135 2668 Numen,
1157 2631 1246 2671 quasi
1270 2637 1364 2662 nutus
1391 2630 1473 2662 dei.”
1520 2630 1685 2673 Virgilius,

955 2681 1031 2712 AEn.
1046 2682 1086 2712 iv.
1101 2686 1174 2714 269.

1088 2749 1193 2775 coelum
1205 2754 1233 2775 et
1243 2754 1327 2776 terras
1338 2751 1384 2782 qui
1395 2751 1500 2777 numine
1510 2756 1630 2785 torquet.

957 2808 979 2823 “
997 2807 1139 2838 Numine
1162 2813 1268 2839 autem
1292 2815 1348 2850 est,
1372 2815 1428 2841 aut
1448 2818 1540 2852 nutu,
1562 2818 1618 2842 aut
1632 2821 1684 2851 po-

958 2861 979 2876 “
996 2859 1148 2890 testate:”
1189 2861 1322 2894 Servius.
1361 2863 1445 2894 Vide
1471 2874 1529 2894 nos
1545 2864 1688 2904 pluribus

957 2920 1042 2950 mox,
1072 2911 1111 2943 ad
1127 2912 1170 2944 iii.
1189 2917 1259 2945 145.

1004 2963 1080 2995 Ver.
1096 2967 1168 2997 655.
1191 2968 1296 2999 illam:
1323 2967 1562 3008 superscribitur
1583 2967 1617 2997 in
1641 2967 1688 2998 M.
