1894 3253
234 351 291 380 xx
716 337 807 378 AD
851 335 1244 378 LECTOREM.

236 461 518 503 ostentationis
548 460 713 517 quidem
733 474 888 516 parvae,
921 459 990 500 sed
1012 473 1213 515 perquam
1242 473 1490 510 aerumnosa,
1521 468 1562 501 et
1590 461 1730 503 multae

234 536 457 594 diligentiae
479 551 525 577 ac
546 535 775 586 industriae,
798 544 844 577 ut
863 535 1041 576 rationes
1062 535 1146 590 ejus
1167 534 1221 576 ad
1235 534 1437 590 liquidum
1457 534 1732 590 perduceren-

237 618 319 661 tur,
343 619 383 652 et
403 611 537 665 aliquo
558 610 726 652 tandem
746 610 873 651 modo
894 617 1130 651 constarent
1151 608 1240 650 sibi:
1273 609 1344 650 sed
1359 609 1450 650 haec
1463 609 1675 667 diligentia
1694 619 1734 652 et

235 685 448 734 industria,
472 685 549 726 nisi
563 685 691 726 simile
710 685 923 742 negotium
944 683 1224 741 fungentibuS,
1247 698 1333 724 non
1355 685 1653 739 comparebunt
1673 693 1734 727 ta-

233 773 342 799 men.
405 759 488 800 Pro
505 759 639 801 officio
659 760 856 801 nimirum
875 759 1002 800 habui
1023 759 1194 799 multam
1215 766 1256 799 et
1274 759 1481 816 ingratam
1502 774 1672 814 operam
1693 760 1736 800 in

233 832 312 874 hac
332 848 377 873 re
396 848 569 888 ponere3
594 834 679 884 sed,
702 836 826 876 tantis
846 834 1025 875 tenebris
1046 834 1136 874 haec
1158 841 1245 874 tota
1265 834 1370 875 ratio
1390 834 1573 875 involuta
1594 843 1667 884 est,
1691 843 1736 875 ut

234 907 373 948 malim
395 907 556 948 lectoris
587 909 640 949 ad
661 909 961 966 indulgentiam
992 908 1228 965 confugere,
1261 923 1386 964 quam
1406 923 1621 950 censuram
1641 924 1739 964 pro-

233 997 391 1022 vocare.
459 982 632 1030 Quoties
663 983 733 1024 fax
762 984 966 1024 librorum
997 984 1245 1038 scriptorum
1274 983 1377 1023 mihi
1406 984 1662 1039 praeluceret,
1695 984 1739 1023 in

231 1055 416 1110 plurimis
437 1056 549 1098 haud
570 1058 811 1100 dubitabam
842 1059 970 1114 sequi:
1004 1058 1074 1099 sed
1094 1058 1224 1099 multa
1254 1066 1348 1098 sunt
1368 1058 1503 1099 adhuc
1532 1059 1576 1099 in
1596 1058 1675 1100 hac
1696 1073 1740 1098 re

232 1131 380 1171 rectius
401 1132 705 1182 constituenda3
739 1133 791 1174 de
813 1133 962 1189 quibus
982 1148 1075 1173 meo
1099 1133 1258 1187 judicio
1288 1147 1434 1173 manus
1464 1132 1626 1187 trepida
1654 1147 1741 1173 non

232 1219 330 1245 ausa
351 1213 410 1245 est
430 1205 723 1247 obsecundare.
786 1207 931 1255 Quum
944 1222 1042 1247 vero
1059 1207 1302 1248 sententiam
1318 1221 1454 1247 meam
1470 1208 1514 1247 in
1531 1221 1741 1248 commen-

232 1279 343 1319 tariis
366 1294 486 1333 super
506 1279 584 1321 hac
605 1280 881 1336 diSputatione
903 1296 1187 1335 saepenumero
1208 1281 1539 1335 interposuerim,
1562 1295 1649 1321 non
1669 1296 1741 1321 ne-

233 1368 342 1395 cesse
359 1362 433 1403 est,
456 1362 501 1395 ut
521 1355 564 1394 in
578 1353 658 1395 hoc
679 1354 769 1395 loeo
790 1363 951 1409 tempus
972 1362 1102 1396 teram
1110 1373 1121 1404 3
1156 1355 1292 1410 itaque
1313 1355 1366 1395 ad
1388 1354 1465 1395 alia
1485 1370 1551 1395 me
1571 1354 1742 1396 transfe-

231 1443 336 1477 ram,
359 1443 453 1469 cum
474 1436 514 1469 te
535 1428 589 1469 ad
610 1428 803 1470 Vossium
824 1429 1143 1479 demandavero,
1168 1428 1312 1470 dehoc
1335 1428 1646 1486 orthographiae
1666 1444 1740 1470 ne-

229 1503 344 1559 gotio
365 1503 463 1544 scite
483 1510 743 1553 statuentem,
766 1503 809 1543 in
831 1511 906 1544 art.
928 1518 1105 1559 gramm.
1128 1503 1153 1543 i.
1178 1508 1244 1542 43.
1262 1503 1349 1544 init.
1373 1512 1509 1559 atque,
1531 1511 1657 1558 prout
1676 1504 1740 1544 in·

231 1592 413 1632 genuum
445 1578 577 1618 virum
608 1578 739 1627 decet,
763 1592 1074 1627 commonuere,
1107 1592 1233 1618 unam
1255 1586 1295 1618 et
1316 1578 1485 1619 alteram
1515 1577 1740 1619 dictionem

232 1664 316 1691 esse
336 1651 379 1691 in
400 1652 543 1705 primis
562 1652 734 1709 plagulis
751 1652 881 1702 aliter,
898 1660 1020 1707 atque
1033 1653 1075 1692 in
1090 1652 1367 1707 sequentibus,
1390 1652 1603 1693 memoriae
1623 1652 1739 1703 vitio,

232 1733 462 1774 exaratam3
490 1726 674 1780 quamvis
696 1725 893 1767 secundas
914 1733 1050 1780 partes
1072 1734 1212 1782 ageret
1229 1725 1440 1780 impendio
1461 1726 1629 1766 viriliter
1648 1741 1742 1780 per-

231 1799 404 1855 diligens
434 1799 641 1854 inspector
672 1813 911 1853 operarum3
944 1800 1058 1853 cujus
1079 1799 1258 1840 acumini
1291 1813 1375 1839 non
1395 1800 1560 1855 paginae
1591 1799 1742 1839 solum-

230 1873 373 1921 modo,
397 1873 467 1913 sed
489 1874 857 1914 commentationes
887 1888 1007 1923 meae,
1032 1875 1315 1928 tempestivam
1347 1873 1559 1928 aliquoties
1590 1888 1741 1929 expur-

231 1947 441 2002 gationem
478 1946 640 1986 debent.
704 1946 820 1986 Nihil
851 1955 989 1987 autem
1022 1947 1368 1988 dissimulandum
1401 1947 1520 1997 duxi,
1557 1948 1742 2002 quamvis

232 2020 300 2060 hee
320 2020 506 2061 minutiae
528 2019 692 2060 turbam
712 2018 913 2060 lectorum
943 2019 1210 2073 probabiliter
1240 2019 1472 2076 effugiturae
1493 2021 1741 2063 viderentur.

235 2094 434 2135 Libenter
455 2109 630 2148 sperem,
653 2094 877 2148 simplicem
897 2093 1009 2135 hunc
1031 2109 1218 2135 errorum
1248 2094 1561 2135 leviusculorum
1584 2095 1741 2136 confes-

235 2169 391 2209 sionem
423 2168 592 2209 editioni
621 2183 725 2209 meae
746 2169 984 2219 convenire3
1018 2169 1081 2210 vel
1099 2169 1238 2224 plures
1269 2177 1308 2209 et
1329 2169 1543 2210 crassiores
1573 2169 1742 2210 fortasse

232 2243 450 2284 virtutibus
472 2243 552 2283 suis
573 2242 866 2297 redempturae,
899 2243 976 2283 nisi
997 2244 1159 2298 parenti
1189 2258 1263 2284 suo
1284 2243 1458 2284 nimium
1488 2243 1738 2293 blandiatur,

235 2317 337 2356 nihil
359 2317 439 2357 suis
459 2316 612 2358 viribus
631 2318 833 2372 parcenti,
858 2325 904 2359 ut
924 2317 968 2359 in
988 2332 1134 2359 manus
1164 2318 1381 2359 hominum
1402 2333 1526 2374 quam
1547 2318 1741 2360 emenda·

237 2391 391 2432 tissima
411 2391 580 2432 veniret.

578 2539 640 2575 Nil
657 2540 823 2584 cumulat,
839 2540 1021 2588 verbisque
1038 2541 1123 2576 nihil
1140 2541 1269 2577 fiducia
1282 2542 1391 2577 celat:

580 2603 703 2637 Fucati
720 2604 889 2639 sermonis
902 2616 1005 2650 opem
1021 2617 1119 2640 mens
1137 2606 1277 2641 conscia
1301 2605 1412 2640 laudis

581 2666 774 2701 Abnuit-.

297 2800 431 2843 Porro
450 2817 579 2859 quum
599 2804 837 2861 Virgilium,
867 2805 1041 2860 po'e‘ticae
1061 2805 1368 2861 compositionis
1398 2802 1597 2845 artificem
1619 2803 1737 2844 abso-

240 2875 498 2927 lutissimum,
538 2877 755 2920 Lucretius
790 2886 943 2930 noster,
985 2880 1154 2937 ingenio
1192 2881 1407 2935 po‘e'tarum
1444 2879 1736 2946 ¹Romanorum

238 2951 457 3003 maximus,
491 2951 585 3005 (nisi
605 2951 784 2994 fortassis
815 2954 936 2996 unius
965 2953 1021 2994 illi
1041 2954 1094 2996 de
1113 2954 1248 3010 palma
1273 2954 1420 2996 merito
1439 2949 1737 2995 'contenderint
