1894 3253
255 295 348 336 202

745 284 804 331 T.
853 282 1232 332 LUCRETII

397 417 486 459 Nec
506 415 656 456 domus
677 422 848 472 argento
868 415 1010 473 fulget,
1043 430 1224 471 auroque
1244 415 1419 466 renidet,

397 490 486 531 Nec
507 490 675 531 citharae
696 490 869 532 reboant
888 490 1075 546 laqueata
1095 498 1316 546 aurataque
1336 490 1505 546 templa3

251 644 368 685 reliqua
398 643 590 683 supellectili,
620 643 654 674 in
679 644 798 674 vasario
827 643 976 684 fulgenti-

250 696 316 725 bus.
364 695 455 725 Idem
466 695 565 725 voluit
581 695 744 734 Horatius,
761 701 817 725 sat.
833 695 867 725 ii.
882 699 909 725 2.
926 699 955 725 4.

281 746 391 776 Discite,
408 753 461 771 non
473 747 543 771 inter
554 746 637 770 lances
648 753 800 777 mensasque
810 746 929 775 nitentis,

281 786 352 809 Cum
363 789 454 817 stupet
465 785 561 810 insanis
570 786 639 810 acies
642 785 803 817 fulgoribus:

250 833 270 864 i.
301 844 328 864 e.
365 838 387 852 “
415 835 500 864 vario
524 835 602 865 luxu
625 841 656 864 et
681 834 844 873 splendore
870 834 977 873 epula-

251 887 274 903 “
290 886 396 924 1·um,'²
420 892 455 916 ut
477 887 558 916 bene
583 886 767 923 AscensiuS,
791 896 848 915 nec
871 886 977 915 minus

250 935 291 966 ad
306 947 374 966 rem
385 943 611 967 commentator
629 937 838 977 Cruquianus.

295 987 368 1018 Ver.
394 991 443 1018 28.
467 990 611 1018 citlzaroe:
647 993 674 1017 P.
700 993 734 1018 Σ.
766 989 910 1022 ciclzaris;
942 993 978 1016 ut

251 1044 357 1077 postea
381 1038 419 1068 V.
435 1038 482 1069 ed.
499 1049 568 1079 quae
583 1040 622 1068 ab
637 1038 728 1068 initio
745 1038 788 1068 sic
804 1037 890 1068 dedit
912 1048 978 1068 ver-

251 1100 337 1119 sum:

253 1150 308 1174 Nec
316 1149 438 1181 cytharaee
449 1149 550 1181 laqueat
561 1149 691 1174 reboantia
703 1152 850 1179 aurataque
861 1148 978 1179 templa:

252 1209 347 1238 quam
362 1199 502 1238 sequitur
519 1205 559 1229 Π.
583 1199 616 1228 in
632 1198 741 1228 ordine
764 1199 981 1228 verborum.—

253 1251 396 1289 laqueata
405 1263 415 1278 .·
444 1256 484 1279 Π.
499 1251 637 1288 laquear.

297 1300 380 1330 Ibid.
397 1301 526 1330 cillzarae
534 1302 657 1330 reboant
669 1302 778 1340 templa
788 1313 798 1330 ,·
812 1300 873 1338 vel,
897 1303 918 1318 “
934 1310 981 1330 re-

252 1354 275 1369 “
289 1351 385 1380 boant
395 1350 436 1380 ad
449 1360 558 1381 vocem
573 1351 734 1389 citharae‚”
750 1358 787 1382 ut
801 1353 840 1382 sit
855 1353 983 1382 citharae

254 1401 288 1431 in
314 1402 405 1432 tertio
439 1412 513 1432 casu
547 1402 671 1432 numeri
700 1403 878 1443 singularis:
920 1401 980 1439 vel,

254 1453 339 1494 quod
361 1454 471 1483 malim
495 1453 652 1493 equidem,
677 1456 698 1471 “
714 1454 839 1483 citharae
850 1454 981 1494 faciunt

255 1509 277 1523 “
291 1507 412 1536 reboare
418 1505 451 1541 ;‘’
468 1505 502 1534 in
518 1515 651 1535 numero
661 1505 884 1543 multitudinis,
900 1505 985 1545 quod

257 1568 472 1598 ποιητικωτερον
487 1562 543 1593 est,
568 1556 893 1597 magnificentiusque.
939 1557 983 1586 Et

254 1607 336 1637 hanc
351 1607 506 1637 rationem
521 1617 586 1637 esse
601 1607 808 1646 verissimam,
824 1607 902 1637 mihi
913 1617 981 1646 per-

254 1658 350 1688 suasit
377 1658 520 1689 BIaronis
543 1658 640 1696 locus,
664 1659 760 1689 modo
782 1665 982 1695 memoratus

257 1712 311 1741 ubi
327 1711 419 1750 po'e'ta
433 1711 677 1750 perfectissimus
699 1718 782 1742 certe
803 1722 867 1742 non
885 1712 984 1742 oculis

256 1763 353 1793 nuUis
367 1763 554 1793 Lucretium
569 1774 663 1793 suum
679 1764 873 1803 respiciebat:

316 1823 394 1847 Dives
405 1822 553 1847 'madcessos
564 1822 610 1847 ubi
620 1823 681 1847 solis
693 1822 747 1847 filia
758 1823 832 1848 lucos

315 1863 432 1886 Adsiduo
443 1865 541 1886 resonat
553 1866 650 1886 cantu:

253 1911 272 1942 i.
289 1922 314 1941 e.
338 1923 477 1942 resonare
482 1911 579 1952 facit,
596 1918 630 1942 ut
645 1913 724 1942 bene
742 1912 875 1942 Servius.
921 1913 980 1942 Fa-

254 1970 375 1993 cessant
390 1964 485 2003 igitur
507 1964 639 1993 editores
662 1975 735 1994 cum
757 1975 814 1994 suo
832 1967 960 1995 citharis
967 1979 977 1999 ;

254 2014 387 2044 lectione
409 2015 523 2053 oppido
546 2016 680 2055 vulgari,
705 2022 735 2045 et
758 2015 889 2050 testibus
903 2027 979 2055 pau-

255 2064 390 2094 cioribus
405 2071 496 2104 atque
512 2065 678 2095 levioribus
693 2066 832 2096 subnixa.

299 2115 382 2145 Ibid.
416 2117 544 2146 citlzarae
564 2118 695 2146 reboant.
740 2117 864 2146 Fortius
888 2119 982 2147 habe-

256 2179 339 2207 mus,
362 2176 397 2200 ut
412 2170 508 2199 videri
526 2170 632 2209 possit,
655 2181 762 2210 quam,
785 2172 869 2211 quod
881 2171 985 2212 exigat

256 2221 388 2259 occasio,
411 2222 607 2253 vocabulum.
655 2223 706 2252 De
728 2233 760 2252 re
776 2223 894 2253 scilicet
916 2224 982 2253 effi-

259 2272 379 2302 caciore
396 2273 583 2311 Maeonides,
610 2273 647 2304 ΙΙ.
665 2281 692 2304 Ρ.
709 2277 781 2305 265.

294 2334 402 2370 Βεέρυχε
412 2346 486 2369 ,atym
500 2347 576 2369 κυμα
586 2347 641 2362 troi-t
655 2338 717 2372 p'oov,
738 2345 804 2371 αμφ
817 2337 841 2362 δε
853 2337 874 2363 τ’
887 2348 966 2372 ακραι

295 2386 376 2412 Ηῖονες
389 2386 558 2410 ΒΟΟΩΣΙΝε

256 2443 291 2467 ut
318 2436 401 2466 idem
421 2436 509 2474 alibi;
540 2438 580 2468 ad
600 2449 695 2478 quem
722 2438 888 2480 Virgilius,
911 2449 978 2479 geo.

256 2489 299 2518 iii.
327 2492 397 2519 225.
423 2489 583 2527 proprium
606 2490 749 2520 dictionis
772 2490 982 2531 significatum

257 2540 417 2578 exhibens,
441 2539 480 2570 de
495 2540 591 2570 tauris
606 2541 820 2572 bellatoribus:

438 2600 539 2625 reboant
548 2600 690 2632 sylvaeque
697 2605 725 2626 et
735 2601 831 2633 longus
842 2601 983 2634 Olympus:

259 2649 310 2678 cui
327 2650 528 2688 superveniat
543 2651 699 2681 Pacuvius
715 2651 749 2681 in
766 2651 882 2682 Medea
905 2651 988 2691 apud

258 2699 414 2739 Nonium,
430 2701 461 2731 ii.
479 2705 528 2732 80.

289 2757 414 2783 Clamore
424 2763 451 2784 et
462 2759 551 2784 sonitu
562 2760 642 2785 colles
651 2765 803 2786 resonantes
813 2762 914 2785 bount:

261 2804 341 2834 sicut
363 2811 461 2838 sonitu
487 2812 611 2841 sonanti
634 2817 746 2846 noster,
772 2810 791 2841 i.
815 2814 888 2842 825.
912 2821 985 2840 cum

263 2856 374 2885 veteris
400 2858 501 2888 colore
531 2861 747 2900 simplicitatis.
794 2862 868 2893 Hac
893 2862 990 2902 igitur

261 2906 301 2937 de
316 2907 422 2938 caussa
439 2923 472 2940 w
492 2913 615 2943 reboant
631 2914 857 2944 Lucretianum
872 2913 987 2943 intelli-

265 2969 379 3000 gamus
403 2960 498 2991 velim
513 2961 575 2993 dici
595 2963 635 2994 ad
649 2966 804 3005 laquearis
829 2974 987 2996 commen-

1021 644 1191 680 dationem,
1215 644 1302 684 quasi
1320 654 1445 674 summo
1469 654 1543 675 eum
1558 645 1686 676 artificio
1701 646 1747 676 af-

1019 697 1105 727 fabre
1120 696 1290 735 rotundati,
1307 696 1384 726 adeo
1395 703 1431 726 ut
1445 707 1538 726 sonos
1553 698 1676 737 quosvis
1690 698 1752 727 im-

1021 760 1114 788 pense
1129 749 1281 779 auctiores
1295 748 1412 779 reddat.
1460 748 1545 785 Quid
1554 749 1660 787 velim,
1677 760 1750 788 ape-

1021 801 1078 831 riet
1094 801 1178 831 idem
1195 801 1402 838 Mantuanus,
1428 801 1503 830 AEn.
1522 800 1541 830 i.
1560 804 1631 832 725.
1655 811 1751 841 quem

1021 852 1125 881 statim
1141 851 1254 881 dixeris
1269 852 1455 891 magistrum
1473 862 1568 881 suum
1582 862 1640 891 pro
1663 862 1754 882 more

1021 903 1180 933 aemulari:

1052 963 1093 987 Fit
1103 962 1229 993 strepitus
1240 962 1329 992 tectis,
1345 969 1489 994 vocemque
1505 969 1552 994 per
1567 963 1660 994 ampla
1671 963 1749 988 volu-

1145 1005 1201 1025 taut

1055 1041 1129 1065 Atria
1139 1049 1145 1064 ε
1163 1041 1317 1071 dependent
1328 1041 1409 1073 lychru'
1420 1041 1580 1073 laquearibus
1593 1042 1689 1066 aureis.

1069 1088 1149 1119 Ibid.
1171 1091 1314 1130 laqueata
1337 1096 1508 1129 aurataque
1531 1092 1641 1130 templa
1651 1105 1661 1120 .·
1687 1096 1750 1120 tra-

1024 1141 1077 1170 bes
1103 1141 1212 1181 utique
1236 1141 1402 1181 laquearis,
1428 1151 1505 1170 auro
1526 1141 1681 1180 perfusas,
1707 1141 1756 1171 vel

1024 1192 1251 1222 imbracteatas:
1288 1191 1385 1223 εδεέλα
1412 1205 1609 1234 χρυσοπασιτα
1635 1193 1757 1223 vocavit

1031 1244 1210 1283 flsschylus,
1226 1245 1342 1284 Agam.
1354 1246 1424 1274 785.
1441 1254 1536 1284 quam
1553 1243 1757 1274 certissimam

1029 1294 1280 1324 emendationem
1291 1305 1353 1324 non
1365 1294 1508 1325 dolemus
1521 1294 1668 1325 Schutzio
1677 1305 1755 1334 prae-

1026 1352 1146 1384 reptam
1161 1355 1234 1375 esse.
1279 1345 1388 1385 Vulgo
1411 1346 1528 1386 legitur
1541 1345 1756 1384 insulsissime,

1028 1399 1123 1427 πέλα.
1171 1396 1357 1436 Cyprianus,
1392 1396 1478 1435 epist.
1504 1396 1524 1426 i.
1555 1397 1613 1425 sub
1636 1396 1732 1426 finem
1746 1409 1753 1427 ε

1027 1451 1049 1465 “
1065 1448 1140 1478 Jam
1156 1447 1213 1477 tibi
1228 1458 1304 1477 auro
1321 1449 1468 1477 distincta
1487 1449 1759 1487 laquearia—sor-

1032 1503 1053 1517 “
1070 1498 1219 1529 debunt.”
1265 1498 1461 1529 Emendetur
1479 1499 1662 1536 Musonius,
1674 1497 1758 1538 apud

1030 1551 1200 1587 Stobaeum‚
1224 1549 1314 1579 ethic.
1332 1549 1385 1579 ecl.
1407 1550 1426 1580 i.
1455 1555 1486 1580 Ti
1503 1549 1524 1580 δ’
1540 1551 1574 1580 αἱ
1591 1558 1756 1593 περιστυλοι

1027 1609 1134 1636 ωιλαμ·
1164 1616 1192 1631 τι
1208 1600 1229 1631 δ’
1260 1602 1292 1631 αἱ
1315 1608 1446 1632 ‘formicet
1463 1605 1670 1635 ΧΡΩΣΕῙΣς
1695 1615 1723 1632 τι
1738 1600 1760 1632 δ’

1028 1655 1060 1684 αἱ
1076 1657 1325 1684 ΧΡΥΣΟΡΟΦΟΙ
1344 1658 1506 1686 ΣτΕΓΑι;
1533 1666 1561 1682 «η
1579 1652 1601 1682 δ’
1619 1653 1652 1683 αἱ
1666 1660 1757 1684 πολυ-

1663 1703 1759 1734 Clau-

1027 1755 1170 1792 dianum,
1193 1754 1227 1784 ni
1249 1754 1352 1792 fallor,
1383 1754 1542 1784 verissima
1566 1754 1757 1786 divinatione

1028 1818 1099 1838 sum
1115 1807 1301 1844 donaturus,
1328 1806 1367 1836 ad
1384 1807 1470 1845 epist.
1487 1806 1518 1837 ii.
1535 1810 1584 1837 42.

1029 1712 1137 1735 τελειαι
1155 1718 1209 1734 των
1225 1705 1318 1739 >tidem
1345 1703 1463 1743 Vulgo,
1487 1716 1614 1746 χρησεις.

1089 1868 1243 1898 Aurataeque
1253 1869 1339 1889 serant
1350 1865 1467 1890 culmina
1480 1865 1549 1891 celsa
1563 1865 1645 1890 trabes
1654 1875 1664 1891 .-

1025 1916 1045 1946 i.
1070 1927 1095 1946 e.
1123 1914 1760 1956 jungant—distinguant—iutertexant3

1025 1974 1060 1997 ut
1072 1969 1167 2008 floris
1189 1969 1274 2004 serti,
1301 1966 1466 2005 Apuleius,
1490 1972 1563 1997 met.
1588 1976 1617 1996 Σ.
1640 1977 1669 2006 p.
1687 1968 1757 1997 745.

1027 2024 1095 2057 post
1111 2019 1289 2056 Lucanum,
1313 2028 1341 2048 x,
1361 2022 1429 2049 164.

1089 2077 1234 2108 Accipiunt
1248 2079 1327 2100 sertas
1338 2076 1421 2100 nardo
1434 2076 1548 2101 florente
1557 2083 1660 2100 coronas
1668 2085 1678 2101 .-

1027 2126 1083 2155 ubi
1113 2125 1218 2154 videas
1245 2125 1515 2163 Oudendorpium.
1569 2124 1689 2165 Vulgo,
1701 2126 1755 2166 fi-

1029 2182 1118 2211 rant;
1151 2175 1205 2205 sed
1226 2177 1386 2213 columnae,
1409 2185 1474 2205 non
1499 2177 1610 2213 trabes,
1632 2175 1759 2216 laquear

1018 2227 1108 2268 serre
1126 2227 1280 2256 veteribus
1295 2226 1491 2263 dicebantur;
1516 2226 1599 2266 quod
1609 2237 1647 2256 ex
1659 2226 1758 2266 pluri-

1027 2278 1088 2308 mis
1103 2278 1178 2308 locis
1200 2279 1255 2308 tibi
1278 2278 1378 2308 facere
1404 2277 1697 2309 manifestissimum
1718 2279 1758 2309 de

1027 2329 1155 2369 proclivi
1170 2336 1226 2367 est,
1248 2329 1304 2360 sed
1326 2330 1358 2359 in
1382 2329 1515 2360 transitu
1538 2329 1671 2360 sufficiat
1685 2329 1757 2360 Ho-

1025 2380 1133 2418 ratius,
1157 2380 1206 2411 od.
1222 2380 1255 2410 ii.
1278 2384 1324 2411 18.
1340 2384 1370 2410 3.

1182 2441 1240 2464 Non
1254 2431 1334 2463 irabes
1347 2439 1497 2472 Hymettiae

1213 2481 1335 2503 Premunt
1347 2479 1515 2503 columnam.

1027 2528 1147 2559 Videas
1162 2535 1268 2559 autem
1284 2529 1402 2559 Tibull.
1418 2529 1464 2560 iii.
1483 2532 1513 2559 3.
1533 2531 1580 2558 16.
1604 2525 1755 2558 Prudent.

1030 2581 1196 2620 peristeph.
1225 2581 1266 2611 xi.
1294 2584 1365 2611 219.
1392 2580 1499 2610 Senec.
1532 2579 1658 2618 Thyest.
1685 2582 1757 2609 646.

1034 2633 1085 2663 De
1108 2634 1167 2663 hac
1190 2642 1262 2662 vero
1282 2632 1522 2671 permutatione,
1534 2629 1606 2671 fero
1630 2634 1662 2659 et
1682 2640 1758 2668 sero,

1031 2685 1100 2714 vide
1115 2684 1155 2715 ad
1169 2685 1188 2715 i.
1207 2689 1234 2716 9.

1033 2735 1121 2766 Hinc
1136 2745 1231 2766 nemo
1246 2735 1280 2764 in
1295 2732 1534 2765 controversiam
1543 2731 1695 2761 vocaverit
1711 2731 1757 2761 al-

1029 2794 1130 2817 teram
1155 2786 1324 2818 Claudiani
1346 2783 1608 2820 emendationem,
1632 2782 1671 2812 de
1685 2782 1756 2813 bell.

1036 2839 1106 2869 Get.
1123 2842 1194 2868 225.

1065 2905 1207 2936 fulvaque
1218 2903 1361 2935 despiciens
1377 2910 1440 2927 auro
1451 2902 1581 2934 laquearia
1592 2902 1712 2927 dives—:

1036 2974 1132 3005 quam
1147 2974 1215 2996 sero
1226 2963 1299 3000 vidi,
1310 2972 1409 2994 unam
1421 2972 1485 2993 esse
1497 2971 1534 2993 ex
1547 2960 1674 2992 Heinsii
1684 2968 1759 2991 con-
