1894 3253
597 214 829 264 LIBER

885 212 1304 263 SECUNDUS

1605 224 1692 263 381

338 350 480 400 Quom
499 349 639 390 minor
659 356 762 390 esset
782 347 871 405 agri
892 346 1022 388 multo
1042 346 1189 388 modus
1209 354 1305 388 ante
1325 346 1491 389 viritim:

338 426 428 467 Nec
449 433 574 475 tenet,
607 425 748 466 omnia
767 422 979 479 paullatim
999 422 1220 473 tabescere,
1252 431 1292 464 et
1313 423 1372 464 ire

337 500 408 542 Ad
428 499 636 556 capulum,
668 498 801 554 spatio
820 496 954 539 aetatis
973 495 1129 538 defessa
1148 504 1320 539 vetusto.

192 659 368 690 —virt‘tim:
396 664 440 689 Ω..
455 659 593 695 diritim;
625 656 679 687 sed
694 655 773 686 illud
788 656 822 686 in
838 665 922 685 mar-

195 710 280 752 gine.

237 762 320 793 Ibid.
343 764 444 793 minor
458 764 530 803 agri
544 764 658 793 modus.
684 761 850 799 Horatius,
864 765 922 791 sat.

192 812 225 843 ii.
242 817 271 844 6.
291 816 316 844 1.

319 884 409 892 ——
420 871 510 896 modus
521 872 578 904 agri
590 878 645 897 non
656 871 694 897 ita
705 878 830 904 magnus.

233 930 309 960 Ver.
328 933 419 962 1172.
444 932 532 962 Nec:
562 931 600 962 O.
619 932 703 968 Hec;
730 930 766 961 P.
793 931 858 961 Et.-
885 928 926 959 ad

190 991 288 1022 quam
303 981 473 1012 lectionem
496 982 564 1023 ejus
586 983 798 1023 interpretatio
817 991 924 1021 proce-

191 1032 265 1063 dere
287 1040 428 1070 conatur,
456 1034 510 1064 sed
533 1045 641 1076 gressu
668 1035 780 1065 misere
804 1033 924 1065 claudi-

192 1089 292 1115 cante.

234 1136 316 1168 Ibid.
342 1138 410 1169 IVec
424 1144 514 1171 tenet.
549 1138 676 1169 Nonius
693 1137 873 1174 Marcellus,
886 1137 926 1168 iv.

189 1193 262 1222 462.
288 1194 311 1210 “
343 1193 448 1230 Tenet,
473 1192 631 1234 intelligit,
656 1193 732 1223 dicit
758 1193 926 1223 Terentius

191 1244 215 1259 “
232 1241 367 1281 Andria,
391 1243 439 1285 (ii.
463 1247 491 1274 2.
518 1245 581 1284 12.)
609 1244 691 1274 Rem
715 1243 828 1275 tenes.”
875 1244 926 1273 Ita

191 1298 297 1323 noster
312 1293 427 1325 iterum
442 1295 584 1333 inferius,
608 1295 651 1325 iii.
668 1299 739 1325 649.

234 1345 315 1376 Ibid.
332 1348 496 1378 tabescere:
522 1346 541 1376 i.
558 1357 586 1377 e.
611 1346 700 1387 liqui,
720 1346 832 1384 fluere;
856 1345 926 1377 vide

189 1407 249 1428 ver.
268 1402 359 1429 1151.
406 1399 548 1435 Orosius,
575 1399 646 1429 hist.
664 1399 694 1429 ii.
714 1403 761 1429 10.
778 1399 816 1429 de
839 1400 921 1429 Xer-

190 1451 239 1481 xis
260 1450 362 1481 reditu
384 1452 477 1481 verba
502 1451 632 1488 faciens,
657 1451 840 1490 scriptorem
862 1452 928 1492 egit

189 1501 353 1542 impendio
368 1509 549 1533 venustum:
578 1506 600 1521 “
618 1502 783 1532 Pedestres
798 1513 926 1543 quoque

191 1558 214 1574 ‘⁶
229 1554 490 1594 copiae—labore,
513 1554 609 1592 fame,
633 1564 667 1583 ac
691 1557 926 1585 metu—dista-

191 1609 215 1625 “
227 1606 386 1636 buerunt.‘’
435 1606 640 1645 opportunus
655 1611 702 1635 est
716 1605 813 1636 etiam
830 1606 926 1636 Plau-

193 1665 256 1697 tus,
285 1658 373 1698 Capt.
389 1658 410 1688 i.
429 1662 457 1688 2.
472 1661 525 1689 51.

257 1719 391 1748 traceseo,
407 1724 559 1747 consenesco,
575 1720 602 1742 et
614 1717 720 1747 tabesco,
736 1717 826 1742 miser.

193 1767 262 1797 Nec
277 1767 384 1797 minus
398 1767 430 1797 in
449 1767 544 1797 Stich.
560 1778 587 1797 v.
605 1771 630 1798 1.
649 1771 678 1797 8.

515 1826 589 1857 quasi
601 1833 690 1855 senex,
707 1825 809 1850 tabescit
819 1825 884 1850 dies.

194 1874 449 1915 Elegantissime,
474 1881 510 1905 ut
537 1874 657 1913 omnia,
690 1880 776 1904 vates
803 1873 928 1904 Sulmo-

194 1925 313 1964 nensis,
336 1936 374 1955 ex
391 1926 483 1956 Pout.
499 1926 536 1956 iv.
554 1929 582 1956 8.
598 1929 648 1957 49.

210 1987 307 2012 Tabida
319 1988 455 2012 consumit
467 1987 580 2017 ferrum,
599 1986 782 2018 lapidemque,
799 1988 929 2010 vetustas.

197 2038 360 2068 Arnobius
384 2038 522 2078 insuper,
545 2038 596 2068 lib.
613 2038 643 2068 ii.
665 2048 694 2077 p.
711 2040 829 2068 54.—“
847 2046 931 2066 mor-

198 2093 221 2108 “
237 2092 350 2120 borum
366 2090 676 2122 incommoditatibus
691 2089 878 2130 frangimur,
903 2094 934 2118 et

197 2148 220 2164 “
237 2147 398 2176 senectutis
413 2144 605 2174 destruimur
620 2143 717 2174 tabe.''

240 2197 316 2227 Ver.
334 2200 426 2228 1175.
448 2198 604 2236 scopulum
627 2197 743 2226 habent
765 2205 876 2225 omnes
891 2194 929 2224 li-

197 2247 258 2284 bri,
284 2248 422 2286 exceptis
446 2248 482 2278 L.
511 2249 559 2278 M.
583 2247 638 2288 qui
664 2247 740 2277 dant
770 2249 928 2286 copulam:

198 2298 284 2328 unde
300 2298 418 2329 librarii
440 2299 563 2329 facilius
585 2299 743 2329 efficerent
758 2298 929 2328 dictionem

197 2358 397 2391 pervagatam
427 2352 594 2391 scopulum,
617 2361 712 2391 quam
727 2352 877 2381 rariorem
901 2357 932 2381 et

201 2401 295 2442 longe
310 2402 584 2443 elegantissimam,
601 2404 744 2442 capulum
761 2402 846 2441 dic03
862 2413 933 2443 quae

201 2460 248 2484 est
275 2453 487 2493 Havercampi
513 2454 776 2494 ingeniosissima,
799 2465 834 2484 ac
861 2455 933 2495 dig-

204 2506 334 2537 nissima
348 2506 439 2545 pretii
461 2506 627 2546 quantivis,
653 2506 840 2537 emendatio.
887 2508 936 2537 Re

202 2558 354 2588 intentius
370 2557 530 2593 meditata,
546 2559 627 2589 hanc
640 2558 852 2598 conjecturam
866 2569 934 2589 om-

204 2610 284 2640 nino
307 2620 372 2639 esse
394 2610 428 2639 in
456 2609 596 2639 Lucretii
619 2616 801 2640 contextum
824 2610 936 2640 admit-

203 2662 335 2693 tendam
360 2672 417 2701 pro
448 2668 532 2691 certo
561 2661 706 2692 vidimus.
752 2663 940 2701 Metaphora

208 2716 308 2751 navis,
331 2713 371 2743 ad
395 2713 559 2752 scopulum
589 2713 876 2753 appropinquantis,
906 2720 939 2744 et

208 2761 379 2795 fra‘cturam
394 2765 553 2802 subiturae,
567 2764 706 2804 eleganti
720 2770 880 2804 utcunque
891 2766 940 2794 in-

207 2816 303 2855 genio
325 2827 380 2856 per
406 2827 438 2845 se
460 2816 633 2852 conveniat,
665 2816 773 2854 minus
795 2817 943 2856 congruit

207 2868 306 2898 indoli
332 2868 494 2906 sermonis,
527 2878 589 2909 quo
613 2868 700 2900 locus
725 2869 846 2908 integer
868 2879 942 2899 con-

207 2921 394 2953 stantissime
409 2921 563 2952 coloratus
585 2928 639 2954 est.
686 2920 846 2953 vocabula
862 2922 944 2953 scili-

965 661 1026 694 cet,
1043 658 1211 696 paullatim
1223 659 1383 694 tabescere,
1399 658 1497 697 spatio
1510 662 1631 693 vetusto,
1646 658 1698 687 ‹Ie-

956 707 1056 748 fessa,
1079 711 1192 745 aetatis,
1209 719 1283 739 cum
1298 709 1427 740 notione
1441 709 1550 748 vetuli,
1571 709 1614 739 ita
1628 718 1699 749 gra-

970 759 1070 790 datim
1087 762 1254 792 marcentis
1276 767 1308 792 et
1322 762 1520 800 senescentis,
1543 768 1579 792 ut
1600 761 1702 792 indies

968 812 1114 844 faucibus
1129 814 1261 853 sepulcri
1284 815 1520 855 immergendus
1536 815 1580 844 ire
1596 814 1700 845 videa„

968 870 1031 904 tur,
1054 866 1243 897 amicissime
1267 868 1455 907 conspirant.
1501 867 1637 905 Nonius,
1660 866 1702 897 ad

968 916 988 947 i.
1010 920 1061 948 13.
1086 918 1120 947 in
1135 928 1210 949 voce
1225 921 1386 959 capulum:
1414 923 1437 937 “
1455 919 1702 960 Sarcophagum,

970 972 993 987 “
1010 969 1042 1000 id
1058 976 1103 1000 est
1124 973 1309 1011 sepulcrum,
1333 974 1476 1012 capulum
1501 978 1618 1002 veteres
1641 970 1702 1001 dici

971 1024 994 1040 ‘⁶
1011 1021 1131 1058 volunt,
1154 1022 1238 1063 quod
1254 1033 1383 1062 corpora
1398 1023 1499 1062 capiat
1510 1024 1536 1053 :'¹
1561 1023 1616 1053 ubi
1631 1023 1702 1062 plu-

970 1083 1005 1103 ra
1019 1073 1162 1114 exempla
1184 1084 1222 1104 ex
1238 1075 1346 1114 priscis
1367 1075 1567 1114 scriptoribus
1593 1080 1701 1114 protu-

970 1126 1018 1162 lit,
1039 1136 1110 1166 quae
1125 1126 1210 1166 apud
1225 1126 1328 1166 ipsum
1343 1126 1498 1167 perlegas;
1522 1132 1552 1157 et
1568 1126 1603 1156 in
1626 1136 1702 1156 con-

970 1177 1080 1207 cilium
1103 1188 1288 1209 communes
1311 1178 1424 1208 adhibe
1447 1178 1699 1219 lexicographos:

969 1240 1045 1259 nam
1069 1230 1103 1259 in
1133 1231 1296 1269 procinctu
1319 1230 1427 1270 positis
1451 1231 1528 1271 quid
1551 1230 1704 1270 profuerit

969 1280 1153 1312 immorari?
1173 1281 1370 1312 Glossarium
1385 1287 1489 1311 vetus:
1518 1284 1540 1299 “
1556 1284 1704 1322 Capulus,

970 1335 993 1350 “
1010 1332 1174 1375 φερετρον.·”
1198 1332 1267 1363 vide
1285 1332 1439 1369 Servium,
1462 1332 1502 1362 ad
1518 1332 1608 1373 Virg.
1627 1334 1703 1364 AEn.

971 1384 1011 1414 xi.
1029 1388 1078 1415 64.
1103 1390 1134 1414 et
1150 1384 1282 1414 Festum
1296 1384 1330 1414 in
1347 1394 1428 1414 voce.
1475 1384 1703 1421 Tertullianus,

973 1435 1012 1466 de
1037 1446 1132 1466 resur.
1159 1446 1242 1467 carn.
1267 1440 1318 1467 52.
1351 1440 1372 1454 “
1389 1437 1434 1466 Et
1461 1436 1570 1477 utique
1600 1436 1705 1467 triduo

974 1492 996 1507 “
1012 1489 1244 1530 concoquendae
1259 1489 1345 1519 carni
1355 1489 1471 1519 viscera
1481 1489 1543 1519 ceti
1557 1495 1624 1519 tam
1638 1489 1705 1519 suf-

973 1543 996 1558 “
1014 1540 1170 1578 fecissent,
1193 1551 1289 1581 quam
1303 1542 1461 1580 capulum,
1487 1551 1583 1581 quam
1605 1543 1705 1581 sepul-

974 1597 996 1612 “
1012 1597 1130 1630 clzrum,
1160 1605 1256 1635 quam
1286 1595 1412 1625 senium
1436 1595 1584 1635 requietae
1612 1601 1706 1636 atque

975 1650 996 1664 “
1013 1647 1181 1677 reconditae
1208 1647 1343 1688 alicujus
1380 1647 1575 1687 sepulturae.”
1613 1647 1707 1678 Idem

974 1708 1057 1733 mox,
1082 1698 1122 1729 ib.
1139 1708 1204 1737 cap.
1219 1701 1273 1729 38.
1306 1701 1328 1717 “
1349 1698 1427 1728 Post
1452 1698 1534 1729 dicta
1561 1698 1706 1734 Domini,

975 1752 996 1766 “
1012 1749 1094 1780 facta
1107 1750 1204 1780 etiam
1226 1750 1294 1791 ejus
1316 1749 1393 1790 quid
1410 1760 1517 1789 sapere
1531 1750 1706 1786 credamus,

974 1805 996 1819 ‘⁴
1013 1802 1052 1832 de
1068 1805 1197 1843 capulis,
1214 1803 1253 1833 de
1267 1804 1426 1842 sepulcris,
1450 1808 1591 1833 mortuos
1606 1812 1707 1832 resus-

974 1860 997 1874 “
1014 1855 1176 1887 citantis?‘’
1202 1856 1359 1896 Denique,
1384 1855 1418 1885 in
1440 1861 1573 1886 tractatu
1596 1865 1653 1885 suo
1669 1854 1708 1885 de

977 1908 1140 1948 pudicitia,
1165 1919 1230 1948 cap.
1255 1911 1373 1938 14.--“
1389 1918 1444 1947 per
1469 1913 1606 1938 mortem
1627 1908 1709 1938 hanc

977 1964 997 1978 “
1015 1971 1140 2001 quoque
1156 1970 1360 1990 communem
1381 1965 1412 1989 et
1427 1959 1585 1999 propriam
1607 1958 1710 1989 carnis

977 2015 999 2030 “
1015 2012 1122 2051 ipsius,
1147 2022 1218 2052 quae
1229 2011 1298 2051 jam
1313 2010 1454 2046 cadaver,
1477 2020 1547 2050 quae
1563 2012 1708 2050 capulum

978 2067 1000 2082 “
1017 2070 1107 2102 esset,
1131 2062 1334 2101 immunditia
1359 2062 1589 2102 irrecuperabili
1612 2063 1708 2092 tabio-

979 2123 999 2135 “
1014 2117 1117 2148 sum.-''
1140 2126 1276 2157 quorum
1296 2121 1452 2155 postrema
1473 2114 1612 2144 multum
1635 2124 1709 2143 con-

979 2170 1106 2199 firmant
1135 2168 1304 2199 lectionem
1340 2167 1488 2198 Lucretio
1517 2166 1709 2196 redonatam.

980 2223 1130 2261 Capulum
1158 2221 1256 2261 igitur
1277 2219 1400 2259 proprie
1428 2221 1544 2250 loculus
1567 2224 1642 2255 erat,
1676 2218 1711 2248 in

978 2286 1041 2316 quo
1056 2275 1186 2305 cadaver
1201 2275 1416 2312 obserabatur,
1441 2278 1478 2303 ut
1493 2272 1712 2303 reconderetur

976 2327 1010 2357 in
1026 2326 1176 2366 sepulcro.

1022 2378 1103 2410 Ibid.
1118 2380 1217 2419 spatio
1229 2379 1339 2408 aetatz's.

979 2434 1051 2463 275.

1008 2501 1054 2525 Te
1065 2506 1140 2529 vero,
1151 2506 1213 2524 mea
1224 2505 1306 2529 quem
1317 2497 1405 2529 spatiis
1416 2496 1582 2529 propioribus
1593 2498 1656 2519 (εἰω-

1013 2540 1176 2571 Insequitur,
1193 2539 1347 2564 venerande
1358 2544 1464 2569 puer—.

1386 2375 1551 2417 Virgilius,
1579 2376 1654 2405 [En.
1671 2374 1710 2404 ix.

1028 2607 1108 2638 Ibid.
1131 2609 1231 2647 spatio
1260 2612 1389 2637 vetusto:
1422 2605 1441 2634 i.
1468 2614 1494 2633 e.
1525 2606 1548 2621 “
1565 2601 1712 2641 spatium,

984 2663 1006 2678 “
1024 2670 1079 2698 per
1104 2658 1189 2698 quod
1209 2658 1277 2697 jam
1299 2657 1354 2686 diu
1369 2654 1482 2685 mundi
1505 2664 1554 2683 res
1568 2663 1713 2683 cuculre-

987 2715 1008 2729 “
1027 2711 1114 2740 rint.’'
1154 2710 1196 2739 Et
1211 2715 1256 2739 est
1271 2708 1387 2738 locutio
1404 2707 1441 2736 ad
1459 2706 1614 2745 poeticum
1627 2706 1712 2734 sche-

985 2773 1037 2792 ma
1052 2761 1262 2797 conformat&
1285 2769 1361 2789 nam
1388 2764 1508 2787 rectum
1532 2757 1651 2790 fuisset,
1675 2753 1715 2783 ad

987 2815 1068 2843 hanc
1098 2812 1228 2843 demum
1257 2820 1403 2840 normam
1429 2808 1553 2843 scilicet,
1592 2804 1714 2836 dicendi

987 2875 1100 2906 genus:

1185 2930 1270 2963 spatio
1280 2929 1364 2956 aetafz's
1375 2927 1477 2954 defessa
1489 2928 1609 2950 vetuste.
