1894 3253
517 228 750 277 LIBER
799 228 1212 278 SECUNDUS.

1518 242 1612 280 343

261 363 316 404 Et
336 372 475 404 tamen
496 361 601 412 haec,
623 376 748 417 quom
770 368 865 403 sunt
885 361 998 416 quasi
1018 361 1246 417 putrefacta
1264 375 1338 417 per
1358 361 1538 413 imbreis,

259 436 515 478 Vermiculos
535 437 721 491 pariunt5
754 435 850 492 quia
869 450 1046 490 corpora
1064 436 1266 487 materiai,

259 512 453 567 Antiquis
475 526 527 552 ex
547 511 760 552 ordinibus
780 517 968 566 permota
987 509 1093 551 nova
1114 525 1175 560 re,

146 590 228 626 900
262 586 546 628 Conciliantur
565 586 637 636 ita,
660 593 706 627 ut
725 584 877 626 debent
895 583 1087 625 animalia
1106 584 1235 641 gigni.

317 660 498 710 Deinde,
522 675 574 701 ex
595 659 805 701 sensilibus
825 673 951 715 quom
973 658 1115 700 sensile
1135 674 1253 714 posse
1273 661 1401 702 creari

261 734 545 785 Constituunt,
567 749 709 789 porro,
731 749 784 775 ex
804 734 891 775 aliis
911 734 1060 776 sentire
1081 734 1199 785 su‘e'ti,

259 807 406 850 Mollia
426 809 675 851 confaciunt:
706 824 805 851 nam
825 824 964 851 sensus
982 810 1172 867 jungitur
1192 809 1326 850 omnis

259 882 509 933 Visceribus,
532 884 681 934 nervis,
704 884 832 935 venis,
854 899 1157 940 quaequomque
1176 884 1362 925 videmus

144 962 226 998 905
260 956 408 999 Mollia
427 958 590 999 mortali
611 960 832 1000 consistere
851 974 1026 1015 corpore
1045 967 1168 1001 creta.

319 1032 402 1074 Sed
422 1040 561 1074 tamen
584 1042 670 1076 esto
684 1035 787 1090 jam,
809 1050 927 1090 posse
946 1034 1038 1076 haec
1057 1043 1214 1076 aeterna
1232 1047 1415 1076 manere:

259 1105 421 1162 Nempe
441 1117 580 1150 tamen
601 1109 753 1151 debent
772 1117 844 1151 aut
863 1125 1026 1151 sensum
1045 1110 1173 1165 partis
1192 1108 1360 1158 habere,

113 1270 149 1291 ac
171 1260 323 1301 vulgaria,
353 1272 416 1301 prae
442 1261 540 1292 doctis
570 1268 601 1293 et
630 1262 824 1302 elegantibus
830 1275 840 1300 3

112 1312 218 1343 futiles
233 1319 263 1342 et
278 1323 365 1343 vanae
380 1313 620 1344 emendatorum
637 1313 841 1353 cogitationes

110 1373 175 1402 prae
190 1366 445 1394 membranarum
460 1364 602 1394 fidelium
618 1364 806 1395 sinceritate.

155 1423 228 1454 Ver.
245 1426 317 1456 897.
339 1431 427 1455 sunt:
453 1425 489 1455 P.
501 1425 543 1455 V.
560 1425 607 1455 ed.
625 1425 666 1456 O.
683 1428 754 1456 sinc.

153 1484 229 1515 Ver.
245 1488 317 1516 899.
340 1483 416 1515 πουᾶ
442 1495 491 1514 re:
520 1485 558 1514 P.
576 1485 616 1514 V.
643 1484 690 1515 ed.
718 1491 758 1514 Π.
784 1496 838 1515 πο-

111 1545 180 1565 vare
186 1550 196 1570 ;
230 1544 330 1575 neque
355 1535 454 1564 ausim
480 1534 608 1575 quidem
631 1540 748 1565 temere
770 1536 840 1576 reji-

111 1594 197 1622 cere;
220 1591 256 1614 ut
281 1585 469 1617 constructio
495 1585 547 1615 sit:
586 1589 608 1604 “
627 1586 843 1616 Conciliantur

113 1639 135 1654 “
151 1636 195 1666 ita
210 1646 334 1675 novare,
361 1643 396 1667 ut
419 1636 569 1667 animalia
590 1637 704 1667 debent
717 1638 839 1679 gigni.”

115 1687 176 1718 Sed
191 1687 390 1728 vulgatorum
401 1694 518 1724 tamen,
534 1698 585 1718 me
600 1687 709 1719 saltem
722 1689 840 1729 judice,

110 1739 189 1769 ratio
204 1739 373 1780 simplicior
397 1746 454 1779 est,
488 1746 520 1771 et
534 1740 681 1780 apertior:
707 1739 769 1771 illis
782 1741 841 1782 igi-

114 1800 167 1824 tur
183 1795 329 1826 standum
344 1801 430 1834 puto.

157 1856 230 1886 Ver.
242 1859 312 1887 901.
328 1857 468 1886 Deinde:
489 1855 528 1885 O.
540 1857 838 1896 Deniqzce.—quom.·

115 1907 150 1937 Ρ.
165 1906 206 1936 V.
223 1906 271 1936 ed.
290 1913 333 1937 Ω.
349 1909 420 1946 que}
440 1916 504 1936 non
520 1906 614 1936 male:
636 1913 676 1937 Π.
693 1911 728 1938 Σ.
744 1909 839 1947 quod;

114 1957 209 1987 etiam
235 1967 300 1987 non
326 1957 587 1988 male.·—-sensile:
614 1957 654 1988 V.
677 1957 725 1988 ed.
748 1959 841 1988 sensi-

112 2009 180 2044 bile,
202 2014 238 2038 ut
252 2009 299 2039 bis
314 2019 414 2048 supra.

157 2061 233 2091 Ver.
248 2065 320 2092 902.
343 2072 378 2092 ex
399 2063 472 2092 aliis
488 2062 600 2092 sentire
614 2063 701 2092 sueti.
747 2061 842 2092 Hanc

116 2113 302 2144 sententiam
326 2113 417 2152 po'e‘ta
442 2119 546 2143 noster
570 2113 720 2150 dilatavit,
747 2114 788 2144 ad
814 2125 840 2145 v.

120 2168 210 2196 1155.

116 2238 340 2269 Quandoquidem
351 2240 458 2271 sapiunt
469 2239 556 2265 alieno
567 2246 604 2264 ex
615 2246 670 2269 ore,
682 2243 834 2271 petuntque

116 2278 168 2301 Res
179 2283 215 2302 ex
226 2277 321 2302 auditis
331 2279 430 2310 potius,
441 2286 523 2311 quam
534 2280 650 2304 sensibus
661 2279 730 2311 ipsis.

119 2350 237 2387 Quales
252 2351 406 2382 Horatius
420 2353 560 2391 damnat,
575 2359 612 2384 ut

311 2425 527 2456 addictosjurare
537 2425 564 2450 in
575 2426 657 2451 verba
666 2427 796 2459 magistri.

120 2495 358 2535 Havercampus
385 2496 481 2526 etiam
516 2497 578 2527 loci
606 2503 745 2528 mentem
773 2508 842 2537 per-

120 2547 228 2587 spexit.
275 2547 386 2578 Caeteri
419 2548 515 2578 secuti
541 2554 615 2579 sunt
639 2550 841 2587 Lambinum,

119 2600 304 2639 scripturam
331 2600 475 2631 codicum
502 2600 694 2632 verissimam
716 2603 849 2646 ejiciens

119 2655 176 2686 tes,
193 2656 224 2681 et
238 2657 420 2681 contextum
443 2662 500 2681 suo
513 2654 604 2683 suk'tz's
618 2652 774 2684 fedissime
789 2654 842 2684 de-

120 2708 288 2742 turpantes.
333 2704 373 2734 V.
390 2703 437 2735 ed.
453 2706 551 2741 suevi,-
574 2714 630 2743 pro
645 2705 735 2736 solita
749 2706 842 2736 nimi-

123 2763 195 2785 rum
208 2755 400 2786 aberratione
414 2755 449 2786 in
465 2756 626 2787 elementis
639 2762 652 2788 t
666 2762 697 2787 et
710 2769 736 2789 c.

165 2813 240 2846 Ver.
274 2820 345 2848 905.
383 2816 578 2857 musacium.-
617 2827 726 2847 omnes
761 2817 844 2856 libri,

122 2875 226 2904 quum,
246 2867 296 2897 vel
317 2879 397 2906 cum,
417 2869 564 2909 faciunt;
603 2869 689 2899 unde
713 2869 846 2900 editores

122 2926 188 2946 non
202 2917 294 2954 male,
309 2926 373 2952 tum
386 2920 534 2963 faciunt:
559 2920 624 2958 sed,
646 2922 686 2953 ob
701 2921 845 2963 fiequen-

169 2975 257 3006 Vos..
282 2976 308 3008 Ι.

883 1262 1036 1292 tissimam
1060 1261 1279 1291 confusionem
1304 1272 1361 1292 con
1376 1267 1409 1292 et
1429 1273 1508 1298 cum,
1535 1263 1616 1295 mihi

883 1314 947 1343 veri
976 1313 1100 1344 videtur
1135 1312 1266 1343 similior
1288 1313 1394 1343 Vossii
1422 1315 1614 1356 conjectura,

883 1375 979 1405 quam
1002 1364 1211 1395 exhibendam
1236 1364 1395 1395 duxerim:
1421 1365 1491 1396 vide
1506 1376 1558 1397 me
1574 1366 1616 1398 ad

884 1427 944 1446 ver.
961 1419 1033 1447 679.
1056 1422 1087 1446 et
1113 1415 1136 1447 i.
1164 1419 1235 1446 818.
1259 1422 1295 1446 ut
1321 1418 1450 1447 verbum
1476 1418 1616 1460 confacio

883 1467 917 1497 in
946 1477 1038 1497 sensu
1069 1477 1125 1496 suo
1154 1467 1302 1505 primario
1340 1468 1521 1507 accipiatur,
1557 1480 1615 1509 pro

885 1522 907 1536 ‘⁶
923 1528 988 1548 uno
1017 1524 1049 1548 et
1073 1517 1185 1548 eodem
1213 1523 1353 1557 tempore
1379 1518 1534 1558 faciunt‚”
1565 1521 1616 1551 vel

886 1572 909 1587 ‘⁶
925 1567 989 1598 una
1026 1567 1119 1607 opera
1155 1568 1306 1598 faciunt.'’
1360 1569 1424 1599 His
1461 1571 1617 1602 consentit

886 1622 1010 1652 Festus:
1053 1625 1075 1639 “
1095 1622 1303 1663 Confecerunt,
1341 1621 1407 1652 una
1443 1623 1617 1655 fecerunt?

888 1673 1044 1704 Codicum
1074 1683 1192 1704 errores
1220 1683 1277 1712 pro
1302 1673 1358 1704 sui
1384 1680 1470 1713 parte
1496 1674 1616 1715 adjuvit

885 1723 981 1754 etiarn
995 1725 1144 1755 vetustior
1165 1724 1399 1765 orthographia,
1426 1725 1618 1766 consociant,

884 1776 953 1806 loco
978 1776 1157 1807 recentioris
1182 1778 1361 1818 conficiunt,
1392 1776 1453 1807 nisi
1476 1777 1616 1809 multum

883 1827 982 1859 fallor.

928 1880 1010 1911 Ibid.
1034 1882 1162 1911 Mollia:
1188 1886 1220 1911 at
1250 1882 1434 1912 solidissima
1456 1891 1521 1912 esse
1545 1882 1616 1922 jam

885 1932 1031 1970 ostendit,
1053 1943 1111 1963 nec
1132 1932 1163 1961 vi
1185 1932 1370 1972 frangenda,
1394 1943 1453 1963 nec
1474 1938 1615 1972 tempore

885 1984 1089 2020 dissolvenda,
1114 1985 1182 2014 haec
1196 1984 1377 2024 primordia,
1396 1985 1417 2015 i.
1433 1988 1581 2016 529-57
1585 1989 1614 2016 8.

940 2047 1015 2076 Ver.
1041 2049 1113 2078 904.
1158 2047 1342 2076 Visceribus:
1382 2051 1470 2085 parte
1498 2046 1616 2077 scilicet

885 2097 991 2128 sensili
1006 2097 1153 2135 maxime,
1169 2107 1205 2128 ac
1220 2097 1313 2127 vitali.
1353 2097 1442 2128 Hinc
1459 2098 1613 2138 Avienus,

886 2149 920 2179 in
937 2149 1024 2180 Arat.
1040 2151 1115 2180 226.
1131 2148 1170 2179 de
1186 2149 1363 2190 Hippolyto
1378 2149 1570 2181 resuscitato:

1094 2231 1194 2255 animae
1205 2236 1312 2255 rursum
1325 2229 1463 2261 tepefacta
1472 2230 1572 2260 calore,

902 2273 1001 2297 Viscera
1012 2273 1162 2298 mundanas
1172 2276 1282 2298 revocat
1293 2272 1443 2297 medicator
1454 2272 1481 2296 in
1492 2279 1560 2297 oras.

888 2343 940 2374 Sic
955 2343 1050 2374 etiam
1066 2343 1232 2384 Virgilius,
1252 2343 1327 2373 AEn.
1343 2343 1382 2374 vi.
1398 2347 1469 2373 854.

916 2426 973 2449 Neu
984 2425 1080 2457 patriae
1090 2425 1191 2449 validas
1200 2424 1229 2449 in
1240 2424 1343 2450 viscera
1356 2424 1454 2450 vertite
1464 2424 1541 2449 vires.

886 2496 975 2526 Hinc
989 2495 1128 2536 pendent
1151 2506 1200 2534 ea,
1229 2506 1299 2536 quae
1321 2506 1421 2534 nuper
1435 2495 1614 2525 eventilavi-

885 2557 957 2577 mus
972 2547 1013 2577 ad
1029 2547 1103 2578 Silv.
1120 2547 1196 2578 crit.
1211 2547 1250 2577 iv.
1267 2557 1297 2586 p.
1313 2550 1386 2577 215.

929 2607 1002 2638 Ver.
1019 2611 1090 2640 905.
1113 2619 1252 2648 corpore:
1279 2611 1315 2638 Δ.
1331 2614 1610 2647 corpora—creta.-

889 2664 930 2688 11.
944 2665 1037 2689 certa.

929 2717 1006 2748 Ver.
1023 2723 1094 2749 908.
1117 2717 1262 2747 Editores
1275 2718 1414 2748 scribunt
1427 2719 1541 2748 similia
1549 2732 1561 2754 ,-
1581 2723 1614 2749 et

886 2768 962 2798 ferri
986 2774 1119 2808 poterat:
1155 2769 1199 2799 sic
1222 2768 1307 2799 enim
1332 2768 1407 2798 alibi
1430 2768 1610 2800 Lucretius:

888 2820 942 2850 sed
957 2820 1028 2850 libri
1043 2821 1156 2851 vetusti
1178 2821 1378 2851 consentiunt
1398 2831 1507 2851 omnes
1520 2820 1554 2851 in
1568 2823 1612 2852 si-

888 2873 980 2908 milis,
1010 2871 1058 2902 vel
1083 2874 1212 2907 similes;
1238 2883 1308 2913 quae
1335 2872 1540 2902 sincerissima
1566 2876 1613 2901 est

889 2921 990 2954 lectio.
1034 2923 1169 2963 Nempe,
1196 2924 1316 2965 quoties
1344 2924 1475 2956 nomina
1499 2921 1612 2954 diversi

863 2981 889 3012 Z
