1894 3253
192 241 288 281 310

684 231 744 278 T.
793 227 1176 277 LUCRETII

336 367 511 415 March,
543 377 668 419 quam
687 362 816 403 laticis
835 362 1051 417 proprium
1070 361 1256 417 proferre
1275 377 1491 415 vocamen5

334 439 637 489 Concedamus,
671 446 718 479 ut
737 437 806 478 hic
826 445 1028 478 terrarum
1050 436 1210 478 dictitet
1230 437 1374 480 orbem

333 515 432 556 Esse
453 513 578 555 desim
600 513 799 562 Matrem,
828 511 928 552 dum
949 511 1044 552 vera
1066 527 1111 552 re
1129 520 1269 552 tamen
1289 513 1389 567 ipse.

391 590 511 644 Saepe
531 589 684 644 itaque,
713 602 766 629 ex
787 602 872 628 uno
891 586 1110 627 tondentes
1130 587 1320 643 gramina
1339 601 1502 643 campo,

216 670 299 707 660
332 664 551 721 Lanigerae
571 662 763 718 pecudes,
795 670 835 702 et
856 675 1057 716 equorum
1077 660 1249 701 duellica
1269 660 1419 715 proles,

332 738 602 794 Buceriaeque
622 751 782 794 greges,
804 735 950 777 eodem
971 734 1046 776 sub
1066 734 1249 791 tegmine
1269 735 1375 786 coeli,

187 904 293 929 autern
319 907 389 927 vere
418 896 656 927 emendaveram
682 895 808 936 proprio
840 905 913 925 acu-

185 950 272 980 mine
284 948 494 988 Propertium,
517 948 536 978 i.
557 952 603 979 15.
624 952 671 980 19.

217 1009 363 1042 Hypsipyle
374 1008 460 1033 nullos
471 1013 531 1040 post
542 1008 614 1032 illum
625 1008 705 1033 sensit
717 1015 834 1032 amores:

184 1060 205 1090 i.
223 1071 248 1090 e.
272 1061 335 1097 ἰίῖό,
359 1059 406 1089 vel
431 1061 531 1095 2‘llom;
556 1058 641 1089 unde
662 1057 915 1088 invenustissima

185 1111 312 1152 vulgata
327 1110 418 1140 lectio
434 1111 500 1141 illos
515 1109 674 1149 provenit:
701 1109 755 1139 sed
770 1109 814 1139 ibi
830 1109 912 1139 Bur-

185 1173 322 1193 mannus
336 1161 545 1193 consulendus
561 1168 614 1192 est.

228 1216 302 1245 Ver.
316 1218 388 1246 655.
404 1216 522 1244 Iumina
533 1227 543 1243 :
561 1214 607 1243 M.
616 1212 915 1242 lumina—Home-

183 1277 246 1303 rus,
271 1275 340 1306 φαας
355 1274 467 1299 mama:
495 1272 525 1295 et
542 1265 635 1295 Maro
650 1264 720 1303 plus
735 1263 844 1300 semel,
866 1274 913 1293 so-

183 1321 222 1351 lis
235 1322 364 1351 Iumina.

229 1371 311 1402 Ibid.
335 1371 438 1411 ecfert.

182 1434 291 1454 vocem
317 1423 465 1461 incidere,
489 1423 578 1462 cujus
592 1421 740 1452 vetustior
763 1421 914 1459 scriptura

182 1488 296 1507 manus
311 1477 482 1507 novatrices
506 1476 705 1506 librariorum
731 1472 794 1505 non
810 1475 912 1504 subie-

183 1529 238 1559 rit:
265 1529 317 1559 sed
342 1539 452 1559 eccum
476 1528 533 1558 tibi
564 1528 745 1567 exemplum
767 1527 911 1566 simplex,

184 1581 283 1611 Nonii
306 1580 507 1620 scriptoribus
531 1586 687 1610 servatum
711 1590 749 1610 ex
776 1579 910 1615 Lucilio,

484 1370 565 1400 Sanc
589 1369 784 1400 rarissimum
809 1374 854 1398 est
880 1369 912 1397 in

183 1636 216 1666 in
231 1646 305 1666 voce
323 1638 526 1670 Clandesffno,
552 1635 571 1665 i.
590 1638 660 1666 176.

214 1696 250 1720 At
265 1694 337 1720 enim
356 1695 432 1724 dicis,
449 1693 615 1719 clandestino
634 1693 685 1717 tibi
703 1693 778 1724 quod
797 1692 914 1717 conmis-

291 1742 351 1760 sum
362 1735 445 1765 foret,

213 1777 270 1801 Neu
287 1776 399 1801 mutii-es
411 1776 571 1807 quidquam,
589 1781 641 1800 neu
659 1775 788 1806 mysteria
807 1774 912 1806 etferres

291 1815 369 1839 foras.

225 1865 299 1895 Ver.
312 1867 384 1896 655.
399 1868 536 1896 numine.
582 1865 632 1895 Sic
644 1875 753 1895 omnes
763 1875 827 1895 uno
837 1875 912 1895 con-

182 1927 274 1946 sensu
290 1916 377 1954 libri3
403 1923 435 1946 et
460 1923 542 1946 certe
568 1916 693 1946 tolerari
720 1922 830 1956 potest,
858 1925 914 1954 pro

184 1972 206 1986 “
223 1969 331 1999 Deum
347 1969 472 1999 abusive
497 1968 651 1998 inferre:’'
675 1968 787 1998 malim
807 1974 913 1998 tamen

182 2029 256 2049 cum
282 2019 461 2059 vulgaribus
489 2019 581 2049 editis
603 2022 736 2055 nomine,
759 2019 912 2059 quamvis,

181 2081 280 2111 quum
295 2070 459 2100 necessitas
474 2081 538 2099 non
554 2076 688 2110 urgeret,
710 2072 908 2100 membrana-

182 2133 255 2153 rum
271 2128 301 2152 et
316 2123 538 2162 impressorum
558 2122 760 2162 antiquorum
775 2122 907 2152 auctori-

181 2181 278 2205 tatem
292 2181 408 2205 temere
423 2174 636 2205 conculcatam
648 2173 782 2204 nollem:
809 2179 839 2204 et
852 2185 909 2204 nu-

182 2238 249 2257 men
266 2237 340 2257 sanc
355 2227 477 2257 doctius
491 2226 598 2256 haberi
614 2226 721 2265 possit,
743 2232 776 2256 et
790 2236 809 2255 a
822 2235 909 2255 com-

181 2279 271 2309 muni
287 2279 440 2309 sermonis
454 2289 516 2309 usu
534 2278 730 2319 aliquantulo
744 2277 907 2316 remotius,

179 2331 318 2372 adeoque
343 2331 477 2361 orationi
503 2331 633 2370 po'elticae
663 2330 906 2360 convenientius

182 2383 296 2424 Neque
309 2394 366 2423 pro
381 2383 480 2413 nihilo
503 2382 728 2413 existimandus
741 2388 788 2412 est
802 2392 908 2412 exem-

180 2434 316 2473 plarium
331 2445 499 2465 consensus
509 2434 543 2464 in
557 2434 748 2464 dictionibus
763 2433 839 2464 alias
850 2444 906 2464 sae-

178 2486 304 2526 pissime
318 2486 509 2525 permutatis.

221 2538 296 2568 Ver.
321 2540 392 2569 656.
415 2548 566 2569 vocamen.
612 2536 698 2567 Usus
727 2543 773 2567 est
804 2540 909 2568 Arno-

179 2589 258 2625 bius,
274 2588 326 2620 lib.
338 2589 390 2619 vii.
405 2599 434 2628 p.
451 2592 589 2620 251.—“
605 2595 669 2625 aut,
686 2589 712 2618 si
723 2589 808 2629 quod
822 2588 910 2618 aliud

181 2643 203 2658 “
218 2640 307 2671 nobis
321 2651 399 2670 usus
413 2651 554 2672 vocamen
571 2640 759 2671 obtulerit:”
789 2646 820 2670 et
835 2640 909 2670 alibi

181 2689 365 2731 frequenter.
412 2692 551 2732 Solinus,
576 2703 642 2733 cap.
657 2692 750 2723 xxvii.
768 2692 808 2722 de
823 2693 907 2732 hyae-

180 2741 221 2771 ni
231 2745 310 2771 :-—“
326 2743 465 2784 sequitur
482 2744 603 2774 stabula
618 2749 789 2784 pastorum,
806 2750 837 2774 et
851 2754 907 2773 au-

181 2795 203 2810 “
219 2791 287 2822 ditu
303 2793 427 2824 assiduo
442 2795 572 2825 addiscit
586 2807 740 2834 vocamen,
755 2795 840 2836 quod
854 2805 906 2825 ex-

180 2847 202 2862 “
218 2844 351 2883 primere
374 2847 469 2884 possit
494 2847 668 2878 imitatione
690 2847 773 2878 vocis
794 2849 906 2878 huma-

182 2899 204 2914 “
220 2896 518 2937 nae.”—Caeterum‚
537 2899 604 2930 vice
619 2900 770 2941 1›rqfer›·e2‚
798 2906 837 2931 Π.
861 2901 905 2942 tf-

167 2950 265 2989 serre.

1001 895 1076 924 Ver.
1094 897 1166 925 658.
1191 896 1270 934 ipse:
1298 893 1335 924 P.
1350 896 1434 924 haud
1450 896 1506 930 sit,-
1530 900 1570 931 et,
1587 895 1619 925 in
1637 895 1690 926 Pii

958 945 1118 975 codicibus
1133 945 1333 985 quibusdam,
1356 947 1389 975 id
1404 948 1452 976 sit.
1487 945 1626 985 Nonius,
1640 958 1688 978 re—

958 997 1077 1027 ferente
1108 998 1340 1036 Havercampo,
1379 999 1469 1038 (nam
1499 997 1586 1028 locus
1611 999 1690 1029 mihi

957 1049 1108 1089 quaerenti
1134 1060 1166 1079 se
1191 1059 1256 1079 non
1271 1048 1400 1089 obtulit)
1423 1059 1480 1088 pro
1495 1055 1610 1088 lamen,
1632 1051 1689 1080 ha-

958 1102 1010 1130 bet
1024 1102 1063 1131 sit
1073 1115 1084 1135 ,·
1104 1106 1135 1130 et
1149 1110 1238 1130 voces
1252 1111 1284 1131 re
1300 1099 1370 1131 υενᾶ
1386 1100 1597 1140 transpositas,
1611 1112 1689 1142 qua.

957 1152 983 1182 si
1004 1152 1128 1193 legerit:

1279 1211 1345 1235 dum
1357 1218 1385 1236 re
1397 1210 1460 1236 vera
1470 1210 1515 1235 siet
1525 1211 1591 1243 ipse.

957 1262 1002 1291 Et
1015 1261 1179 1301 utrobique
1194 1272 1303 1291 sensus
1316 1261 1416 1292 idem:
1445 1264 1468 1280 “
1485 1261 1577 1292 Dum
1590 1272 1624 1292 re
1638 1272 1691 1292 ve-

959 1315 980 1329 “
998 1311 1031 1341 ra
1056 1311 1096 1341 sit
1120 1312 1186 1351 ipse
1211 1313 1295 1342 orbis
1321 1313 1505 1342 terrarum”
1528 1313 1562 1343 in
1583 1324 1690 1344 rerum

957 1363 1083 1393 natura:
1110 1363 1130 1393 i.
1147 1374 1174 1393 e.
1200 1367 1222 1381 “
1237 1364 1263 1395 si
1278 1364 1373 1394 modo
1387 1365 1428 1394 sit
1438 1365 1504 1404 ipsa
1518 1375 1578 1403 res,
1594 1375 1690 1405 quam

959 1418 981 1433 “
998 1414 1216 1455 intelligimuS‚
1243 1420 1274 1444 et
1287 1414 1387 1444 oculis
1401 1414 1532 1455 aliisque
1547 1416 1690 1446 sensibus

959 1469 980 1485 “
998 1476 1202 1505 usurpamus;
1225 1476 1290 1495 nou
1306 1466 1481 1496 animatum
1499 1467 1628 1507 aliquid,
1651 1478 1688 1498 ac

958 1521 980 1536 ‘⁶
997 1518 1141 1547 Deorum
1158 1516 1288 1547 mater.’'
1333 1517 1480 1548 Editores
1494 1519 1690 1558 conjecturas

955 1568 1103 1600 Lambini
1128 1568 1308 1599 temerarias
1335 1567 1369 1598 in
1393 1574 1576 1600 contextum
1590 1579 1686 1609 posu-

956 1632 1024 1652 ere:

1246 1682 1313 1707 dum
1324 1688 1353 1707 re
1363 1689 1413 1706 non
1424 1681 1457 1706 sit
1468 1684 1561 1707 tamen
1572 1685 1630 1714 apse
1640 1689 1651 1707 .-

957 1731 1198 1771 Nobismetipsis
1212 1731 1336 1772 regulas
1358 1730 1524 1761 severiores
1540 1740 1597 1760 nos
1611 1741 1692 1770 prae.

956 1783 1150 1823 scripsimus;
1177 1793 1227 1819 ne,
1251 1782 1348 1813 frenis
1363 1781 1460 1812 semel
1474 1781 1565 1820 datis,
1588 1782 1687 1812 licen-

956 1834 1000 1864 tia
1015 1834 1204 1865 emendandi
1220 1844 1294 1864 mox
1309 1834 1350 1864 ad
1363 1833 1490 1864 libitum
1505 1841 1662 1874 evagetur.

1000 1888 1076 1917 Ver.
1091 1890 1164 1919 659.
1187 1889 1308 1927 itaque:
1335 1893 1380 1917 Ω.
1396 1885 1611 1924 itm—Porro,
1634 1885 1686 1916 hic

957 1938 1044 1969 locus
1068 1938 1189 1979 integer
1210 1938 1244 1968 in
1266 1937 1365 1969 oculis
1380 1937 1517 1978 Virgilio
1544 1938 1687 1968 versaba-

957 1997 1018 2027 tur,
1042 1990 1083 2021 ad
1098 1991 1174 2021 AEn.
1190 1990 1232 2021 iii.
1249 1993 1320 2022 536.

985 2066 1108 2096 Quatuor
1118 2065 1190 2094 heic,
1205 2064 1325 2096 primum
1337 2070 1429 2093 omen,
1447 2070 1520 2095 equos
1529 2062 1558 2086 in
1566 2061 1684 2094 gramine

1062 2105 1128 2134 vidi,

986 2144 1119 2169 fundentis
1130 2151 1257 2175 campum
1267 2143 1333 2172 late,
1353 2143 1471 2167 candore
1481 2141 1573 2166 nivali.

982 2185 1015 2207 Et
1033 2187 1110 2214 pater
1130 2182 1273 2208 Anchises:
1292 2181 1401 2211 Bellum,
1418 2181 1457 2205 O!
1476 2184 1549 2205 terra
1568 2180 1685 2213 hospita,

1061 2226 1166 2253 portas;

985 2261 1052 2286 Bello
1063 2264 1204 2285 armantur
1214 2260 1270 2292 equi
1277 2267 1289 2288 ;
1307 2259 1399 2284 bellum
1416 2259 1478 2284 haec
1496 2262 1620 2285 armenta
1635 2259 1687 2284 mi-

1061 2304 1170 2325 nantur.

952 2369 975 2386 “
992 2366 1070 2396 Post
1091 2364 1316 2405 digressionem
1343 2362 1382 2393 de
1407 2363 1513 2392 Matre
1540 2362 1685 2399 deorum,

953 2422 976 2437 “
992 2417 1073 2448 redit
1097 2415 1138 2446 ad
1163 2415 1409 2455 disputationem
1433 2413 1627 2450 institutam;
1649 2413 1684 2443 in

953 2475 975 2489 “
991 2470 1054 2512 qua
1070 2469 1215 2505 ostendit,
1239 2468 1361 2498 nullam
1377 2477 1442 2497 rent·
1450 2477 1536 2505 esse,
1559 2477 1631 2507 quae
1645 2476 1685 2497 ex

954 2528 976 2543 “
994 2533 1059 2554 uno
1074 2532 1188 2563 genere
1203 2520 1428 2560 principiorum
1444 2524 1576 2549 constet:
1597 2517 1682 2559 quod

954 2581 977 2596 “
993 2586 1080 2606 nunc
1101 2572 1252 2613 exemplis
1273 2571 1383 2603 multis
1404 2570 1541 2602 collectis
1562 2567 1684 2601 docet.”

952 2628 1137 2660 Lambinus,

995 2681 1071 2710 Ver.
1085 2682 1158 2710 660.
1173 2687 1318 2718 equorum
1334 2676 1466 2706 duellica
1478 2674 1586 2714 proles.
1611 2670 1682 2700 He-

952 2731 1088 2767 rodotus,
1119 2730 1139 2760 i.
1171 2733 1413 2768 'Ia—Mysum,
1448 2732 1506 2764 σφιν
1532 2735 1597 2754 earm
1623 2735 1680 2761 ’γῆς

953 2783 1054 2815 miza·
1069 2785 1214 2814 ‘mnoN
1225 2780 1262 2817 δε,
1277 2781 1483 2811 110AEM10N
1492 2787 1536 2812 n,
1549 2787 1598 2804 και
1611 2785 1681 2806 mr.-

953 2836 1036 2867 λυδοι.
1081 2835 1240 2867 Lucanus‚
1263 2831 1301 2861 vi.
1316 2832 1392 2861 597.

1011 2893 1181 2920 Thessalicus
1191 2891 1296 2923 sonipes,
1312 2887 1379 2913 bellis
1392 2885 1517 2911 feralibus
1527 2890 1619 2909 omen.

952 2949 1069 2982 Confer
1084 2946 1268 2983 Horatium,
1291 2943 1340 2974 od.
1356 2942 1386 2974 ii.
1404 2946 1455 2974 16.
1474 2945 1502 2974 5.
1518 2951 1592 2975 cum
1610 2939 1679 2971 He-
