1894 3253
540 276 773 325 LIBER
821 277 1231 330 SECUNDUS.

281 408 460 451 Delicias
481 424 643 465 quoquc
663 410 746 451 utei
766 409 912 451 multas
933 411 1187 453 substernere
1207 414 1388 468 possint;

281 483 451 527 Gratius
471 484 679 525 interdum
699 499 831 540 neque
852 484 1014 526 Natura
1034 488 1120 540 ipsa
1141 489 1325 543 requirit:

284 558 328 599 Si
349 572 432 597 non
454 573 577 598 aurea
597 566 691 598 sunt
704 559 902 613 juvenum
924 559 1138 600 simulacra
1156 575 1230 615 per
1250 562 1388 613 aedeis,

196 636 250 672 25
283 631 516 686 Lampadas
536 630 728 686 igniferas
749 631 937 672 manibus
958 633 1177 675 retinentia
1197 634 1369 687 dextris,

272 704 460 746 'Lumina
479 704 690 746 nocturnis
711 705 838 760 epulis
860 714 904 746 ut
926 706 1253 762 subpeditentur;

812 863 862 894 Ita

760 916 793 945 ‘O
811 929 862 949 ’της

172 861 252 891 Ver.
271 864 319 891 20.
342 862 383 891 ad
399 866 543 891 naturam
562 872 666 901 pauca
682 873 764 902 opus.

136 912 305 951 Epicurus,
321 911 354 941 in
368 912 461 952 Diog.
479 912 580 943 Laert.
598 924 627 943 x.
647 917 716 944 144.

135 972 240 1005 φυσεως
265 971 377 998 wasa-05
404 978 453 994 και
477 968 605 1006 ὥρισται,
631 979 680 996 και
704 978 862 1008 europiam,-

139 1029 222 1047 sees-u.

177 1068 250 1097 Ver.
277 1070 328 1097 21.
361 1068 500 1098 demant:
528 1073 562 1097 Δ.
588 1070 706 1105 demat,·
740 1075 781 1108 et,
806 1080 862 1109 pro

134 1129 293 1158 quomque,
320 1117 358 1147 G.
375 1117 414 1147 L.
431 1129 592 1158 quamque,-
623 1119 712 1159 cujus
727 1121 770 1150 rei
786 1120 862 1150 fides

132 1180 228 1209 penes
244 1169 499 1209 Havercampum
516 1170 568 1200 sit:
596 1170 664 1200 vide
676 1171 715 1201 ad
734 1182 794 1202 ver.
812 1175 861 1202 71.

179 1221 258 1251 Ibid.
281 1232 354 1260 opus
377 1231 437 1251 esse
458 1232 573 1260 pauca.
619 1222 763 1261 Hujusce
778 1223 860 1263 regi-

133 1273 228 1303 minis
243 1271 385 1310 exempla
399 1271 533 1310 plurima
548 1272 635 1302 dedit
650 1280 766 1311 noster,
792 1274 862 1303 aliis

132 1324 226 1355 etiam
255 1333 320 1353 nou
349 1324 449 1362 spreti.
492 1324 515 1354 J
518 1324 651 1362 ustinus,
678 1324 717 1354 xi.
750 1327 778 1355 7.
813 1329 861 1356 10.

131 1379 155 1394 “
174 1373 417 1405 Consulentibus
458 1373 498 1403 de
532 1374 594 1404 fine
634 1375 859 1406 discordiarum

131 1429 154 1444 “
170 1424 296 1456 oracula
311 1425 547 1464 responderunt,
573 1427 684 1466 Regem
701 1426 860 1457 discordiis

130 1480 153 1495 ‘¹
168 1487 241 1516 opus
257 1475 360 1506 esse:'’
388 1476 442 1506 ubi
460 1476 608 1505 manibus
624 1487 689 1506 non
706 1478 858 1516 parcenti-

130 1529 189 1558 bus
212 1526 395 1565 interpretes
423 1526 595 1564 specimina
623 1527 679 1557 tibi
710 1528 860 1566 suppedi-

132 1580 250 1608 tabunt.
298 1577 364 1607 Nos
385 1576 419 1606 iu
449 1577 658 1616 superioribus
690 1588 758 1608 rem
788 1579 858 1608 atti-

129 1631 246 1671 gimus,
270 1630 313 1659 ita
336 1636 371 1659 ut
394 1640 442 1667 ea,
465 1641 534 1670 quae
558 1637 634 1660 sunt
649 1631 688 1661 ad
713 1642 857 1669 manum,

129 1691 393 1721 supervacaneum
409 1680 447 1710 sit
463 1681 669 1712 accumulare.

172 1735 247 1764 Ver.
263 1737 312 1763 22.
338 1732 495 1763 Nonnulli
510 1733 619 1764 volunt
634 1736 749 1770 nullas;
775 1735 860 1765 codi-

131 1796 193 1824 ces,
223 1787 347 1815 multas:
387 1785 553 1815 verissime.
604 1785 793 1817 Plutarchus
823 1787 863 1816 ad

135 1837 431 1878 COIOtemz—u'fipoe3
455 1836 547 1871 ’ἡδονῆς
572 1851 656 1868 κθλνθν
680 1852 731 1871 ‘rm'
755 1852 862 1873 παντθς

129 1902 167 1920 -γκ
192 1896 339 1928 azyma-os
368 1888 534 1930 ὑπεξαιρεσιν
562 1892 726 1920 smerdem„
763 1892 852 1931 (Em-

133 1939 238 1982 xepor)
263 1939 297 1973 ὣς
316 1952 367 1973 της
385 1947 490 1978 φυσεως
507 1953 577 1981 αχρι
594 1954 631 1971 ers
646 1949 732 1972 λυσαι
749 1955 782 1972 το
797 1950 854 1973 αλ-

131 2005 217 2032 γεινον
240 1992 361 2029 αυξκσης
385 2004 418 2020 ‘n
444 1990 504 2028 ἡδο,
529 2004 677 2034 περαιτερω
704 1992 730 2023 δε
755 2001 855 2034 προελ-

130 2048 180 2075 Am
207 2056 242 2073 8³⁶
267 2055 348 2075 εωσης
375 2056 458 2072 κατα
478 2046 607 2082 μεγεέος,
631 2050 717 2074 ana
742 2052 857 2075 ποικιλ-

129 2108 186 2134 μΒΞ
204 2108 281 2127 ‘rwoes
295 2106 330 2124 87⁵
345 2106 522 2133 ῶῖαγκαΙΒΞ,
546 2095 586 2124 δῖ,
610 2109 643 2125 ἄν
660 2107 696 2125 82
713 2108 737 2126 ἓν
754 2109 795 2135 Τῳ
816 2110 858 2135 μη

131 2160 217 2178 πονειν
229 2159 358 2186 γενηται,
381 2144 544 2188 δεχρμενπς.
589 2147 814 2178 BENTLEIUS.

129 2198 234 2228 Locus
248 2203 354 2227 autem
376 2207 440 2227 non
456 2203 553 2228 exstat
576 2197 607 2227 in
624 2197 728 2228 libello
750 2199 857 2229 adver-

131 2259 183 2279 sus
210 2248 364 2286 Colotem,
387 2248 441 2278 sed
455 2249 489 2278 in
510 2259 557 2285 eo,
581 2249 634 2290 qui
650 2249 806 2289 praecedit‚
830 2261 858 2290 p,

135 2302 226 2330 1088.
251 2299 286 2329 C.
309 2299 363 2328 ubi
386 2299 537 2329 Reiskius
558 2301 637 2330 bene
653 2300 729 2341 legit
753 2302 855 2332 ὑπατε-

133 2349 382 2386 Αεικεν.-Ροιϊο,
405 2349 471 2379 vice
487 2352 610 2387 mullas,
635 2357 677 2381 Π.
702 2354 814 2384 vitullis.

179 2401 259 2431 Ibid.
282 2402 478 2431 substernere:
503 2401 521 2431 i.
547 2412 572 2431 e.
595 2401 634 2431 ad
649 2403 808 2440 amussim,
833 2404 859 2433 si

133 2460 261 2493 etymon
277 2454 439 2492 utriusque
453 2453 534 2482 vocis
549 2453 770 2492 contemplere,
787 2456 855 2485 sub-

128 2506 280 2545 peditare,
304 2512 364 2532 ver.
381 2506 431 2532 26.

176 2554 248 2584 Ver.
264 2556 314 2584 25.
329 2555 475 2592 requirit.-
496 2553 532 2583 P.
543 2554 583 2583 V.
595 2554 642 2584 ed.
661 2561 705 2586 Ω..
716 2558 857 2595 requiret.

174 2607 250 2636 Ver.
268 2609 317 2636 24.
343 2606 442 2636 Hunc
457 2605 562 2636 locum
577 2617 614 2636 ex
639 2607 782 2638 Homero
803 2609 857 2640 ad-

134 2661 315 2690 umbratum
330 2669 395 2688 esse
411 2659 463 2688 alii
479 2658 601 2689 dudum
616 2671 778 2699 monuere,
796 2663 856 2694 Od.

132 2720 168 2743 n.
200 2714 268 2741 100.
303 2710 357 2740 ubi
392 2710 430 2740 de
454 2710 624 2740 Phaeacum
658 2711 735 2742 luxu
756 2713 857 2753 loqui-

135 2767 185 2791 tus
200 2762 361 2801 poetarum
376 2761 531 2800 princeps:

155 2826 264 2858 Χρυσειω
279 2823 299 2850 δ’
311 2835 363 2859 apoc
374 2835 454 2859 κυρω,
475 2825 600 2857 εὖδμητων
612 2834 647 2850 em
658 2827 757 2858 βωμων,

154 2873 287 2902 Era-acm,
307 2872 438 2904 ωθομενσις
451 2872 544 2900 ὃκῐὸοις
558 2882 628 2905 μέτα
641 2882 723 2908 χερσιν
735 2882 839 2907 exon-53.

156 2919 283 2947 Φαινοντες
297 2930 388 2948 vox-rog
402 2931 478 2946 καιτοι
490 2921 602 2954 &mpura
618 2921 800 2954 δαιτυμονεη-ι.

136 2969 204 3000 Nec
218 2970 324 3001 minus
340 2972 477 3002 eundem
496 2972 646 3004 artificem
659 2984 858 3005 consumma-

907 864 1062 897 tissimum
1088 867 1205 897 imitari
1227 867 1324 898 voluit
1348 869 1482 901 Nonnus
1498 871 1631 913 Dionys.

907 916 949 946 iii.
965 928 993 956 p.
1011 922 1060 949 94.

907 983 957 1006 Και
971 986 1055 1010 πολυς.
1076 983 1285 1008 ΕΥΠΟῙΗΤΟΝ
1299 993 1447 1017 spuo-omme
1462 987 1529 1012 ποδω
1542 997 1627 1022 σενι-ρῳ,

907 1033 1013 1064 Χρυσεος
1024 1028 1116 1054 ἷῐτατο
1127 1040 1211 1064 κυρος,
1235 1040 1334 1057 erma-tx
1347 1032 1514 1066 δαιτυμονῆων

906 1077 1053 1111 Λαμπαδος
1067 1076 1173 1111 {fn-epm:
1187 1089 1295 1105 τωυσων
1307 1080 1435 1114 επιδορττιον
1447 1087 1545 1113 asylum.

908 1133 958 1162 Sic
981 1132 1165 1172 legendum:
1196 1133 1302 1174 vulgo,
1326 1148 1481 1171 ευπωητσς·
1505 1139 1630 1179 elegan-

905 1191 952 1214 ter
975 1184 1080 1213 minus
1105 1190 1135 1213 et
1164 1185 1291 1223 po'e'tice.
1335 1187 1397 1216 Per
1421 1188 1629 1221 imitationem

905 1234 1132 1274 generaliorem
1148 1234 1302 1274 Virgilius
1316 1246 1383 1266 rem
1393 1238 1629 1279 administravit,

904 1285 944 1315 ad
959 1295 1026 1325 geo.
1043 1285 1074 1314 ii.
1092 1289 1163 1316 461.
1185 1296 1279 1325 quem
1294 1286 1394 1317 nolim
1406 1289 1458 1319 hic
1469 1293 1634 1332 transcrip-

906 1344 975 1367 tum
988 1336 1078 1374 dare;
1101 1343 1138 1366 ut
1153 1347 1253 1377 neque
1269 1348 1373 1368 versus
1383 1341 1548 1378 parallelos
1565 1345 1630 1375 Cu-

902 1389 978 1425 licis,
1001 1399 1062 1419 ver.
1077 1391 1132 1420 57.
1153 1395 1186 1419 et
1200 1396 1363 1430 sequentes
1377 1392 1504 1433 multos,
1528 1398 1568 1426 ob
1584 1397 1632 1427 ni.

903 1441 1000 1470 miam
1015 1440 1232 1479 prolixitatem.

947 1492 1020 1521 Ver.
1038 1494 1087 1522 25.
1109 1495 1290 1530 retinentz'c1;
1315 1500 1351 1524 ut
1373 1496 1504 1535 simplex
1526 1505 1630 1530 tenen·

902 1546 965 1573 tia:
991 1543 1060 1573 vide
1075 1543 1114 1574 ad
1130 1544 1150 1574 i.
1165 1548 1236 1575 496.

946 1595 1021 1625 Ver.
1038 1599 1087 1625 26.
1111 1597 1249 1626 Lumina
1260 1602 1419 1630 nocturnis
1433 1604 1538 1640 epulis.
1555 1603 1628 1632 Vir-

902 1645 1009 1685 gilius,
1027 1646 1101 1676 AEn.
1114 1646 1164 1676 vii.
1184 1650 1229 1678 13.
1245 1649 1379 1679 conferri
1394 1650 1496 1681 debet:

1284 1717 1415 1748 tectisque
1425 1720 1543 1751 superbis

938 1753 997 1776 Urit
1009 1754 1148 1778 odoratam
1159 1758 1283 1778 nocturna
1294 1756 1321 1780 in
1337 1756 1436 1781 lumina
1448 1759 1570 1785 cedrum.

950 1809 1026 1840 Ver.
1054 1814 1104 1841 27.
1116 1811 1239 1851 fulget:
1266 1819 1292 1843 P.
1306 1813 1437 1854 fulgens
1442 1832 1452 1852 ;
1488 1824 1518 1847 et
1542 1829 1627 1858 sane,

908 1866 944 1889 ut
969 1861 1073 1890 minor
1094 1863 1245 1893 sermonis
1270 1865 1418 1903 superflui
1441 1867 1480 1897 sit
1503 1870 1628 1909 species,

898 1911 957 1941 hoc
967 1918 1058 1950 pacto
1067 1913 1291 1944 concinnatum
1301 1915 1405 1946 locum
1417 1917 1510 1959 longe
1521 1919 1629 1961 longe-

902 1972 961 2002 que
977 1965 1221 2003 anteposuerim:

933 2030 987 2054 Nec
999 2030 1105 2061 domm,
1116 2036 1227 2063 argento
1231 2033 1338 2065 fulgens
1349 2042 1478 2068 auroque,
1489 2039 1607 2065 renidet:

902 2086 921 2115 i.
938 2097 962 2117 e.
981 2087 1144 2128 fulgorem
1168 2091 1206 2120 ab
1229 2098 1358 2131 argento
1381 2099 1472 2134 atque
1488 2106 1565 2126 auro
1580 2108 1627 2127 re—

902 2139 1011 2171 mittit:
1041 2150 1099 2170 nec
1113 2141 1267 2181 dubitem,
1290 2143 1392 2174 lautos
1406 2146 1534 2177 lectores
1549 2150 1628 2180 mihi

902 2203 1121 2233 consensu1·os;
1144 2196 1198 2227 sed
1212 2197 1306 2228 libros
1330 2199 1425 2230 MSS.
1448 2202 1627 2240 conspiran-

903 2250 948 2274 tes
973 2245 1007 2275 in
1032 2246 1189 2287 vulgatam
1217 2248 1394 2287 lectionem,
1418 2250 1550 2282 calcatos
1572 2263 1628 2282 no-

904 2295 1147 2329 lim.--renidel:
1175 2305 1201 2329 P.
1224 2301 1382 2335 rem‘dens,·
1410 2300 1506 2332 vind.
1531 2302 1569 2333 Ο.
1589 2310 1630 2335 Π.

902 2351 1010 2378 renitet
1019 2365 1028 2383 ‚-
1058 2356 1101 2380 Ω.
1118 2352 1254 2380 redimet.

904 2399 1012 2435 Porro,
1037 2405 1068 2429 et
1092 2400 1246 2431 Horatius
1269 2401 1406 2442 integros
1429 2414 1534 2434 versus
1560 2405 1626 2434 Lu-

900 2451 1053 2481 cretianos
1067 2462 1172 2484 eoram
1187 2453 1308 2491 habuit,
1332 2454 1372 2485 ad
1388 2455 1438 2485 od.
1455 2456 1487 2485 ii.
1507 2459 1556 2487 18.
1577 2460 1601 2487 l..

1086 2520 1145 2543 Non
1156 2519 1232 2549 ebur,
1248 2526 1336 2550 neque
1346 2527 1454 2544 aur-eum

1055 2558 1114 2583 Mei
1125 2558 1222 2583 renidet
1232 2559 1259 2583 in
1270 2560 1352 2584 domo
1361 2560 1479 2583 lacunar.

947 2615 1027 2645 Ibid.
1058 2623 1182 2656 argento
1198 2617 1304 2657 fulget
1326 2628 1470 2657 auroque.
1523 2619 1623 2650 Justi-

901 2676 971 2702 nus,
995 2666 1036 2696 xi.
1057 2670 1105 2697 13.
1146 2671 1166 2685 “
1184 2668 1347 2704 Hortatur,
1374 2668 1527 2707 Spernant
1541 2671 1629 2702 illam

905 2720 927 2735 “
943 2718 1052 2753 aciem,
1068 2729 1143 2748 auro
1155 2725 1181 2749 et
1197 2719 1532 2760 argeutofidgentem.”
1565 2724 1629 2755 Ubi

904 2768 1047 2808 quaedam
1073 2771 1263 2800 membranae
1285 2770 1361 2801 dant
1381 2779 1528 2811 spectent;
1554 2775 1627 2805 reli-

904 2821 1003 2861 quias,
1027 2820 1060 2849 ni
1074 2820 1176 2859 fallor,
1198 2823 1345 2862 genuinae
1366 2823 1515 2862 lectionis,
1538 2827 1629 2867 cujus

904 2878 969 2902 erat
993 2886 1026 2902 tro
1048 2879 1193 2912 spernant
1216 2874 1319 2914 glossa
1345 2876 1542 2917 marginalis3
1557 2868 1560 2870 .
1574 2881 1626 2909 de-

901 2929 1030 2963 spectent
1046 2923 1170 2955 scilicet.

948 2975 1028 3007 ibid.
1049 2984 1174 3017 argento
1190 2989 1336 3019 auroque:
1362 2981 1383 3010 i.
1400 2991 1427 3010 e.
1442 2981 1572 3020 poculis,
1597 2986 1627 3010 et

852 3035 918 3066 02
