1894 3253
211 302 304 341 332

711 293 771 339 Τ.
826 292 1207 341 LUCRETII

241 430 323 466 810
355 425 530 480 Pupula,
563 439 689 480 quom
709 425 859 466 sentire
879 425 1057 466 colorem
1078 426 1229 467 dicitur
1249 426 1407 477 album3

356 500 496 554 Atque
516 498 627 539 aliud
646 514 789 554 porro,
818 500 986 557 nigrum
1008 515 1150 555 quom,
1183 509 1228 541 et
1247 509 1410 553 caetera,
1441 501 1559 544 sentit
1567 520 1580 552 ;

356 573 446 614 Nec
465 572 604 623 refert,
637 589 700 624 ea,
733 589 825 630 quae
846 575 996 631 tangis,
1030 589 1112 630 quo
1133 574 1237 616 forte
1258 575 1394 617 colore

356 647 541 689 Praedita
560 656 670 699 sunt,
706 664 848 690 verum
869 649 977 704 quali
999 650 1129 706 magis
1149 658 1246 704 apta
1266 649 1420 707 figur&

354 722 469 763 Scire
488 722 596 773 licet,
629 723 732 764 nihil
750 724 962 779 principiis
983 739 1086 779 opus
1107 740 1191 765 esse
1211 724 1384 776 colores,

239 801 321 837 815
355 796 439 838 Sed
459 794 579 838 variis
600 797 741 838 formis
760 799 978 839 varianteis
999 799 1119 840 edere
1140 807 1284 840 tactus.

411 871 634 922 Praeterea,
667 872 863 928 quoniam
883 887 969 913 non
990 873 1109 914 certis
1130 881 1241 915 certa
1261 873 1405 930 figuris

354 945 431 987 Est
450 954 598 987 natura
619 946 780 997 coloris,
813 955 854 987 et
873 947 1013 988 omnia
1033 948 1333 1002 principiorum

356 1019 648 1062 Formamenta
666 1030 823 1077 queunt
842 1021 885 1062 in
906 1036 989 1077 quo
1010 1021 1069 1061 vis
1090 1036 1176 1062 esse
1197 1021 1346 1062 nitore:

208 1184 242 1208 nt
259 1189 345 1220 aeque
361 1180 400 1210 ad
412 1179 532 1219 omnia,
547 1191 617 1221 quae
633 1180 858 1220 praecesserint,
875 1180 941 1210 haec

208 1231 367 1260 conclusio
382 1232 545 1261 referatur.

251 1282 334 1312 Ibid.
356 1285 484 1312 luminis
511 1285 595 1312 ictu:
621 1289 657 1312 ut
677 1285 744 1313 luce
764 1294 938 1322 percussus,

207 1343 269 1362 ver.
288 1335 360 1364 799.
379 1333 432 1362 ubi
443 1333 596 1362 nonnulla
612 1333 757 1364 diximus.
803 1334 868 1363 His
882 1344 937 1363 au-

207 1390 271 1413 tem
296 1390 415 1414 scatent
451 1384 644 1424 elegantium
671 1384 857 1423 scriptorum
883 1395 937 1423 pa·

206 1435 297 1475 ginae.

254 1488 325 1517 Ver.
352 1491 424 1516 809.
449 1487 565 1516 Sensus
585 1494 644 1517 est:
673 1491 694 1504 “
711 1487 763 1522 Et,
789 1487 939 1526 quoniam

211 1539 281 1568 “hi
308 1538 426 1568 colores
449 1538 605 1579 originem
631 1549 721 1568 suam
744 1539 807 1568 luci
833 1549 938 1577 accep-

209 1594 230 1607 “
247 1596 314 1619 tam
337 1590 487 1626 referunt,
511 1590 583 1620 licet
607 1590 695 1628 scire,
723 1590 743 1619 i.
769 1601 796 1620 e.
823 1590 939 1620 intelli-

209 1645 231 1660 “
247 1652 322 1682 gere
337 1642 498 1679 debemus,
522 1641 700 1681 putandum
713 1652 788 1677 esse,
804 1641 852 1671 vel
864 1652 938 1671 con-

209 1696 232 1711 “
248 1692 441 1723 cludendum
457 1704 532 1729 esse,
561 1693 679 1723 colores
694 1704 758 1723 non
771 1704 858 1732 posse
873 1693 940 1722 fieri

209 1748 232 1762 “
249 1745 315 1774 sine
327 1746 386 1775 hoc
401 1745 465 1775 ictu
481 1745 642 1776 luminis.'‘
688 1745 807 1774 Versus
822 1745 854 1773 in
871 1744 938 1773 vul-

207 1797 334 1837 garibus
358 1796 548 1826 editionibus
567 1797 627 1826 hoc
654 1802 745 1835 pacto
771 1807 938 1835 repraesen-

208 1849 266 1879 tari
284 1849 374 1887 solet,
390 1860 427 1879 cx
444 1849 554 1879 audaci
571 1849 760 1879 correctione
770 1848 933 1879 Lambini:

241 1910 337 1934 scilieet
350 1910 376 1934 id
386 1910 442 1934 sine
453 1917 485 1934 eo
497 1909 555 1934 fieri
565 1916 619 1933 non
632 1916 706 1940 posse
718 1910 870 1940 putandum
881 1912 926 1933 est.

210 1961 321 1995 Quum
337 1970 408 1989 vero
424 1961 507 1990 Scire
526 1961 595 1989 licet
620 1959 654 1988 in
669 1959 816 1988 omnibus
831 1968 936 1988 exem-

209 2012 347 2049 plaribus
357 2011 461 2050 probis
471 2011 658 2048 inveniatur,
676 2011 702 2040 si
712 2011 846 2049 excipias
856 2011 938 2040 Vin-

211 2061 417 2098 dobonensia3
441 2061 517 2090 fides
528 2061 684 2090 collatoris
698 2061 787 2090 istius
802 2061 891 2091 nobis
906 2062 938 2091 in

208 2112 418 2151 suspicionem
433 2112 526 2142 venit.
574 2112 661 2142 Illud
680 2118 721 2142 est
747 2111 939 2143 desideratur

208 2163 336 2204 reliquis
351 2170 462 2203 praeter
476 2164 513 2194 L.
531 2164 578 2193 M.
596 2170 641 2194 Ω.

250 2215 324 2245 Ver.
343 2219 415 2245 810.
433 2217 558 2255 Pupula
570 2229 580 2244 .·
600 2220 635 2245 Δ.
653 2216 793 2254 Papula;
813 2221 853 2244 Π.
872 2217 938 2245 Pu-

205 2267 386 2306 pium—Et
405 2277 463 2296 vox
482 2267 603 2306 pupula
627 2265 746 2305 protriti
769 2265 842 2295 satis
865 2266 940 2295 usus

211 2327 272 2358 est3
288 2330 346 2350 nec
360 2319 467 2350 minus
481 2320 514 2349 in
526 2319 659 2359 pedestri
677 2329 828 2355 sermone,
845 2330 941 2360 quam

208 2373 343 2413 po'e‘tico:
370 2372 409 2403 de
424 2382 486 2412 quo
504 2372 687 2410 Salmasius,
711 2371 751 2402 ad
765 2372 796 2403 J.
816 2371 850 2402 C.
863 2372 940 2403 Per-

210 2424 266 2454 tin.
289 2424 433 2464 imperat.
449 2434 517 2462 cap.
537 2427 584 2453 15.

253 2476 328 2505 Ver.
343 2478 418 2505 811.
446 2481 486 2504 Π.
502 2485 570 2505 cum
587 2474 698 2513 repetit
712 2481 781 2514 post
795 2482 823 2507 et
828 2492 839 2512 ;
856 2474 940 2506 unde

209 2537 272 2557 non
288 2527 371 2557 male
386 2527 485 2567 legas:

240 2589 330 2618 Atque
342 2587 415 2611 aliud
426 2594 516 2619 porro,
526 2587 600 2619 nigra
607 2593 703 2618 quom,
713 2591 741 2612 et
747 2595 820 2619 quom
829 2592 940 2617 caetera,

318 2627 409 2652 sentit.

252 2685 327 2714 Ver.
344 2687 415 2714 812.
438 2687 555 2724 tangis:
582 2695 640 2724 ope
665 2685 781 2715 scilicet
802 2685 936 2724 pupulae.

210 2735 262 2764 Ita
276 2735 387 2775 legunt
402 2736 499 2766 vind.
524 2736 560 2766 L.
579 2736 618 2767 O.
639 2736 678 2772 Q.
695 2742 730 2768 Σ.
752 2736 806 2766 sed
827 2739 937 2776 tangit,

209 2787 247 2817 P.
263 2786 304 2816 V.
320 2787 367 2817 ed.
386 2789 424 2817 B.
444 2795 485 2818 Π.
502 2795 612 2828 tangas
628 2799 766 2827 rursum,
784 2789 830 2819 M.
845 2795 879 2819 Δ.
893 2795 937 2819 Ω.

211 2837 302 2867 Nihil
322 2837 459 2875 interest,
483 2850 578 2880 quam
601 2839 770 2870 dictionem
796 2851 813 2869 e
839 2840 938 2870 tribus

211 2888 316 2929 eligas.

254 2939 327 2969 Ver.
343 2942 414 2969 815.
437 2946 525 2970 sunt:
551 2941 593 2971 sic
611 2942 649 2971 V.
665 2942 712 2972 ed.
730 2943 767 2973 B.
784 2943 831 2972 M.
849 2948 883 2973 Δ.
902 2949 935 2974 Σ.

209 2991 330 3032 reliqui,
347 2994 563 3033 sinn—quali:
584 2998 619 3024 Δ.
635 2996 750 3033 quali&
777 2995 865 3034 quasi
880 3005 932 3025 vo-

986 1179 1079 1210 luerit
1095 1179 1180 1209 haud
1194 1178 1370 1216 invenuste,
1387 1176 1490 1217 elapsa
1502 1177 1600 1216 litera,
1617 1184 1652 1210 ut
1672 1180 1718 1218 fit,

985 1232 1025 1261 ad
1041 1232 1137 1261 finem
1152 1230 1271 1261 versus:

1149 1297 1243 1315 verum
1255 1290 1351 1322 qualeis
1362 1290 1446 1322 magis
1457 1294 1520 1322 apta
1521 1291 1624 1323 figuras
1635 1300 1644 1316 .-

983 1344 1018 1367 ut
1043 1338 1149 1367 statim
1174 1339 1207 1367 in
1232 1349 1366 1368 numero
1392 1339 1616 1378 multitudinis,
1649 1349 1714 1370 ver.

984 1394 1057 1421 816.

1026 1442 1100 1471 Ver.
1117 1444 1188 1471 814.
1211 1443 1338 1472 colores:
1364 1441 1407 1471 ita
1431 1441 1559 1472 Nonius
1578 1442 1716 1472 Marcel-

984 1494 1034 1523 lus
1048 1494 1133 1533 legit‚
1158 1494 1208 1524 vii.
1227 1498 1297 1524 115.
1320 1494 1411 1533 cujus
1426 1496 1492 1524 haec
1514 1502 1589 1525 sunt
1603 1497 1712 1526 verba:

984 1549 1006 1563 “
1025 1545 1116 1584 Opus
1131 1552 1177 1575 est
1192 1547 1276 1575 illam
1302 1557 1377 1582 rem,
1401 1556 1457 1584 pro
1485 1556 1564 1585 opus
1590 1553 1635 1576 est
1662 1546 1717 1577 illd

985 1601 1007 1615 “
1023 1597 1097 1628 re.·’'
1121 1596 1235 1627 deinde
1261 1603 1405 1636 provocat
1432 1598 1656 1638 grammaticus
1676 1594 1718 1629 ad

985 1649 1088 1679 Plaut.
1115 1648 1232 1678 Cistell.
1256 1649 1294 1678 iv.
1319 1652 1346 1678 2.
1367 1652 1419 1678 40.
1446 1649 1535 1688 Capt.
1551 1649 1571 1679 i.
1589 1653 1662 1680 261.
1685 1655 1716 1679 et

984 1700 1081 1729 nostri
1107 1709 1241 1730 versum.
1287 1700 1398 1735 Quum
1424 1700 1464 1729 sit
1493 1700 1552 1730 hoc
1574 1701 1718 1741 regimen

984 1753 1193 1794 exquisitioris
1210 1753 1294 1790 usus,
1318 1753 1452 1795 ideoque
1468 1754 1666 1793 scriptoribus
1679 1755 1717 1786 li-

983 1806 1091 1836 brariis
1106 1806 1212 1836 minus
1240 1806 1380 1842 obvium,
1402 1816 1460 1836 nec
1475 1816 1541 1836 non
1565 1807 1716 1838 Lucretio

983 1857 1059 1887 alias
1073 1851 1241 1895 usitatum3
1258 1857 1400 1898 quamvis
1409 1857 1517 1887 omnia
1528 1862 1649 1888 vetusta
1659 1869 1713 1888 ex-

983 1910 1134 1949 emplaria
1148 1910 1181 1939 in
1197 1912 1293 1940 colore
1308 1909 1517 1947 consentiant,
1541 1919 1605 1939 non
1622 1909 1718 1941 dubi-

982 1961 1044 1990 tavi
1059 1961 1099 1991 ad
1114 1961 1248 1991 aliorum
1269 1971 1414 1991 normam
1430 1960 1587 1991 editorum
1614 1961 1716 1991 Nonii

982 2012 1150 2042 lectionem
1166 2012 1321 2051 adopmre.
1368 2011 1492 2042 Redeas
1507 2011 1547 2042 ad
1562 2017 1669 2042 notata
1682 2012 1717 2042 in

983 2074 1046 2094 ver.
1060 2068 1111 2095 21.
1127 2065 1258 2105 hujusce
1270 2064 1352 2095 libri.

1026 2116 1099 2146 Ver.
1115 2120 1186 2147 815.
1212 2118 1380 2146 varianteis
1402 2121 1520 2146 tactus:
1548 2115 1570 2144 i.
1585 2124 1610 2144 e.
1641 2117 1664 2132 “
1681 2124 1716 2144 o-

984 2171 1006 2186 “
1023 2167 1109 2197 culos
1138 2173 1277 2207 tangere,
1309 2173 1340 2196 et
1365 2172 1450 2196 tactu
1473 2166 1557 2195 varie
1581 2165 1716 2204 afficere,

984 2222 1007 2236 ‘⁶
1024 2220 1063 2248 ob
1078 2218 1195 2248 formas
1217 2218 1439 2256 discrepantes3
1465 2226 1529 2247 non
1551 2222 1659 2246 autem
1675 2218 1716 2247 ob

985 2273 1006 2288 ‘⁸
1023 2269 1166 2299 colorum
1182 2268 1422 2299 diversitatem.”
1458 2268 1593 2307 Nempe,
1609 2278 1718 2298 vocem

984 2328 1083 2352 tactus
1106 2321 1146 2351 ad
1161 2332 1271 2351 omnes
1295 2332 1404 2351 sensus
1427 2321 1576 2350 Lucretio
1596 2320 1717 2357 referri,

984 2374 1017 2404 in
1033 2373 1244 2412 superioribus
1254 2373 1428 2409 innuimus
1448 2372 1488 2402 ad
1503 2383 1564 2403 ver.
1580 2376 1652 2404 410.

1030 2426 1105 2455 Ver.
1129 2429 1200 2456 816.
1232 2424 1319 2455 Illud
1340 2436 1413 2462 non,
1436 2423 1520 2453 male
1549 2423 1716 2462 sociatum,

984 2478 1144 2508 editorum
1159 2476 1265 2506 oculos
1279 2476 1318 2506 ad
1340 2485 1450 2505 veram-
1470 2474 1531 2504 loci
1555 2480 1715 2504 construc-

983 2529 1103 2559 tionem
1126 2527 1260 2568 caligare
1288 2527 1378 2564 fecit;
1409 2526 1542 2566 ideoque
1576 2518 1715 2554 mentem

984 2581 1083 2620 po'eltae
1110 2579 1293 2620 neutiquam
1319 2583 1497 2618 perceptam
1526 2577 1712 2606 habuerunt.

986 2632 1038 2662 Ita
1052 2631 1153 2670 capias
1168 2630 1366 2666 sententiam,
1391 2635 1421 2659 et
1436 2627 1617 2668 objectionis
1630 2625 1709 2655 vim:

983 2688 1004 2703 “
1020 2684 1185 2718 Praeterea,
1222 2681 1375 2722 quoniam
1407 2679 1524 2710 colores
1554 2687 1593 2707 ex
1623 2675 1715 2705 variis

983 2740 1005 2754 “
1022 2734 1265 2774 primordiorum
1293 2732 1401 2773 figuris
1422 2730 1558 2770 pendere
1579 2726 1713 2764 nolunt3

984 2792 1005 2806 “
1023 2787 1077 2817 sed
1099 2786 1294 2817 contendunt
1318 2784 1443 2819 scilicet,
1465 2778 1618 2820 principia
1647 2778 1712 2809 for-

983 2844 1005 2858 “
1022 2849 1145 2869 marum
1160 2838 1402 2878 omnigenarum
1416 2831 1524 2874 quovis
1541 2830 1642 2861 imbui
1657 2841 1711 2861 CO-

980 2894 1002 2909 “
1022 2890 1086 2920 lore
1098 2900 1197 2930 posse,
1213 2888 1388 2928 promiscue
1403 2884 1570 2924 conjuncto
1582 2894 1591 2920 3
1607 2882 1708 2915 unde-

981 2946 1004 2960 “
1021 2952 1095 2971 nam
1107 2940 1228 2975 accidit,
1252 2937 1436 2977 omnigenos
1462 2934 1580 2964 colores
1603 2932 1706 2963 omni-

980 2999 1002 3014 “
1016 2995 1106 3035 genis
1120 2992 1308 3025 animalibus
1323 2991 1409 3023 haud
1424 2987 1632 3031 contigisse?'‘
