1894 3253
266 238 358 277 344

758 232 823 278 T.
878 232 1254 280 LUCRETII

409 366 495 405 Aut
516 361 677 403 simileis
698 363 792 404 totis
812 364 1054 405 animalibus
1074 379 1159 405 esse
1177 365 1330 420 putari.

409 439 481 487 At,
504 444 709 492 nequeant
727 452 801 492 per
821 453 862 478 se
881 446 1017 493 partes
1039 439 1202 488 sentire,
1225 452 1386 479 necesse
1406 447 1484 488 est3

293 517 376 553 910
409 512 599 567 Namque
619 511 718 552 alios
739 526 876 552 sensus
899 512 1180 553 membrorum
1201 512 1354 567 respuit
1375 512 1522 552 omnis:

406 586 495 628 Nec
516 601 661 627 manus
681 602 706 627 a
725 586 843 627 nobis
863 587 972 642 potis
994 595 1053 628 est
1074 595 1241 637 secreta,
1263 601 1396 643 neque
1415 586 1496 628 ulla

408 661 605 716 Corporis
624 662 795 702 omnino
815 677 977 703 sensum
997 678 1091 718 pars
1111 662 1195 704 sola
1215 670 1366 704 tenere.

403 735 639 790 Linquitur,
662 743 708 776 ut
728 737 822 777 totis
842 736 1082 778 animalibus
1103 737 1402 786 adsimilentur3

404 809 529 851 Vitali
549 818 595 851 ut
614 811 771 865 possint
790 813 1020 854 consentire
1039 812 1221 868 undique
1242 826 1375 852 sensu,

259 968 381 1009 generis
409 968 630 1008 praecesserint,
668 970 707 1000 ad
739 970 864 1001 libitum
893 972 985 1010 po'e'ta

258 1026 363 1050 noster
384 1030 484 1060 genus
511 1020 653 1062 adjectivi
677 1023 724 1052 sui
747 1023 865 1052 variare
889 1023 980 1053 solet:

256 1083 351 1113 quare
379 1072 476 1113 igitur
505 1072 590 1103 haud
616 1074 755 1112 posuerit
780 1076 916 1112 sinzikis,
949 1082 984 1105 ut

255 1135 344 1155 venas
374 1130 405 1154 et
434 1135 536 1154 nervos
567 1124 662 1155 dictio
693 1126 865 1164 respiceret,
896 1137 983 1166 aeque

254 1178 334 1206 bene
350 1186 385 1206 ac
410 1178 538 1213 similia,
563 1176 647 1216 quod
662 1176 701 1207 ad
716 1180 829 1208 viscera
846 1178 982 1208 reseren-

255 1227 333 1258 dum
348 1227 448 1259 foret?
474 1227 556 1258 Vide
575 1229 728 1258 nonnulla
743 1229 781 1259 de
796 1231 854 1259 hoc
868 1240 984 1270 genere

254 1279 294 1309 ad
310 1280 328 1309 i.
345 1282 416 1310 867.
433 1282 505 1309 889.
552 1279 592 1307 In
609 1279 657 1307 his
679 1285 785 1308 autem
800 1281 983 1310 mutationi-

255 1331 313 1360 bus
324 1339 380 1369 pro
395 1329 522 1359 arbitrio
537 1329 627 1359 factis
642 1329 774 1360 editores
789 1331 914 1361 hercule
926 1332 983 1361 sibi

255 1381 392 1411 nimium
419 1380 556 1410 nimium
581 1380 914 1421 indulsere.-putarz'.·
941 1383 977 1413 P.

248 1435 399 1473 putarim.

298 1485 374 1514 ver.
391 1488 462 1515 909.
487 1485 547 1514 At:
575 1484 610 1513 P.
628 1483 723 1513 vind.
741 1475 853 1514 Vjed.
878 1485 917 1514 o.
942 1485 980 1521 Q.

255 1540 289 1566 Δ.
309 1542 348 1565 Π.
366 1540 400 1566 Σ.
418 1536 490 1565 Aut.
535 1535 579 1564 Et
593 1544 705 1564 omnes
719 1534 804 1565 haud
819 1534 913 1565 dubie
928 1546 979 1566 ne-

253 1597 331 1618 cesse
354 1593 411 1622 est;
438 1596 501 1626 quo
526 1585 605 1616 nihil
627 1585 819 1626 elegantius:
847 1597 921 1616 nam
943 1597 980 1617 ex

254 1638 377 1669 silentio
404 1638 614 1678 Havercampi
638 1637 677 1668 de
703 1638 808 1668 codice
833 1639 869 1669 L.
900 1639 982 1670 nihil

254 1691 468 1732 objiciendum
496 1697 552 1729 est,
580 1701 679 1732 quum
705 1691 789 1721 idem
813 1691 852 1721 de
868 1693 908 1722 V.
931 1692 980 1723 ed.

254 1744 349 1773 etiam
365 1743 462 1773 sileat.
503 1743 528 1772 A
536 1742 713 1772 udacissimi
729 1749 834 1773 tamen
850 1743 982 1774 editores

254 1795 292 1826 de
308 1805 365 1824 suo
387 1794 476 1824 nobis
491 1794 692 1833 propinavere
713 1805 767 1825 nec
782 1806 842 1826 esse
848 1811 859 1831 ;
882 1796 982 1825 securi

251 1847 369 1877 interea
390 1846 427 1876 de
443 1846 595 1876 sermonis
618 1846 822 1887 grammatica
845 1848 982 1887 proprie-

253 1904 326 1936 tate,
353 1909 447 1939 quam
464 1904 587 1937 tempus
602 1898 685 1928 verbi
711 1905 861 1938 nequeant
877 1905 982 1938 aperte

251 1951 353 1981 violat.
401 1951 451 1981 Sic
465 1957 572 1981 autem
587 1956 704 1981 temere
726 1957 756 1981 et
779 1951 897 1982 nefarie
912 1963 982 1991 pas-

252 2002 312 2031 sim
328 2008 433 2032 actum
449 2008 494 2032 est
508 2013 583 2032 cum
598 2003 758 2033 Lucretio!

294 2061 368 2090 Ver.
386 2064 458 2092 910.
479 2063 572 2091 alios:
600 2063 638 2097 Q.
656 2063 703 2092 M.
726 2064 974 2095 alias.—0nmis.·

253 2113 291 2144 P.
307 2115 428 2143 omneis.
473 2113 569 2144 Ecce!
594 2113 710 2143 iterum
732 2123 813 2142 nova
828 2114 978 2154 facinora,

252 2172 345 2206 atque
365 2175 401 2195 ea
426 2164 666 2205 flagitiosissima
692 2165 829 2205 quidem,
856 2167 977 2197 critico-

253 2227 336 2254 rum,
359 2216 510 2246 sermonis
526 2216 705 2246 Lucretiani
732 2216 867 2246 colorem
884 2218 978 2248 nullis

251 2267 351 2298 oculis
365 2267 621 2307 adspicientium3
644 2267 697 2308 qui
713 2278 750 2298 ex
767 2268 890 2298 officina
905 2280 975 2308 pro-

254 2319 320 2360 pria
345 2320 389 2350 sic
414 2319 542 2352 tandem
560 2325 719 2354 recoctum
742 2320 831 2353 nobis
856 2331 979 2353 versum

253 2370 440 2402 retulerunt:

300 2446 422 2476 Namque
440 2444 521 2469 aliam
541 2451 630 2470 sensus
651 2445 837 2470 membrorum
859 2453 897 2470 res
915 2446 976 2478 petit

438 2492 538 2509 omnis.

253 2560 291 2590 Ες
307 2570 432 2599 κορακας
458 2566 532 2587 cum
556 2557 645 2587 bellis
667 2557 731 2587 suis
746 2559 910 2588 verborum
935 2558 974 2588 ad

250 2614 360 2648 gustus
394 2609 534 2647 proprios
568 2609 797 2639 conditionibus
830 2610 974 2640 malefida

250 2660 340 2699 gens!
366 2659 496 2698 Versus,
525 2666 618 2700 prout
639 2671 695 2691 nos
716 2661 757 2690 ad
778 2662 974 2691 membrana-

250 2720 322 2741 rum
347 2717 441 2752 atque
466 2712 611 2743 omnium
633 2719 771 2743 veterum
789 2713 973 2752 exemplari-

251 2774 306 2794 um
321 2764 415 2795 fidem
430 2766 639 2805 exhibuimus,
664 2768 825 2807 perspicua
840 2773 885 2797 est
900 2776 972 2796 con-

250 2815 378 2844 structio
384 2828 393 2852 ;
416 2823 446 2847 et
462 2818 572 2856 oratio,
595 2819 620 2850 si
636 2829 699 2859 qua
713 2818 799 2854 alias,
820 2824 855 2848 ut
869 2818 912 2848 ita
926 2817 974 2847 di-

1029 976 1050 990 “
1067 982 1119 1001 sus
1134 969 1386 1001 membrorum:'’
1410 968 1493 1010 quod
1503 974 1548 999 est
1562 969 1751 1009 ipsissimum

1030 1023 1103 1054 Cari
1125 1023 1293 1062 specimen,
1317 1032 1373 1061 pro
1394 1023 1525 1051 aliorum
1555 1024 1751 1052 membrorum

1027 1087 1146 1106 sensus:
1172 1075 1241 1104 vide
1257 1085 1312 1104 nos
1327 1073 1365 1104 ad
1382 1074 1400 1104 i.
1415 1077 1485 1104 120.
1501 1079 1532 1104 et
1543 1073 1615 1103 alibi
1631 1074 1753 1113 saepius.

1025 1127 1134 1157 —Pro
1150 1137 1270 1164 manus,
1297 1126 1329 1156 in
1355 1135 1446 1155 versu
1463 1130 1620 1165 sequente,
1647 1131 1681 1156 Δ.
1698 1135 1754 1155 ex-

1027 1178 1112 1208 hibet
1126 1189 1264 1217 magnus.

1070 1239 1145 1269 Ver.
1165 1242 1236 1270 912.
1262 1241 1415 1279 Corporis:
1442 1239 1482 1268 V.
1504 1238 1551 1269 ed.
1576 1245 1615 1268 Π.
1644 1241 1752 1278 Corpo-

1025 1292 1269 1320 rum—omnino
1279 1304 1289 1320 .·
1312 1297 1352 1320 Π.
1363 1301 1459 1330 neque
1468 1292 1735 1320 omnis—sensum
1743 1303 1753 1320 :

1028 1347 1069 1370 Π.
1086 1351 1203 1376 sensus;
1231 1347 1273 1370 Ω.
1290 1352 1388 1371 sensu.

1070 1400 1141 1430 Ver.
1159 1404 1229 1431 915.
1252 1401 1456 1431 animalibus:
1482 1400 1517 1430 in
1533 1399 1626 1430 Vind.
1654 1405 1688 1431 Σ.
1707 1406 1750 1430 Ω.

1025 1451 1166 1481 scribitur
1182 1453 1399 1482 animantibus.

1069 1511 1141 1541 Ver.
1167 1515 1237 1543 914.
1261 1514 1444 1541 consentire:
1481 1510 1499 1540 i.
1516 1521 1541 1540 e.
1572 1511 1636 1541 unzi
1666 1518 1752 1550 parte

1025 1562 1110 1592 vitali
1126 1562 1243 1592 caeteris
1258 1562 1476 1601 respondente,
1494 1573 1529 1592 ac
1544 1569 1737 1603 congruente
1743 1576 1752 1602 ;

1025 1620 1060 1644 ut
1082 1614 1156 1644 hinc
1171 1613 1287 1644 animal
1310 1624 1411 1643 unum
1433 1620 1464 1643 et
1487 1613 1619 1652 simplex
1636 1615 1751 1645 consti-

1024 1672 1141 1702 tuatur,
1161 1667 1307 1696 omnibus
1325 1665 1473 1696 membris
1488 1666 1551 1696 suis
1564 1667 1751 1699 absolutum.

1070 1726 1142 1757 Ver.
1166 1729 1237 1758 915.
1259 1737 1361 1756 rerum
1380 1728 1573 1765 primordia.-
1601 1737 1670 1767 quae
1695 1738 1751 1757 ne-

1025 1788 1108 1808 cesse
1125 1784 1170 1808 est
1185 1777 1294 1818 utique
1310 1783 1423 1808 oeterna
1440 1777 1511 1812 sint,
1535 1783 1566 1807 et
1584 1777 1636 1808 leti
1652 1777 1753 1818 plagae

1026 1840 1090 1860 non
1106 1830 1252 1860 obnoxia:
1280 1829 1373 1859 adeas
1387 1829 1406 1859 i.
1423 1830 1602 1860 237—250.

1070 1891 1143 1922 Ver.
1160 1894 1232 1922 916.
1248 1892 1302 1921 leti
1315 1893 1389 1922 vias.
1424 1889 1588 1929 Horatius,
1604 1889 1653 1923 od.
1668 1890 1688 1921 i.
1701 1893 1751 1920 28.

1029 1945 1076 1973 15.

1310 2023 1404 2041 omnes
1415 2023 1468 2040 una
1479 2019 1572 2041 manet
1583 2022 1651 2047 nox,

1146 2065 1179 2088 Et
1190 2064 1318 2088 calcanda
1329 2063 1411 2089 semel
1423 2063 1473 2088 via
1484 2063 1535 2088 leti.

1066 2140 1142 2170 Ver.
1172 2143 1243 2172 917.
1269 2143 1471 2171 animalibus:
1504 2147 1548 2171 Ω.
1579 2142 1748 2173 animabus.

1021 2194 1115 2222 ——in.·
1142 2192 1185 2222 sic
1209 2193 1246 2222 L.
1277 2199 1321 2223 Ω.
1348 2195 1421 2230 sint,
1449 2193 1484 2222 P.
1508 2195 1552 2230 id,
1581 2193 1620 2224 Ο.
1642 2199 1677 2224 Δ.
1695 2194 1749 2224 sed

1020 2244 1107 2272 abest
1135 2243 1266 2273 omnino
1295 2244 1394 2274 vind.
1421 2244 1461 2274 V.
1491 2243 1539 2274 ed.
1569 2245 1608 2280 Q.
1641 2251 1682 2276 Π.
1712 2251 1748 2277 Σ.

1024 2293 1185 2323 Sententia
1211 2295 1277 2324 haec
1307 2300 1352 2324 est
1375 2295 1448 2325 loci:
1485 2299 1508 2314 “
1526 2296 1641 2335 Atque,
1669 2295 1748 2327 dum

1024 2348 1046 2363 “
1063 2345 1252 2375 animalibus
1274 2345 1359 2384 ipsis,
1387 2355 1497 2375 eorum
1513 2346 1656 2387 congerie
1681 2347 1747 2377 for-

1021 2400 1043 2414 “
1060 2397 1161 2432 matis,
1192 2397 1312 2434 insunt,
1339 2398 1378 2426 ab
1406 2396 1593 2427 animalibus
1618 2397 1746 2438 integris

1022 2450 1043 2465 “
1060 2447 1140 2477 nihil
1169 2447 1378 2487 discrepant.’'
1429 2448 1510 2484 Quae
1538 2447 1632 2487 plana
1659 2454 1741 2479 sunt.

1027 2501 1095 2530 Una
1123 2505 1229 2529 autem
1253 2499 1286 2529 in
1309 2510 1441 2530 numero
1462 2499 1685 2538 multitudinis,
1709 2505 1745 2530 ut

1018 2561 1121 2589 supra,
1148 2561 1208 2581 ver.
1225 2553 1296 2582 667.
1322 2551 1366 2580 iii.
1390 2553 1462 2582 617.
1487 2562 1513 2581 ν.
1542 2554 1615 2583 895.
1662 2550 1743 2581 Vide

1017 2603 1038 2633 J
1041 2612 1199 2643 aegerum‚
1212 2602 1251 2633 ad
1268 2603 1415 2633 Mamert.
1428 2608 1517 2643 gratt.
1533 2609 1590 2634 act.
1602 2603 1626 2634 J
1626 2602 1741 2638 uliano,

1021 2658 1048 2685 9.
1071 2657 1099 2684 4.

1061 2713 1136 2743 Ver.
1154 2717 1224 2745 918.
1251 2716 1352 2749 Quod:
1373 2714 1413 2745 V.
1429 2714 1476 2745 ed.
1497 2713 1668 2748 Quz'd.-ab
1684 2723 1741 2743 coe-

1017 2770 1070 2794 tu:
1095 2765 1154 2794 hoc
1178 2764 1310 2795 editores
1333 2775 1370 2795 ex
1385 2765 1478 2795 variis
1492 2763 1674 2794 lectionibus
1689 2774 1742 2793 ex.

1018 2815 1181 2853 tuderunt3
1206 2822 1236 2847 et
1261 2817 1340 2846 nihil
1362 2817 1427 2855 ipse
1441 2816 1530 2846 video
1544 2815 1742 2854 probabilius.

251 2874 332 2902 cam,
369 2865 679 2900 Lucretianissimum
717 2870 854 2909 leporem
888 2869 974 2907 sapit.
1020 2867 1057 2897 P.
1072 2868 1109 2897 ab
1125 2869 1205 2898 coitu
1211 2883 1222 2904 ‚·
1239 2867 1323 2908 quod
1333 2867 1417 2897 idem
1432 2872 1489 2897 est:
1510 2872 1545 2896 Δ.
1562 2867 1598 2896 ab
1612 2877 1644 2897 eo
1660 2873 1739 2904 ortu,-

253 2919 274 2936 “
293 2915 437 2957 Namque
452 2919 555 2950 omnis
574 2931 650 2959 pars
672 2921 789 2961 respuit
809 2921 886 2952 alios
906 2930 975 2950 sen-

994 2981 1014 3009 5

1022 2921 1061 2951 O.
1080 2927 1119 2953 Π.
1142 2927 1227 2958 ortu,·
1252 2922 1292 2952 V.
1308 2919 1356 2951 ed.
1384 2920 1422 2951 Β.
1447 2919 1484 2951 L.
1512 2920 1560 2950 M.
1583 2924 1616 2952 Σ.
1646 2921 1684 2951 ab
1708 2930 1742 2951 eo
