1894 3253
160 269 226 308 40
659 256 721 304 Τ.
779 253 1163 305 LUCRETII

309 390 563 439 Discutiant,
586 388 657 428 sed
678 388 852 429 Naturae
872 387 1039 442 Species,
1065 387 1288 443 Ratioque:

200 471 278 508 150
316 466 477 515 Quoius
496 461 746 518 principium
766 461 865 503 hinc
884 461 1003 502 nobis
1025 460 1196 502 exordia
1215 468 1366 510 sumet3

312 539 479 582 Nullam
500 551 588 578 rem
608 551 631 577 e
651 535 780 577 nihilo
800 535 918 593 gigni
939 535 1134 576 divinitus
1155 549 1364 590 umquam.

313 613 481 667 Quippe
500 611 557 652 ita
577 610 756 652 formido
776 610 983 651 mortaleis
1004 609 1188 650 continet
1208 609 1384 659 omneis,

315 686 444 736 Quod
463 685 593 727 multa
612 685 656 726 in
676 685 794 727 terris
815 684 905 726 fieri
925 683 1109 739 coeloque
1129 691 1314 733 tuentur,

315 761 510 811 Quorum
530 774 703 816 operum
724 774 883 801 caussas
903 757 1015 800 nulla
1035 758 1195 799 ratione
1215 756 1358 798 videre

174 929 309 962 quorum
324 917 540 949 testimonium
550 916 669 947 siluerit
679 916 836 946 editorum
853 915 901 944 in-
951 918 974 933 “
988 914 1230 953 superstitiosus,
1255 913 1336 943 nihil
1351 923 1416 943 esse
1432 912 1523 943 Divis
1538 913 1682 953 impossi-

173 970 344 1012 diligentia.
390 969 490 999 Hunc
520 974 627 998 autem
654 977 718 997 non
740 966 903 1005 patiuntur
952 969 974 983 “
987 965 1062 1003 bile,
1086 965 1135 994 ita
1160 964 1276 994 finibus
1292 963 1434 1004 angustis
1448 964 1584 994 inclusos
1598 974 1684 994 mor-

174 1024 317 1054 ordinem
342 1021 436 1052 metri
461 1020 666 1051 necessitates.
711 1019 786 1048 Non
808 1018 906 1058 igitur
949 1020 969 1035 “
986 1016 1064 1046 tales
1078 1022 1176 1054 tenet,
1191 1021 1228 1045 ut
1243 1025 1309 1045 non
1328 1015 1466 1045 audeant
1478 1015 1637 1054 expafiari,
1653 1021 1686 1046 et

170 1074 335 1116 judicandi
350 1083 461 1104 sumus
475 1082 543 1102 rem
558 1071 738 1102 inconsulto
753 1070 859 1109 nimis,
875 1075 907 1100 et
950 1071 972 1086 “
987 1078 1074 1098 veras
1089 1077 1196 1097 rerum
1215 1076 1338 1097 caussas
1353 1066 1556 1107 investigare3
1574 1066 1685 1096 formi-

175 1137 233 1166 pro
248 1125 387 1163 arbitrio,
404 1124 644 1154 administrasse.
952 1123 972 1138 “
989 1118 1141 1149 dabilium
1157 1118 1305 1148 omnium
1320 1117 1552 1147 confectionem
1567 1117 1688 1157 patien-

178 1179 288 1213 Porro,
305 1177 514 1207 subobscurus
530 1180 576 1204 est
589 1174 651 1203 loci
667 1184 786 1210 sensus,
812 1179 843 1203 et
859 1183 907 1203 ra·
951 1174 975 1189 “
994 1176 1040 1200 ter
1052 1176 1145 1210 atque
1156 1168 1336 1199 inconsulto
1347 1168 1425 1198 dixis
1435 1168 1604 1199 attribuere
1615 1178 1692 1198 con-

177 1229 222 1259 tio
238 1226 485 1258 constructionis.
519 1225 570 1254 Sic
585 1235 653 1254 rem
667 1223 905 1262 concipiendam
950 1225 972 1239 “
990 1220 1098 1251 tenti.”
1144 1221 1188 1250 Et
1203 1226 1260 1257 est,
1287 1219 1322 1250 ni
1353 1219 1456 1256 fallor,
1481 1221 1520 1250 ab
1534 1218 1692 1251 venatorid

179 1280 321 1311 arbitrer:
349 1281 372 1297 “
391 1277 492 1318 Cujus
508 1276 664 1314 Rationis,
689 1276 737 1306 vel
763 1275 906 1306 Philoso-
950 1283 982 1302 re
998 1271 1131 1301 tralatio.
1167 1270 1255 1306 Quid
1270 1270 1384 1309 velim,
1399 1271 1473 1301 satis
1488 1271 1605 1311 aperiet
1617 1271 1694 1302 Vir-

180 1337 203 1352 “
219 1332 313 1372 phiae,
328 1329 519 1370 principium
535 1330 573 1359 ab
590 1330 660 1366 hoc,
673 1328 757 1369 quod
771 1329 908 1369 insequi-
953 1323 1061 1364 giliuS‚
1080 1323 1154 1353 ΖΕΗ.
1172 1323 1224 1352 xii.
1242 1326 1314 1354 749.

182 1387 205 1402 ‘⁴
222 1391 282 1420 tur,
300 1382 458 1413 axiomate
474 1380 662 1416 exordietur,
684 1379 733 1409 vel
755 1390 846 1410 suam
861 1379 910 1409 in·
987 1390 1115 1414 znczumm
1127 1390 1212 1415 ve1uti
1223 1391 1243 1414 si
1255 1390 1363 1421 quando
1375 1390 1402 1414 in
1415 1390 1527 1415 flumine
1536 1393 1631 1415 nactus

183 1439 204 1454 ‘⁴
221 1436 327 1466 stituet
341 1432 601 1473 profectionem.’‘
648 1431 814 1473 Virgilius,
837 1431 912 1461 [En.
988 1431 1119 1460 cervum,
1131 1434 1178 1453 aut
1191 1430 1315 1461 puniceae
1327 1433 1423 1461 septum
1427 1429 1576 1460 formidine
1587 1434 1698 1461 pennae,

181 1487 223 1518 iv·
241 1490 317 1518 284-
993 1472 1111 1495 Venator
1123 1477 1213 1499 cursu,
1225 1469 1298 1493 canis
1309 1473 1336 1493 et
1348 1469 1500 1500 latratibus,
1512 1469 1604 1493 instat.

472 1559 534 1585 quae
546 1553 633 1585 prima
643 1552 749 1577 exordia
759 1560 831 1577 suma
834 1556 843 1577 t
850 1552 862 1576 ἓ
965 1528 1120 1558 Conferas
1137 1527 1265 1557 Nemes.
1282 1535 1390 1566 cyneg.
1406 1529 1588 1558 505—509.

1005 1579 1082 1609 Ver.
1101 1582 1172 1610 155.
1224 1580 1329 1613 Quod:
1350 1585 1394 1609 Π.
1422 1580 1537 1613 Quom:
1562 1588 1621 1609 nec
1638 1577 1702 1609 dis·

962 1630 1067 1670 plicet.

227 1611 306 1640 Ver.
328 1613 397 1641 151.
432 1609 701 1649 Vulgatissimum
716 1615 763 1639 est
772 1609 832 1639 hoc
844 1609 919 1639 effa-

185 1667 256 1692 tum
270 1668 413 1691 veterum
428 1661 644 1700 physicorum,
671 1660 756 1700 quod
771 1660 814 1690 sic
831 1659 920 1690 Aris-

187 1713 298 1744 toteles
314 1712 437 1750 extulit,
465 1723 561 1753 quem
577 1712 708 1742 suscitat
729 1712 920 1742 Lambinus:

190 1771 226 1796 To
238 1778 401 1806 γιγνομενον
414 1777 446 1795 εκ,
457 1778 499 1803 μη
513 1778 596 1794 οντων
611 1766 770 1804 γιγνεσραι,
782 1763 928 1794 αδυνατον·

191 1830 253 1860 περι
290 1831 350 1859 γαρ
387 1830 498 1850 ‘tanti-m
533 1817 741 1856 ὁμογνωμονεσι
769 1829 820 1849 τῆς
847 1814 923 1854 δοξῆς

191 1881 299 1902 παντες
317 1868 341 1898 οἵ
357 1880 420 1910 περι
436 1875 551 1908 φυσεως.
597 1867 736 1903 Persius,
752 1866 794 1897 iii.
812 1870 862 1897 85.

1011 1685 1086 1714 Ver.
1101 1686 1172 1715 154.
1188 1694 1324 1714 caussas.
1349 1682 1459 1713 Audio
1471 1682 1607 1713 Fabium
1619 1682 1705 1713 instt.

971 1742 1046 1766 orat.
1062 1736 1082 1766 i.
1096 1738 1125 1767 7.
1170 1739 1193 1753 “
1210 1733 1317 1770 Quid?
1343 1733 1428 1774 quod
1451 1733 1610 1764 Ciceronis
1625 1739 1705 1764 tem-

976 1792 998 1806 “
1015 1787 1154 1827 poribus,
1170 1786 1378 1826 paullumque
1394 1785 1489 1823 infra,
1505 1785 1571 1816 fere
1586 1786 1709 1826 quoties

972 1844 996 1859 “
1012 1852 1026 1871 s
1052 1839 1142 1869 litera
1167 1839 1273 1869 media
1296 1837 1468 1875 vocalium,
1493 1837 1544 1867 vel
1569 1837 1711 1878 subjecta

974 1895 996 1910 “
1014 1892 1118 1932 longis
1135 1897 1224 1927 esset,
1248 1891 1489 1931 geminabatur?
1522 1897 1559 1922 ut
1580 1903 1708 1923 caussa:

223 1933 330 1978 AEgroti
341 1933 438 1977 “³²5³ss
450 1934 614 1978 meditantes
626 1933 741 1977 somnia,
753 1933 835 1965 Gigni
846 1971 853 1977 ,
974 1947 995 1961 “
1012 1953 1075 1982 quo
1091 1942 1186 1972 modo
1202 1948 1232 1972 et
1247 1942 1366 1982 ipsum,
1393 1949 1425 1972 et
1439 1943 1615 1984 Virgilium
1632 1954 1710 1984 quo-

224 1975 264 1998 De
276 1972 358 1997 ηὼιΙο
371 1972 446 2002 mlul,
457 1979 485 1996 m
497 1972 609 1996 mlulum
623 1972 658 1995 ml
670 1979 744 2003 posse
755 1975 863 1996 reverti.
973 1998 995 2012 u
1011 2004 1073 2034 que
1091 1994 1255 2032 scripsisse,
1273 2004 1388 2024 manus
1400 2005 1510 2024 eorum
1527 1995 1640 2025 docent
1655 1995 1675 2007 n

1018 2044 1091 2074 Ver.
1118 2047 1186 2074 155.
1209 2047 1314 2074 (livino
1341 2047 1487 2075 numine:
1513 2045 1532 2075 i.
1559 2056 1587 2076 e.
1615 2051 1710 2076 nutu.

978 2096 1156 2133 Homerus,
1176 2095 1216 2125 11.
1234 2101 1269 2126 A.
1286 2099 1358 2126 528.

194 2030 295 2061 Plura
320 2040 414 2069 super
437 2030 495 2059 hac
517 2039 551 2058 re
575 2028 754 2067 petentibus
776 2026 928 2057 mandem

198 2081 349 2112 Gatakeri
364 2080 608 2111 commentarios
623 2080 664 2110 ad
688 2080 790 2109 Marc.
809 2080 928 2110 Anton.

195 2135 234 2164 ἰν.
251 2138 280 2164 4.
303 2133 480 2163 eruditione
508 2131 675 2170 multiplici
698 2141 755 2170 pro
777 2141 864 2161 more
878 2131 925 2161 lo-

196 2184 433 2223 cupletissimos.
484 2183 552 2213 Nec
577 2189 684 2213 tamen
707 2181 861 2212 addidisse
875 2192 927 2212 me

196 2235 315 2276 pigebit
329 2236 388 2265 hoc
403 2235 519 2276 dogma
536 2245 573 2264 ex
591 2233 765 2264 Democriti
790 2233 929 2263 fontibus
973 2234 1005 2258 et
1021 2227 1186 2268 VirgiliuS,
1205 2228 1282 2259 AEn.
1299 2228 1350 2259 vii.
1367 2231 1440 2260 592.

1118 2176 1248 2202 κυανεῃσιν
1262 2166 1298 2192 eae’
1310 2174 1390 2202 aeguo-t
1405 2169 1518 2193 ΝΕΥΣΕ
1534 2170 1630 2203 Κρονίων
1641 2177 1650 2194 .·

198 2287 406 2324 emanavisse3
422 2286 477 2327 qui
489 2286 533 2316 sic
544 2285 689 2324 opinatus
701 2291 745 2315 est
755 2284 839 2324 apud
850 2284 929 2314 Dio·
1042 2300 1103 2307 —
1209 2293 1293 2313 saevae
1305 2291 1370 2312 nutu
1381 2287 1492 2319 Junonis
1504 2292 1570 2313 eunt
1581 2296 1631 2314 res.

200 2349 317 2379 genem
332 2338 506 2375 Laenium,
528 2337 570 2367 ix,
589 2340 639 2368 44,
686 2336 777 2369 Μῃδε,
793 2349 824 2367 2„
841 2348 879 2366 qe
892 2349 935 2375 μη
980 2327 1081 2358 Plura
1096 2326 1203 2357 videas
1218 2337 1313 2366 super
1327 2328 1385 2357 hac
1401 2337 1475 2357 voce
1491 2328 1530 2358 ad
1542 2328 1573 2358 ii.
1592 2332 1664 2360 (52.

200 2405 276 2425 oua-05
288 2393 421 2431 munem,
431 2389 502 2429 μηδε
514 2403 548 2423 εις
563 2403 596 2420 ¹ro
605 2403 647 2428 μῆ
661 2403 686 2419 ον
696 2390 867 2431 φθειξεσέαι.
893 2387 935 2417 In
1021 2379 1097 2409 ver·
1116 2382 1186 2410 156·
1207 2379 1259 2409 Ad
1271 2380 1356 2409 hune
1372 2379 1480 2410 locum
1496 2390 1622 2420 magnae
1632 2380 1717 2411 Clen-

201 2448 357 2482 quantum
383 2448 491 2472 autem
507 2440 728 2470 Democriteus
743 2439 840 2469 fuerit
857 2438 934 2477 Epi-
978 2436 1031 2461 tur
1046 2431 1146 2460 turbae
1161 2431 1194 2460 in
1211 2430 1381 2461 codicibus.
1414 2431 1536 2461 Versus
1554 2435 1625 2468 156,
1644 2435 1717 2468 157,

201 2503 307 2530 curus,
320 2493 411 2523 docet
422 2492 612 2523 Plutarchus
628 2491 661 2521 in
673 2491 780 2521 libello
792 2490 936 2521 adversus
984 2485 1060 2520 158,
1079 2481 1194 2511 desunt
1210 2481 1243 2511 5¹¹
1262 2488 1304 2512 Π·
1333 2482 1397 2512 duo
1421 2482 1541 2521 priores
1566 2481 1601 2511 in
1620 2481 1717 2513 Vind-

207 2543 364 2580 Colotem‚
387 2554 453 2575 non
468 2544 564 2584 longe
580 2544 618 2573 ab
640 2542 741 2578 initio,
767 2547 797 2572 et
821 2548 935 2572 stoma»
979 2540 1011 2564 et
1027 2544 1106 2564 verr·
1128 2536 1200 2571 157,
1220 2536 1291 2572 158,
1313 2537 1385 2572 l59›
1402 2533 1435 2564 31¹
1457 2534 1498 2564 V·
1516 2533 1564 2564 ed·
1580 2534 1618 2564 Β·
1644 2533 1715 2563 ΑΗ-

204 2595 297 2624 chose
315 2596 426 2626 Cicero
443 2595 556 2634 saepius
571 2595 605 2624 in
619 2593 850 2633 philosophicis.
980 2595 1018 2614 ΗΞ
1034 2591 1080 2615 est
1095 2584 1172 2615 OTdO
1193 2595 1342 2615 versuum
1359 2585 1392 2615 in
1419 2592 1463 2616 Ω.
1486 2585 1526 2616 ad
1540 2586 1626 2615 hunc
1647 2594 1717 2614 mo-

250 2646 332 2676 Ibid.
354 2649 522 2679 divinitus.-
549 2647 568 2677 i.
585 2657 611 2677 e.
628 2646 761 2677 deorum
775 2651 937 2684 potestate.
983 2636 1076 2666 dum²
1102 2647 1180 2667 verr·
1199 2640 1269 2673 158,
1290 2640 1362 2675 159,
1381 2640 1451 2672 156,
1476 2638 1544 2666 157·
1592 2634 1653 2664 sed
1677 2646 1716 2665 ex

209 2697 309 2733 Quasi
325 2697 459 2729 dixerat:
488 2702 510 2717 ιε
529 2698 663 2729 Redaeti
679 2698 795 2728 seilicet
806 2697 846 2728 ad
861 2697 938 2728 inci.
983 2688 1032 2717 his
1048 2687 1262 2727 discrepantiis
1276 2687 1357 2717 nihil
1372 2686 1487 2717 efficies
1501 2685 1541 2715 ad
1552 2685 1717 2715 meliorem

209 2752 231 2766 “
248 2754 310 2786 tas,
336 2755 479 2780 auctores
499 2750 579 2780 tanti
601 2749 746 2780 miraculi
762 2748 837 2779 deos
858 2748 938 2779 infe,
983 2739 1042 2769 loci
1060 2739 1327 2775 constitutionem,
1345 2747 1439 2779 quam
1454 2747 1524 2776 quae
1538 2735 1718 2776 invulgatis

209 2803 232 2818 “
248 2806 336 2829 mnt:
355 2801 422 2830 haec
434 2806 540 2831 autem
552 2812 600 2832 res
611 2808 698 2832 extra
707 2801 851 2839 deorum,
863 2810 942 2842 quos
983 2790 1111 2822 obtinet.

212 2856 231 2869 “
247 2850 306 2881 sibi
320 2851 458 2892 fingunt,
474 2857 658 2890 potestatem
672 2853 786 2894 jacet,”
1029 2842 1110 2873 Ibid.
1132 2844 1222 2873 nihil.
1250 2840 1301 2871 Sic
1317 2840 1358 2870 V.
1373 2839 1425 2869 ed.
1445 2839 1482 2869 B.
1504 2837 1602 2868 vind.
1618 2837 1715 2878 vulgo

253 2902 333 2934 Ver,
353 2905 424 2935 152,
449 2904 599 2935 continet,-
624 2903 646 2935 i,
664 2914 689 2936 e„
725 2908 747 2924 u
765 2911 867 2936 metus
889 2904 940 2935 hic
984 2895 1052 2925 m'l:
1079 2894 1133 2926 sed
1157 2893 1248 2925 nobis
1270 2897 1425 2923 statutum
1439 2896 1485 2922 est
1498 2899 1621 2929 semper
1636 2891 1717 2931 nihjl

960 2959 980 2977 0
