<?xml version="1.0" encoding="UTF-8"?>
<!DOCTYPE html PUBLIC "-//W3C//DTD XHTML 1.0 Transitional//EN"
    "http://www.w3.org/TR/xhtml1/DTD/xhtml1-transitional.dtd">
<html xmlns="http://www.w3.org/1999/xhtml" xml:lang="en" lang="en">
 <head>
  <title>
</title>
<meta http-equiv="Content-Type" content="text/html;charset=utf-8" />
  <meta name='ocr-system' content='tesseract 3.04.00' />
  <meta name='ocr-capabilities' content='ocr_page ocr_carea ocr_par ocr_line ocrx_word'/>
</head>
<body>
  <div class='ocr_page' id='page_1' title='image "./tlucretiicarider01lucruoft_0424.png"; bbox 0 0 1894 3253; ppageno 0'>
   <div class='ocr_carea' id='block_1_1' title="bbox 201 242 300 283">
    <p class='ocr_par' dir='ltr' id='par_1_1' title="bbox 201 242 300 283">
     <span class='ocr_line' id='line_1_1' title="bbox 201 242 300 283; baseline 0 0"><span class='ocrx_word' id='word_1_1' title='bbox 201 242 300 283; x_wconf 78' lang='lat'><strong>354</strong></span> 
     </span>
    </p>
   </div>
   <div class='ocr_carea' id='block_1_2' title="bbox 715 230 1206 279">
    <p class='ocr_par' dir='ltr' id='par_1_2' title="bbox 715 230 1206 279">
     <span class='ocr_line' id='line_1_2' title="bbox 715 230 1206 279; baseline 0 -1"><span class='ocrx_word' id='word_1_2' title='bbox 715 231 775 278; x_wconf 91' lang='lat' dir='ltr'><strong>T.</strong></span> <span class='ocrx_word' id='word_1_3' title='bbox 823 230 1206 279; x_wconf 88' lang='lat' dir='ltr'>LUCRETII</span> 
     </span>
    </p>
   </div>
   <div class='ocr_carea' id='block_1_3' title="bbox 340 362 1366 421">
    <p class='ocr_par' dir='ltr' id='par_1_3' title="bbox 340 362 1366 421">
     <span class='ocr_line' id='line_1_3' title="bbox 340 362 1366 421; baseline -0.006 -11"><span class='ocrx_word' id='word_1_4' title='bbox 340 368 397 410; x_wconf 91' lang='lat' dir='ltr'><strong>Et</strong></span> <span class='ocrx_word' id='word_1_5' title='bbox 416 380 572 421; x_wconf 81' lang='lat' dir='ltr'><strong>sapere,</strong></span> <span class='ocrx_word' id='word_1_6' title='bbox 605 371 646 405; x_wconf 88' lang='lat' dir='ltr'><strong>et</strong></span> <span class='ocrx_word' id='word_1_7' title='bbox 665 363 796 404; x_wconf 89' lang='lat' dir='ltr'><strong>doctis</strong></span> <span class='ocrx_word' id='word_1_8' title='bbox 817 363 1020 404; x_wconf 86' lang='lat' dir='ltr'><strong>rationem</strong></span> <span class='ocrx_word' id='word_1_9' title='bbox 1040 363 1213 405; x_wconf 86' lang='lat' dir='ltr'><strong>reddere</strong></span> <span class='ocrx_word' id='word_1_10' title='bbox 1232 362 1366 414; x_wconf 91' lang='lat' dir='ltr'><strong>dictis,</strong></span> 
     </span>
    </p>
   </div>
   <div class='ocr_carea' id='block_1_4' title="bbox 339 438 1393 494">
    <p class='ocr_par' dir='ltr' id='par_1_4' title="bbox 339 438 1393 494">
     <span class='ocr_line' id='line_1_4' title="bbox 339 438 1393 494; baseline -0.004 -11"><span class='ocrx_word' id='word_1_11' title='bbox 339 443 437 483; x_wconf 92' lang='lat' dir='ltr'><strong>Non</strong></span> <span class='ocrx_word' id='word_1_12' title='bbox 458 455 511 481; x_wconf 89' lang='lat' dir='ltr'><strong>ex</strong></span> <span class='ocrx_word' id='word_1_13' title='bbox 531 439 754 480; x_wconf 89' lang='lat' dir='ltr'><strong>seminibus</strong></span> <span class='ocrx_word' id='word_1_14' title='bbox 774 439 1040 494; x_wconf 82' lang='lat' dir='ltr'><strong>sapientibuS,</strong></span> <span class='ocrx_word' id='word_1_15' title='bbox 1072 446 1195 494; x_wconf 87' lang='lat' dir='ltr'><strong>atque</strong></span> <span class='ocrx_word' id='word_1_16' title='bbox 1216 438 1393 480; x_wconf 86' lang='lat' dir='ltr'><strong>disertis:</strong></span> 
     </span>
    </p>
   </div>
   <div class='ocr_carea' id='block_1_5' title="bbox 342 512 1458 570">
    <p class='ocr_par' dir='ltr' id='par_1_5' title="bbox 342 512 1458 570">
     <span class='ocr_line' id='line_1_5' title="bbox 342 512 1458 570; baseline -0.003 -14"><span class='ocrx_word' id='word_1_17' title='bbox 342 514 429 564; x_wconf 76' lang='lat' dir='ltr'><strong>Qui</strong></span> <span class='ocrx_word' id='word_1_18' title='bbox 449 515 586 556; x_wconf 88' lang='lat' dir='ltr'><strong>minus</strong></span> <span class='ocrx_word' id='word_1_19' title='bbox 606 529 691 555; x_wconf 90' lang='lat' dir='ltr'><strong>esse</strong></span> <span class='ocrx_word' id='word_1_20' title='bbox 711 521 864 570; x_wconf 84' lang='lat' dir='ltr'><strong>queant</strong></span> <span class='ocrx_word' id='word_1_21' title='bbox 878 528 940 564; x_wconf 87' lang='lat' dir='ltr'><strong>ea,</strong></span> <span class='ocrx_word' id='word_1_22' title='bbox 973 528 1067 569; x_wconf 88' lang='lat' dir='ltr'><strong>quae</strong></span> <span class='ocrx_word' id='word_1_23' title='bbox 1087 513 1237 554; x_wconf 89' lang='lat' dir='ltr'><strong>sentire</strong></span> <span class='ocrx_word' id='word_1_24' title='bbox 1255 512 1458 563; x_wconf 89' lang='lat' dir='ltr'><strong>videmus,</strong></span> 
     </span>
    </p>
   </div>
   <div class='ocr_carea' id='block_1_6' title="bbox 343 586 1420 646">
    <p class='ocr_par' dir='ltr' id='par_1_6' title="bbox 343 586 1420 646">
     <span class='ocr_line' id='line_1_6' title="bbox 343 586 1420 646; baseline -0.003 -15"><span class='ocrx_word' id='word_1_25' title='bbox 343 590 576 632; x_wconf 86' lang='lat' dir='ltr'><strong>Seminibus</strong></span> <span class='ocrx_word' id='word_1_26' title='bbox 596 590 803 646; x_wconf 84' lang='lat' dir='ltr'><strong>permixta</strong></span> <span class='ocrx_word' id='word_1_27' title='bbox 823 589 1054 631; x_wconf 81' lang='lat' dir='ltr'><strong>carentibus</strong></span> <span class='ocrx_word' id='word_1_28' title='bbox 1074 589 1257 644; x_wconf 89' lang='lat' dir='ltr'><strong>undique</strong></span> <span class='ocrx_word' id='word_1_29' title='bbox 1277 586 1420 629; x_wconf 88' lang='lat' dir='ltr'><strong>sensu?</strong></span> 
     </span>
    </p>
   </div>
   <div class='ocr_carea' id='block_1_7' title="bbox 224 671 306 708">
    <p class='ocr_par' dir='ltr' id='par_1_7' title="bbox 224 671 306 708">
     <span class='ocr_line' id='line_1_7' title="bbox 224 671 306 708; baseline -0.024 0"><span class='ocrx_word' id='word_1_30' title='bbox 224 671 306 708; x_wconf 87' lang='lat'><strong>990</strong></span> 
     </span>
    </p>
   </div>
   <div class='ocr_carea' id='block_1_8' title="bbox 394 662 1495 721">
    <p class='ocr_par' dir='ltr' id='par_1_8' title="bbox 394 662 1495 721">
     <span class='ocr_line' id='line_1_8' title="bbox 394 662 1495 721; baseline -0.004 -15"><span class='ocrx_word' id='word_1_31' title='bbox 394 665 604 721; x_wconf 91' lang='lat' dir='ltr'><strong>Denique,</strong></span> <span class='ocrx_word' id='word_1_32' title='bbox 637 664 789 706; x_wconf 89' lang='lat' dir='ltr'><strong>coelesti</strong></span> <span class='ocrx_word' id='word_1_33' title='bbox 810 679 948 705; x_wconf 89' lang='lat' dir='ltr'><strong>sumus</strong></span> <span class='ocrx_word' id='word_1_34' title='bbox 969 678 1113 704; x_wconf 90' lang='lat' dir='ltr'><strong>omnes</strong></span> <span class='ocrx_word' id='word_1_35' title='bbox 1134 663 1288 704; x_wconf 91' lang='lat' dir='ltr'><strong>semine</strong></span> <span class='ocrx_word' id='word_1_36' title='bbox 1308 662 1473 703; x_wconf 90' lang='lat' dir='ltr'><strong>oriundi</strong></span> <span class='ocrx_word' id='word_1_37' title='bbox 1481 680 1495 712; x_wconf 93' lang='lat'>;</span> 
     </span>
    </p>
   </div>
   <div class='ocr_carea' id='block_1_9' title="bbox 344 737 1505 794">
    <p class='ocr_par' dir='ltr' id='par_1_9' title="bbox 344 737 1505 794">
     <span class='ocr_line' id='line_1_9' title="bbox 344 737 1505 794; baseline -0.003 -13"><span class='ocrx_word' id='word_1_38' title='bbox 344 739 551 781; x_wconf 88' lang='lat' dir='ltr'><strong>Omnibus</strong></span> <span class='ocrx_word' id='word_1_39' title='bbox 571 739 637 780; x_wconf 88' lang='lat' dir='ltr'><strong>ille</strong></span> <span class='ocrx_word' id='word_1_40' title='bbox 656 738 767 780; x_wconf 90' lang='lat' dir='ltr'><strong>idem</strong></span> <span class='ocrx_word' id='word_1_41' title='bbox 786 747 904 794; x_wconf 86' lang='lat' dir='ltr'><strong>pater</strong></span> <span class='ocrx_word' id='word_1_42' title='bbox 925 746 1000 788; x_wconf 90' lang='lat' dir='ltr'><strong>est;</strong></span> <span class='ocrx_word' id='word_1_43' title='bbox 1033 738 1144 780; x_wconf 90' lang='lat' dir='ltr'><strong>unde</strong></span> <span class='ocrx_word' id='word_1_44' title='bbox 1165 737 1272 778; x_wconf 84' lang='lat' dir='ltr'><strong>alma</strong></span> <span class='ocrx_word' id='word_1_45' title='bbox 1291 737 1505 793; x_wconf 88' lang='lat' dir='ltr'><strong>liquenteis</strong></span> 
     </span>
    </p>
   </div>
   <div class='ocr_carea' id='block_1_10' title="bbox 341 812 1344 871">
    <p class='ocr_par' dir='ltr' id='par_1_10' title="bbox 341 812 1344 871">
     <span class='ocr_line' id='line_1_10' title="bbox 341 812 1344 871; baseline -0.002 -16"><span class='ocrx_word' id='word_1_46' title='bbox 341 814 547 856; x_wconf 86' lang='lat' dir='ltr'><strong>Humoris</strong></span> <span class='ocrx_word' id='word_1_47' title='bbox 567 821 703 871; x_wconf 81' lang='lat' dir='ltr'><strong>guttas</strong></span> <span class='ocrx_word' id='word_1_48' title='bbox 723 821 854 855; x_wconf 85' lang='lat' dir='ltr'><strong>mater</strong></span> <span class='ocrx_word' id='word_1_49' title='bbox 874 828 1001 869; x_wconf 91' lang='lat' dir='ltr'><strong>quom</strong></span> <span class='ocrx_word' id='word_1_50' title='bbox 1023 813 1156 854; x_wconf 84' lang='lat' dir='ltr'><strong>Terra</strong></span> <span class='ocrx_word' id='word_1_51' title='bbox 1176 812 1344 867; x_wconf 90' lang='lat' dir='ltr'><strong>recepit,</strong></span> 
     </span>
    </p>
   </div>
   <div class='ocr_carea' id='block_1_11' title="bbox 194 969 928 1474">
    <p class='ocr_par' dir='ltr' id='par_1_11' title="bbox 194 969 927 1169">
     <span class='ocr_line' id='line_1_11' title="bbox 196 969 926 1010; baseline -0.004 -7"><span class='ocrx_word' id='word_1_52' title='bbox 196 973 292 1003; x_wconf 92' lang='lat' dir='ltr'><strong>libros</strong></span> <span class='ocrx_word' id='word_1_53' title='bbox 323 977 354 1002; x_wconf 91' lang='lat' dir='ltr'><strong>et</strong></span> <span class='ocrx_word' id='word_1_54' title='bbox 383 972 541 1002; x_wconf 85' lang='lat' dir='ltr'><strong>Lactantii</strong></span> <span class='ocrx_word' id='word_1_55' title='bbox 571 970 773 1010; x_wconf 80' lang='lat' dir='ltr'><strong>exemplaria,</strong></span> <span class='ocrx_word' id='word_1_56' title='bbox 806 969 846 1001; x_wconf 90' lang='lat' dir='ltr'><strong>vi.</strong></span> <span class='ocrx_word' id='word_1_57' title='bbox 876 973 926 1001; x_wconf 88' lang='grc'><strong>10.</strong></span> 
     </span>
     <span class='ocr_line' id='line_1_12' title="bbox 198 1021 927 1064; baseline -0.005 -10"><span class='ocrx_word' id='word_1_58' title='bbox 198 1025 369 1060; x_wconf 62' lang='lat' dir='ltr'><strong>Caeterum,</strong></span> <span class='ocrx_word' id='word_1_59' title='bbox 389 1024 429 1054; x_wconf 88' lang='lat' dir='ltr'><strong>ad</strong></span> <span class='ocrx_word' id='word_1_60' title='bbox 445 1025 575 1064; x_wconf 92' lang='lat' dir='ltr'><strong>hujusce</strong></span> <span class='ocrx_word' id='word_1_61' title='bbox 597 1023 658 1052; x_wconf 89' lang='lat' dir='ltr'><strong>loci</strong></span> <span class='ocrx_word' id='word_1_62' title='bbox 681 1021 868 1052; x_wconf 83' lang='lat' dir='ltr'><strong>sententiam</strong></span> <span class='ocrx_word' id='word_1_63' title='bbox 890 1021 927 1051; x_wconf 89' lang='lat' dir='ltr'><strong>il-</strong></span> 
     </span>
     <span class='ocr_line' id='line_1_13' title="bbox 194 1073 927 1116; baseline -0.007 -9"><span class='ocrx_word' id='word_1_64' title='bbox 194 1076 400 1113; x_wconf 82' lang='lat' dir='ltr'><strong>lustrandam,</strong></span> <span class='ocrx_word' id='word_1_65' title='bbox 426 1075 510 1116; x_wconf 90' lang='lat' dir='ltr'><strong>quod</strong></span> <span class='ocrx_word' id='word_1_66' title='bbox 528 1075 669 1105; x_wconf 87' lang='lat' dir='ltr'><strong>sufficere</strong></span> <span class='ocrx_word' id='word_1_67' title='bbox 684 1074 806 1104; x_wconf 81' lang='lat' dir='ltr'><strong>videtur</strong></span> <span class='ocrx_word' id='word_1_68' title='bbox 828 1073 927 1112; x_wconf 86' lang='lat' dir='ltr'><strong>nobis,</strong></span> 
     </span>
     <span class='ocr_line' id='line_1_14' title="bbox 195 1127 691 1169; baseline -0.004 -10"><span class='ocrx_word' id='word_1_69' title='bbox 195 1139 289 1169; x_wconf 87' lang='lat' dir='ltr'><strong>supra</strong></span> <span class='ocrx_word' id='word_1_70' title='bbox 304 1128 504 1164; x_wconf 88' lang='lat' dir='ltr'><strong>contulimus,</strong></span> <span class='ocrx_word' id='word_1_71' title='bbox 529 1127 569 1157; x_wconf 91' lang='lat' dir='ltr'><strong>ad</strong></span> <span class='ocrx_word' id='word_1_72' title='bbox 583 1128 602 1157; x_wconf 90' lang='lat' dir='ltr'><strong>i.</strong></span> <span class='ocrx_word' id='word_1_73' title='bbox 620 1130 691 1158; x_wconf 78' lang='lat'><strong>251.</strong></span> 
     </span>
    </p>

    <p class='ocr_par' dir='ltr' id='par_1_12' title="bbox 195 1177 928 1415">
     <span class='ocr_line' id='line_1_15' title="bbox 240 1177 927 1220; baseline -0.006 -10"><span class='ocrx_word' id='word_1_74' title='bbox 240 1180 313 1210; x_wconf 70' lang='lat' dir='ltr'><strong>Ver.</strong></span> <span class='ocrx_word' id='word_1_75' title='bbox 328 1184 399 1212; x_wconf 88' lang='lat'>991.</span> <span class='ocrx_word' id='word_1_76' title='bbox 415 1182 466 1210; x_wconf 79' lang='lat' dir='ltr'><strong>ille</strong></span> <span class='ocrx_word' id='word_1_77' title='bbox 472 1185 704 1220; x_wconf 70' lang='lat' dir='ltr'><strong>pater—‘mater</strong></span> <span class='ocrx_word' id='word_1_78' title='bbox 720 1179 826 1209; x_wconf 83' lang='lat' dir='ltr'><strong>Terra.</strong></span> <span class='ocrx_word' id='word_1_79' title='bbox 850 1177 927 1207; x_wconf 92' lang='lat' dir='ltr'><strong>Ter-</strong></span> 
     </span>
     <span class='ocr_line' id='line_1_16' title="bbox 195 1228 928 1271; baseline -0.005 -10"><span class='ocrx_word' id='word_1_80' title='bbox 195 1232 356 1268; x_wconf 86' lang='lat' dir='ltr'><strong>tullianus,</strong></span> <span class='ocrx_word' id='word_1_81' title='bbox 381 1231 502 1271; x_wconf 83' lang='lat' dir='ltr'><strong>apolog.</strong></span> <span class='ocrx_word' id='word_1_82' title='bbox 529 1241 596 1269; x_wconf 90' lang='lat' dir='ltr'><strong>cap.</strong></span> <span class='ocrx_word' id='word_1_83' title='bbox 624 1241 654 1260; x_wconf 83' lang='lat' dir='ltr'><strong>x.</strong></span> <span class='ocrx_word' id='word_1_84' title='bbox 690 1233 712 1247; x_wconf 94' lang='lat'><strong>“</strong></span> <span class='ocrx_word' id='word_1_85' title='bbox 735 1228 815 1263; x_wconf 81' lang='lat' dir='ltr'><strong>Quis</strong></span> <span class='ocrx_word' id='word_1_86' title='bbox 841 1228 928 1258; x_wconf 87' lang='lat' dir='ltr'><strong>enim</strong></span> 
     </span>
     <span class='ocr_line' id='line_1_17' title="bbox 196 1284 927 1318; baseline -0.008 -5"><span class='ocrx_word' id='word_1_87' title='bbox 196 1287 218 1301; x_wconf 77' lang='lat'><strong>‘⁴</strong></span> <span class='ocrx_word' id='word_1_88' title='bbox 234 1293 297 1312; x_wconf 91' lang='lat' dir='ltr'><strong>non</strong></span> <span class='ocrx_word' id='word_1_89' title='bbox 311 1284 416 1313; x_wconf 70' lang='lat' dir='ltr'><strong>coelum</strong></span> <span class='ocrx_word' id='word_1_90' title='bbox 429 1289 459 1311; x_wconf 88' lang='lat' dir='ltr'><strong>et</strong></span> <span class='ocrx_word' id='word_1_91' title='bbox 470 1289 596 1316; x_wconf 74' lang='lat' dir='ltr'><strong>terram,</strong></span> <span class='ocrx_word' id='word_1_92' title='bbox 609 1286 737 1310; x_wconf 81' lang='lat' dir='ltr'><strong>matrem</strong></span> <span class='ocrx_word' id='word_1_93' title='bbox 750 1289 785 1308; x_wconf 91' lang='lat' dir='ltr'><strong>ac</strong></span> <span class='ocrx_word' id='word_1_94' title='bbox 792 1284 927 1318; x_wconf 78' lang='lat' dir='ltr'><strong>patrem,</strong></span> 
     </span>
     <span class='ocr_line' id='line_1_18' title="bbox 196 1328 924 1372; baseline -0.003 -9"><span class='ocrx_word' id='word_1_95' title='bbox 196 1337 219 1352; x_wconf 89' lang='lat'><strong>“</strong></span> <span class='ocrx_word' id='word_1_96' title='bbox 236 1332 444 1363; x_wconf 81' lang='lat' dir='ltr'><strong>venerationis</strong></span> <span class='ocrx_word' id='word_1_97' title='bbox 459 1338 490 1362; x_wconf 90' lang='lat' dir='ltr'><strong>et</strong></span> <span class='ocrx_word' id='word_1_98' title='bbox 497 1331 624 1362; x_wconf 90' lang='lat' dir='ltr'><strong>honoris</strong></span> <span class='ocrx_word' id='word_1_99' title='bbox 633 1329 734 1372; x_wconf 66' lang='lat' dir='ltr'><strong>gratia</strong></span> <span class='ocrx_word' id='word_1_100' title='bbox 749 1328 901 1369; x_wconf 82' lang='lat' dir='ltr'><strong>appellet?</strong></span> <span class='ocrx_word' id='word_1_101' title='bbox 906 1328 924 1340; x_wconf 89' lang='lat'><strong>’‘</strong></span> 
     </span>
     <span class='ocr_line' id='line_1_19' title="bbox 198 1385 425 1415; baseline 0 -1"><span class='ocrx_word' id='word_1_102' title='bbox 198 1385 425 1415; x_wconf 75' lang='lat' dir='ltr'><strong>BENTLmus.</strong></span> 
     </span>
    </p>

    <p class='ocr_par' dir='ltr' id='par_1_13' title="bbox 196 1432 900 1474">
     <span class='ocr_line' id='line_1_20' title="bbox 196 1432 900 1474; baseline -0.007 -7"><span class='ocrx_word' id='word_1_103' title='bbox 196 1437 241 1467; x_wconf 88' lang='lat' dir='ltr'><strong>Et</strong></span> <span class='ocrx_word' id='word_1_104' title='bbox 257 1437 399 1474; x_wconf 81' lang='lat' dir='ltr'><strong>Bo&#39;e‘tius,</strong></span> <span class='ocrx_word' id='word_1_105' title='bbox 414 1436 467 1465; x_wconf 90' lang='lat' dir='ltr'><strong>lib.</strong></span> <span class='ocrx_word' id='word_1_106' title='bbox 482 1435 525 1465; x_wconf 88' lang='lat' dir='ltr'><strong>iii.</strong></span> <span class='ocrx_word' id='word_1_107' title='bbox 542 1440 614 1464; x_wconf 88' lang='lat' dir='ltr'><strong>met.</strong></span> <span class='ocrx_word' id='word_1_108' title='bbox 631 1439 660 1465; x_wconf 89' lang='lat'><strong>6.</strong></span> <span class='ocrx_word' id='word_1_109' title='bbox 677 1434 739 1464; x_wconf 90' lang='lat' dir='ltr'><strong>huc</strong></span> <span class='ocrx_word' id='word_1_110' title='bbox 754 1432 900 1471; x_wconf 84' lang='lat' dir='ltr'><strong>respexit:</strong></span> 
     </span>
    </p>
   </div>
   <div class='ocr_carea' id='block_1_12' title="bbox 291 1514 756 1630">
    <p class='ocr_par' dir='ltr' id='par_1_14' title="bbox 291 1514 756 1630">
     <span class='ocr_line' id='line_1_21' title="bbox 291 1514 756 1548; baseline -0.009 -6"><span class='ocrx_word' id='word_1_111' title='bbox 291 1519 379 1542; x_wconf 86' lang='lat' dir='ltr'><strong>Omne</strong></span> <span class='ocrx_word' id='word_1_112' title='bbox 391 1517 534 1541; x_wconf 81' lang='lat' dir='ltr'><strong>hominum</strong></span> <span class='ocrx_word' id='word_1_113' title='bbox 547 1522 630 1548; x_wconf 82' lang='lat' dir='ltr'><strong>genus</strong></span> <span class='ocrx_word' id='word_1_114' title='bbox 641 1515 668 1539; x_wconf 78' lang='lat' dir='ltr'><strong>in</strong></span> <span class='ocrx_word' id='word_1_115' title='bbox 679 1514 756 1540; x_wconf 86' lang='lat' dir='ltr'><strong>terris</strong></span> 
     </span>
     <span class='ocr_line' id='line_1_22' title="bbox 355 1559 667 1590; baseline -0.006 -6"><span class='ocrx_word' id='word_1_116' title='bbox 355 1559 439 1584; x_wconf 85' lang='lat' dir='ltr'><strong>Simili</strong></span> <span class='ocrx_word' id='word_1_117' title='bbox 450 1559 534 1590; x_wconf 85' lang='lat' dir='ltr'><strong>surgit</strong></span> <span class='ocrx_word' id='word_1_118' title='bbox 545 1559 577 1582; x_wconf 89' lang='lat' dir='ltr'><strong>ab</strong></span> <span class='ocrx_word' id='word_1_119' title='bbox 589 1562 667 1582; x_wconf 82' lang='lat' dir='ltr'><strong>ortu:</strong></span> 
     </span>
     <span class='ocr_line' id='line_1_23' title="bbox 293 1599 703 1630; baseline -0.007 -6"><span class='ocrx_word' id='word_1_120' title='bbox 293 1600 371 1624; x_wconf 88' lang='lat' dir='ltr'><strong>Unus</strong></span> <span class='ocrx_word' id='word_1_121' title='bbox 380 1599 452 1624; x_wconf 86' lang='lat' dir='ltr'><strong>enim</strong></span> <span class='ocrx_word' id='word_1_122' title='bbox 464 1605 554 1624; x_wconf 86' lang='lat' dir='ltr'><strong>rerum</strong></span> <span class='ocrx_word' id='word_1_123' title='bbox 564 1602 638 1630; x_wconf 77' lang='lat' dir='ltr'><strong>pater</strong></span> <span class='ocrx_word' id='word_1_124' title='bbox 654 1601 703 1623; x_wconf 78' lang='lat' dir='ltr'><strong>est.</strong></span> 
     </span>
    </p>
   </div>
   <div class='ocr_carea' id='block_1_13' title="bbox 198 1668 935 2276">
    <p class='ocr_par' dir='ltr' id='par_1_15' title="bbox 198 1668 932 1921">
     <span class='ocr_line' id='line_1_24' title="bbox 201 1668 930 1704; baseline -0.01 0"><span class='ocrx_word' id='word_1_125' title='bbox 201 1674 294 1704; x_wconf 81' lang='lat' dir='ltr'><strong>Alma</strong></span> <span class='ocrx_word' id='word_1_126' title='bbox 311 1683 383 1702; x_wconf 85' lang='lat' dir='ltr'><strong>vero</strong></span> <span class='ocrx_word' id='word_1_127' title='bbox 398 1679 480 1703; x_wconf 75' lang='lat' dir='ltr'><strong>terra</strong></span> <span class='ocrx_word' id='word_1_128' title='bbox 498 1670 639 1701; x_wconf 84' lang='lat' dir='ltr'><strong>Lucretii</strong></span> <span class='ocrx_word' id='word_1_129' title='bbox 655 1669 722 1699; x_wconf 83' lang='lat' dir='ltr'><strong>vult</strong></span> <span class='ocrx_word' id='word_1_130' title='bbox 744 1668 930 1699; x_wconf 86' lang='lat' dir='ltr'><strong>adumbrare</strong></span> 
     </span>
     <span class='ocr_line' id='line_1_25' title="bbox 198 1720 932 1767; baseline -0.01 -10"><span class='ocrx_word' id='word_1_131' title='bbox 198 1730 289 1767; x_wconf 71' lang='grc' dir='ltr'><strong>χέονα</strong></span> <span class='ocrx_word' id='word_1_132' title='bbox 306 1727 511 1766; x_wconf 65' lang='grc' dir='ltr'><strong>πελυὲοτειρων</strong></span> <span class='ocrx_word' id='word_1_133' title='bbox 527 1723 769 1753; x_wconf 76' lang='lat' dir='ltr'><strong>duumvirorum</strong></span> <span class='ocrx_word' id='word_1_134' title='bbox 784 1721 817 1750; x_wconf 89' lang='lat' dir='ltr'><strong>in</strong></span> <span class='ocrx_word' id='word_1_135' title='bbox 833 1720 932 1759; x_wconf 73' lang='lat' dir='ltr'><strong>po&#39;etis</strong></span> 
     </span>
     <span class='ocr_line' id='line_1_26' title="bbox 202 1772 932 1816; baseline -0.007 -9"><span class='ocrx_word' id='word_1_136' title='bbox 202 1777 321 1807; x_wconf 82' lang='lat' dir='ltr'><strong>Graecis</strong></span> <span class='ocrx_word' id='word_1_137' title='bbox 345 1776 647 1816; x_wconf 78' lang='lat' dir='ltr'><strong>antiquissimorum:</strong></span> <span class='ocrx_word' id='word_1_138' title='bbox 674 1774 745 1804; x_wconf 72' lang='lat' dir='ltr'><strong>vide</strong></span> <span class='ocrx_word' id='word_1_139' title='bbox 769 1784 827 1803; x_wconf 91' lang='lat' dir='ltr'><strong>nos</strong></span> <span class='ocrx_word' id='word_1_140' title='bbox 850 1772 890 1802; x_wconf 90' lang='lat' dir='ltr'><strong>ad</strong></span> <span class='ocrx_word' id='word_1_141' title='bbox 912 1773 932 1802; x_wconf 93' lang='lat' dir='ltr'><strong>i.</strong></span> 
     </span>
     <span class='ocr_line' id='line_1_27' title="bbox 200 1826 932 1867; baseline -0.005 -8"><span class='ocrx_word' id='word_1_142' title='bbox 200 1833 228 1860; x_wconf 77' lang='lat'><strong>2.</strong></span> <span class='ocrx_word' id='word_1_143' title='bbox 253 1829 401 1859; x_wconf 88' lang='lat' dir='ltr'><strong>nolumus</strong></span> <span class='ocrx_word' id='word_1_144' title='bbox 417 1829 502 1858; x_wconf 89' lang='lat' dir='ltr'><strong>enim</strong></span> <span class='ocrx_word' id='word_1_145' title='bbox 526 1827 763 1867; x_wconf 83' lang='lat' dir='ltr'><strong>repetitionibus</strong></span> <span class='ocrx_word' id='word_1_146' title='bbox 777 1826 848 1856; x_wconf 84' lang='lat' dir='ltr'><strong>libri</strong></span> <span class='ocrx_word' id='word_1_147' title='bbox 864 1835 932 1855; x_wconf 89' lang='lat' dir='ltr'><strong>mo-</strong></span> 
     </span>
     <span class='ocr_line' id='line_1_28' title="bbox 199 1881 444 1921; baseline 0 -10"><span class='ocrx_word' id='word_1_148' title='bbox 199 1881 263 1912; x_wconf 89' lang='lat' dir='ltr'><strong>lem</strong></span> <span class='ocrx_word' id='word_1_149' title='bbox 279 1881 444 1921; x_wconf 83' lang='lat' dir='ltr'><strong>adaugere.</strong></span> 
     </span>
    </p>

    <p class='ocr_par' dir='ltr' id='par_1_16' title="bbox 200 1930 935 2276">
     <span class='ocr_line' id='line_1_29' title="bbox 245 1930 932 1973; baseline -0.007 -10"><span class='ocrx_word' id='word_1_150' title='bbox 245 1932 327 1963; x_wconf 83' lang='lat' dir='ltr'><strong>Ibid.</strong></span> <span class='ocrx_word' id='word_1_151' title='bbox 349 1935 511 1973; x_wconf 76' lang='lat' dir='ltr'><strong>liquentez&#39;s</strong></span> <span class='ocrx_word' id='word_1_152' title='bbox 523 1939 646 1971; x_wconf 77' lang='lat' dir='ltr'><strong>guttas:</strong></span> <span class='ocrx_word' id='word_1_153' title='bbox 679 1931 699 1962; x_wconf 87' lang='lat' dir='ltr'><strong>i.</strong></span> <span class='ocrx_word' id='word_1_154' title='bbox 715 1942 741 1961; x_wconf 90' lang='lat' dir='ltr'><strong>e.</strong></span> <span class='ocrx_word' id='word_1_155' title='bbox 761 1941 859 1971; x_wconf 80' lang='lat' dir='ltr'><strong>puras</strong></span> <span class='ocrx_word' id='word_1_156' title='bbox 873 1930 932 1959; x_wconf 90' lang='lat' dir='ltr'><strong>hu-</strong></span> 
     </span>
     <span class='ocr_line' id='line_1_30' title="bbox 201 1983 929 2025; baseline -0.004 -12"><span class='ocrx_word' id='word_1_157' title='bbox 201 1983 298 2013; x_wconf 87' lang='lat' dir='ltr'><strong>moris</strong></span> <span class='ocrx_word' id='word_1_158' title='bbox 320 1986 383 2014; x_wconf 70' lang='lat' dir='ltr'><strong>albi</strong></span> <span class='ocrx_word' id='word_1_159' title='bbox 414 1983 497 2025; x_wconf 89' lang='lat' dir='ltr'><strong>(vide</strong></span> <span class='ocrx_word' id='word_1_160' title='bbox 527 1983 567 2013; x_wconf 85' lang='lat' dir='ltr'><strong>ad</strong></span> <span class='ocrx_word' id='word_1_161' title='bbox 594 1993 655 2013; x_wconf 89' lang='lat' dir='ltr'><strong>ver.</strong></span> <span class='ocrx_word' id='word_1_162' title='bbox 683 1983 776 2022; x_wconf 82' lang='lat'><strong>590.)</strong></span> <span class='ocrx_word' id='word_1_163' title='bbox 811 1987 929 2022; x_wconf 85' lang='lat' dir='ltr'><strong>guttas:</strong></span> 
     </span>
     <span class='ocr_line' id='line_1_31' title="bbox 201 2032 934 2074; baseline -0.003 -10"><span class='ocrx_word' id='word_1_164' title='bbox 201 2045 289 2072; x_wconf 87' lang='lat' dir='ltr'><strong>nam,</strong></span> <span class='ocrx_word' id='word_1_165' title='bbox 312 2045 368 2073; x_wconf 90' lang='lat' dir='ltr'><strong>pro</strong></span> <span class='ocrx_word' id='word_1_166' title='bbox 394 2035 530 2074; x_wconf 85' lang='lat' dir='ltr'><strong>puritate</strong></span> <span class='ocrx_word' id='word_1_167' title='bbox 552 2034 622 2071; x_wconf 72' lang='lat' dir='ltr'><strong>sua,</strong></span> <span class='ocrx_word' id='word_1_168' title='bbox 645 2035 761 2063; x_wconf 90' lang='lat' dir='ltr'><strong>humor</strong></span> <span class='ocrx_word' id='word_1_169' title='bbox 782 2032 934 2063; x_wconf 85' lang='lat' dir='ltr'><strong>facillimo</strong></span> 
     </span>
     <span class='ocr_line' id='line_1_32' title="bbox 200 2084 935 2128; baseline -0.004 -11"><span class='ocrx_word' id='word_1_170' title='bbox 200 2088 288 2127; x_wconf 88' lang='lat' dir='ltr'><strong>lapsu</strong></span> <span class='ocrx_word' id='word_1_171' title='bbox 304 2087 453 2128; x_wconf 81' lang='lat' dir='ltr'><strong>guttatim</strong></span> <span class='ocrx_word' id='word_1_172' title='bbox 468 2086 561 2123; x_wconf 88' lang='lat' dir='ltr'><strong>cadit,</strong></span> <span class='ocrx_word' id='word_1_173' title='bbox 579 2086 626 2116; x_wconf 89' lang='lat' dir='ltr'><strong>vel</strong></span> <span class='ocrx_word' id='word_1_174' title='bbox 642 2086 785 2125; x_wconf 86' lang='lat' dir='ltr'><strong>liquitur:</strong></span> <span class='ocrx_word' id='word_1_175' title='bbox 811 2084 882 2115; x_wconf 75' lang='lat' dir='ltr'><strong>vide</strong></span> <span class='ocrx_word' id='word_1_176' title='bbox 894 2084 935 2114; x_wconf 90' lang='lat' dir='ltr'><strong>sis</strong></span> 
     </span>
     <span class='ocr_line' id='line_1_33' title="bbox 200 2136 934 2179; baseline -0.005 -10"><span class='ocrx_word' id='word_1_177' title='bbox 200 2140 344 2170; x_wconf 79' lang='lat' dir='ltr'><strong>Servium</strong></span> <span class='ocrx_word' id='word_1_178' title='bbox 360 2139 400 2169; x_wconf 90' lang='lat' dir='ltr'><strong>ad</strong></span> <span class='ocrx_word' id='word_1_179' title='bbox 415 2139 505 2179; x_wconf 87' lang='lat' dir='ltr'><strong>Virg.</strong></span> <span class='ocrx_word' id='word_1_180' title='bbox 523 2139 598 2169; x_wconf 89' lang='lat' dir='ltr'><strong>AEn.</strong></span> <span class='ocrx_word' id='word_1_181' title='bbox 622 2137 641 2168; x_wconf 90' lang='lat' dir='ltr'><strong>i.</strong></span> <span class='ocrx_word' id='word_1_182' title='bbox 657 2141 729 2167; x_wconf 71' lang='lat'><strong>4321.</strong></span> <span class='ocrx_word' id='word_1_183' title='bbox 773 2137 818 2167; x_wconf 88' lang='lat' dir='ltr'><strong>Et</strong></span> <span class='ocrx_word' id='word_1_184' title='bbox 838 2136 934 2166; x_wconf 85' lang='lat' dir='ltr'><strong>fuerit</strong></span> 
     </span>
     <span class='ocr_line' id='line_1_34' title="bbox 202 2189 932 2232; baseline -0.007 -10"><span class='ocrx_word' id='word_1_185' title='bbox 202 2193 332 2223; x_wconf 85' lang='lat' dir='ltr'><strong>fortasse</strong></span> <span class='ocrx_word' id='word_1_186' title='bbox 363 2191 518 2232; x_wconf 85' lang='lat' dir='ltr'><strong>Virgilius</strong></span> <span class='ocrx_word' id='word_1_187' title='bbox 546 2190 678 2230; x_wconf 89' lang='lat' dir='ltr'><strong>hujusce</strong></span> <span class='ocrx_word' id='word_1_188' title='bbox 711 2189 772 2219; x_wconf 90' lang='lat' dir='ltr'><strong>loci</strong></span> <span class='ocrx_word' id='word_1_189' title='bbox 801 2198 932 2224; x_wconf 86' lang='lat' dir='ltr'><strong>memor,</strong></span> 
     </span>
     <span class='ocr_line' id='line_1_35' title="bbox 203 2243 404 2276; baseline 0 -2"><span class='ocrx_word' id='word_1_190' title='bbox 203 2243 274 2276; x_wconf 88' lang='lat' dir='ltr'><strong>ibid.</strong></span> <span class='ocrx_word' id='word_1_191' title='bbox 291 2244 336 2275; x_wconf 91' lang='lat' dir='ltr'><strong>iii.</strong></span> <span class='ocrx_word' id='word_1_192' title='bbox 352 2248 404 2275; x_wconf 73' lang='lat'><strong>28.</strong></span> 
     </span>
    </p>
   </div>
   <div class='ocr_carea' id='block_1_14' title="bbox 232 2328 853 2362">
    <p class='ocr_par' dir='ltr' id='par_1_17' title="bbox 232 2328 853 2362">
     <span class='ocr_line' id='line_1_36' title="bbox 232 2328 853 2362; baseline -0.01 -5"><span class='ocrx_word' id='word_1_193' title='bbox 232 2344 326 2352; x_wconf 92' lang='lat'><strong>—-</strong></span> <span class='ocrx_word' id='word_1_194' title='bbox 336 2331 398 2356; x_wconf 86' lang='lat' dir='ltr'><strong>huic</strong></span> <span class='ocrx_word' id='word_1_195' title='bbox 411 2334 470 2355; x_wconf 87' lang='lat' dir='ltr'><strong>atro</strong></span> <span class='ocrx_word' id='word_1_196' title='bbox 481 2330 616 2362; x_wconf 78' lang='lat' dir='ltr'><strong>liquuntur</strong></span> <span class='ocrx_word' id='word_1_197' title='bbox 626 2328 756 2361; x_wconf 84' lang='lat' dir='ltr'><strong>sanguine</strong></span> <span class='ocrx_word' id='word_1_198' title='bbox 762 2329 853 2360; x_wconf 78' lang='lat' dir='ltr'><strong>guttae.</strong></span> 
     </span>
    </p>
   </div>
   <div class='ocr_carea' id='block_1_15' title="bbox 204 2414 935 2668">
    <p class='ocr_par' dir='ltr' id='par_1_18' title="bbox 204 2414 935 2668">
     <span class='ocr_line' id='line_1_37' title="bbox 246 2414 933 2452; baseline -0.009 -1"><span class='ocrx_word' id='word_1_199' title='bbox 246 2421 319 2451; x_wconf 86' lang='lat' dir='ltr'><strong>Ver.</strong></span> <span class='ocrx_word' id='word_1_200' title='bbox 337 2424 408 2452; x_wconf 76' lang='lat'><strong>992.</strong></span> <span class='ocrx_word' id='word_1_201' title='bbox 433 2420 604 2450; x_wconf 73' lang='lat' dir='ltr'><strong>Humor-is:</strong></span> <span class='ocrx_word' id='word_1_202' title='bbox 629 2417 674 2448; x_wconf 89' lang='lat' dir='ltr'><strong>ita</strong></span> <span class='ocrx_word' id='word_1_203' title='bbox 696 2416 795 2447; x_wconf 83' lang='lat' dir='ltr'><strong>Vind.</strong></span> <span class='ocrx_word' id='word_1_204' title='bbox 822 2415 859 2446; x_wconf 94' lang='lat' dir='ltr'><strong>L.</strong></span> <span class='ocrx_word' id='word_1_205' title='bbox 885 2414 933 2445; x_wconf 90' lang='lat' dir='ltr'><strong>M.</strong></span> 
     </span>
     <span class='ocr_line' id='line_1_38' title="bbox 206 2466 935 2509; baseline -0.012 -5"><span class='ocrx_word' id='word_1_206' title='bbox 206 2473 245 2504; x_wconf 94' lang='grc' dir='ltr'><strong>Ο.</strong></span> <span class='ocrx_word' id='word_1_207' title='bbox 271 2473 310 2509; x_wconf 82' lang='lat' dir='ltr'><strong>Q.</strong></span> <span class='ocrx_word' id='word_1_208' title='bbox 334 2478 370 2504; x_wconf 90' lang='grc' dir='ltr'><strong>Δ.</strong></span> <span class='ocrx_word' id='word_1_209' title='bbox 395 2476 428 2504; x_wconf 82' lang='grc' dir='ltr'><strong>Σ.</strong></span> <span class='ocrx_word' id='word_1_210' title='bbox 454 2477 500 2502; x_wconf 83' lang='grc' dir='ltr'><strong>Ω.</strong></span> <span class='ocrx_word' id='word_1_211' title='bbox 527 2476 558 2500; x_wconf 81' lang='lat' dir='ltr'><strong>et</strong></span> <span class='ocrx_word' id='word_1_212' title='bbox 585 2469 686 2509; x_wconf 86' lang='lat' dir='ltr'><strong>placet</strong></span> <span class='ocrx_word' id='word_1_213' title='bbox 708 2478 772 2507; x_wconf 87' lang='lat' dir='ltr'><strong>prae</strong></span> <span class='ocrx_word' id='word_1_214' title='bbox 794 2466 935 2507; x_wconf 82' lang='lat' dir='ltr'><strong>vulgato,</strong></span> 
     </span>
     <span class='ocr_line' id='line_1_39' title="bbox 204 2518 935 2561; baseline -0.012 -4"><span class='ocrx_word' id='word_1_215' title='bbox 204 2527 242 2556; x_wconf 91' lang='lat' dir='ltr'><em>H</em></span> <span class='ocrx_word' id='word_1_216' title='bbox 246 2536 401 2556; x_wconf 84' lang='lat' dir='ltr'><strong>umorum:</strong></span> <span class='ocrx_word' id='word_1_217' title='bbox 428 2523 538 2554; x_wconf 86' lang='lat' dir='ltr'><strong>malim</strong></span> <span class='ocrx_word' id='word_1_218' title='bbox 561 2523 656 2553; x_wconf 85' lang='lat' dir='ltr'><strong>etiam</strong></span> <span class='ocrx_word' id='word_1_219' title='bbox 680 2522 825 2561; x_wconf 80' lang='lat' dir='ltr'><strong>liquentis</strong></span> <span class='ocrx_word' id='word_1_220' title='bbox 847 2518 935 2560; x_wconf 90' lang='lat' dir='ltr'><strong>equi-</strong></span> 
     </span>
     <span class='ocr_line' id='line_1_40' title="bbox 204 2570 935 2615; baseline -0.01 -8"><span class='ocrx_word' id='word_1_221' title='bbox 204 2577 289 2615; x_wconf 90' lang='lat' dir='ltr'><strong>dem,</strong></span> <span class='ocrx_word' id='word_1_222' title='bbox 320 2577 353 2606; x_wconf 90' lang='lat' dir='ltr'><strong>in</strong></span> <span class='ocrx_word' id='word_1_223' title='bbox 379 2586 453 2606; x_wconf 85' lang='lat' dir='ltr'><strong>casu</strong></span> <span class='ocrx_word' id='word_1_224' title='bbox 483 2573 620 2605; x_wconf 88' lang='lat' dir='ltr'><strong>secundo</strong></span> <span class='ocrx_word' id='word_1_225' title='bbox 644 2572 769 2603; x_wconf 88' lang='lat' dir='ltr'><strong>numeri</strong></span> <span class='ocrx_word' id='word_1_226' title='bbox 798 2570 935 2602; x_wconf 85' lang='lat' dir='ltr'><strong>unitatis.</strong></span> 
     </span>
     <span class='ocr_line' id='line_1_41' title="bbox 204 2626 776 2668; baseline -0.009 -8"><span class='ocrx_word' id='word_1_227' title='bbox 204 2629 402 2659; x_wconf 65' lang='lat' dir='ltr'><strong>llantuanus</strong></span> <span class='ocrx_word' id='word_1_228' title='bbox 417 2629 479 2658; x_wconf 92' lang='lat' dir='ltr'><strong>huc</strong></span> <span class='ocrx_word' id='word_1_229' title='bbox 494 2627 581 2666; x_wconf 88' lang='lat' dir='ltr'><strong>facit,</strong></span> <span class='ocrx_word' id='word_1_230' title='bbox 603 2636 672 2668; x_wconf 87' lang='lat' dir='ltr'><strong>geo.</strong></span> <span class='ocrx_word' id='word_1_231' title='bbox 686 2626 706 2656; x_wconf 82' lang='lat' dir='ltr'><strong>i.</strong></span> <span class='ocrx_word' id='word_1_232' title='bbox 727 2628 776 2655; x_wconf 81' lang='lat'><strong>45.</strong></span> 
     </span>
    </p>
   </div>
   <div class='ocr_carea' id='block_1_16' title="bbox 220 2710 927 2785">
    <p class='ocr_par' dir='ltr' id='par_1_19' title="bbox 220 2710 927 2785">
     <span class='ocr_line' id='line_1_42' title="bbox 220 2710 927 2746; baseline -0.008 -7"><span class='ocrx_word' id='word_1_233' title='bbox 220 2714 288 2739; x_wconf 86' lang='lat' dir='ltr'><strong>Vere</strong></span> <span class='ocrx_word' id='word_1_234' title='bbox 298 2721 382 2744; x_wconf 91' lang='lat' dir='ltr'><strong>novo,</strong></span> <span class='ocrx_word' id='word_1_235' title='bbox 397 2714 500 2746; x_wconf 87' lang='lat' dir='ltr'><strong>gelidus</strong></span> <span class='ocrx_word' id='word_1_236' title='bbox 509 2712 581 2738; x_wconf 84' lang='lat' dir='ltr'><strong>canis</strong></span> <span class='ocrx_word' id='word_1_237' title='bbox 592 2719 678 2744; x_wconf 90' lang='lat' dir='ltr'><strong>quum</strong></span> <span class='ocrx_word' id='word_1_238' title='bbox 689 2710 827 2736; x_wconf 86' lang='lat' dir='ltr'><strong>montibus</strong></span> <span class='ocrx_word' id='word_1_239' title='bbox 838 2710 927 2734; x_wconf 86' lang='lat' dir='ltr'><strong>humor</strong></span> 
     </span>
     <span class='ocr_line' id='line_1_43' title="bbox 221 2753 379 2785; baseline 0 -7"><span class='ocrx_word' id='word_1_240' title='bbox 221 2753 379 2785; x_wconf 58' lang='lat' dir='ltr'><strong>&amp;quitur—-</strong></span> 
     </span>
    </p>
   </div>
   <div class='ocr_carea' id='block_1_17' title="bbox 204 2828 935 2972">
    <p class='ocr_par' dir='ltr' id='par_1_20' title="bbox 204 2828 935 2972">
     <span class='ocr_line' id='line_1_44' title="bbox 248 2828 934 2868; baseline -0.007 -5"><span class='ocrx_word' id='word_1_241' title='bbox 248 2832 330 2863; x_wconf 89' lang='lat' dir='ltr'><strong>Ibid.</strong></span> <span class='ocrx_word' id='word_1_242' title='bbox 353 2839 451 2863; x_wconf 80' lang='lat' dir='ltr'><strong>mater</strong></span> <span class='ocrx_word' id='word_1_243' title='bbox 472 2833 579 2864; x_wconf 83' lang='lat' dir='ltr'><strong>Terra.</strong></span> <span class='ocrx_word' id='word_1_244' title='bbox 624 2830 798 2868; x_wconf 60' lang='lat' dir='ltr'><strong>Ammius,</strong></span> <span class='ocrx_word' id='word_1_245' title='bbox 822 2829 874 2859; x_wconf 86' lang='lat' dir='ltr'><strong>lib.</strong></span> <span class='ocrx_word' id='word_1_246' title='bbox 900 2828 934 2859; x_wconf 88' lang='lat' dir='ltr'><strong>ii.</strong></span> 
     </span>
     <span class='ocr_line' id='line_1_45' title="bbox 204 2879 935 2924; baseline -0.008 -8"><span class='ocrx_word' id='word_1_247' title='bbox 204 2895 234 2924; x_wconf 86' lang='lat' dir='ltr'><strong>p.</strong></span> <span class='ocrx_word' id='word_1_248' title='bbox 254 2887 373 2916; x_wconf 84' lang='lat'><strong>79.—“</strong></span> <span class='ocrx_word' id='word_1_249' title='bbox 389 2883 532 2914; x_wconf 79' lang='lat' dir='ltr'><strong>videmus</strong></span> <span class='ocrx_word' id='word_1_250' title='bbox 543 2883 621 2913; x_wconf 86' lang='lat' dir='ltr'><strong>alios</strong></span> <span class='ocrx_word' id='word_1_251' title='bbox 633 2893 671 2913; x_wconf 83' lang='lat' dir='ltr'><strong>ex</strong></span> <span class='ocrx_word' id='word_1_252' title='bbox 684 2880 874 2921; x_wconf 83' lang='lat' dir='ltr'><strong>sapientibus</strong></span> <span class='ocrx_word' id='word_1_253' title='bbox 889 2879 935 2910; x_wconf 90' lang='lat' dir='ltr'><strong>di-</strong></span> 
     </span>
     <span class='ocr_line' id='line_1_46' title="bbox 204 2931 921 2972; baseline -0.008 -5"><span class='ocrx_word' id='word_1_254' title='bbox 204 2938 228 2954; x_wconf 86' lang='lat'><strong>“</strong></span> <span class='ocrx_word' id='word_1_255' title='bbox 244 2945 325 2972; x_wconf 87' lang='lat' dir='ltr'><strong>cere,</strong></span> <span class='ocrx_word' id='word_1_256' title='bbox 346 2936 494 2967; x_wconf 81' lang='lat' dir='ltr'><strong>Tellurem</strong></span> <span class='ocrx_word' id='word_1_257' title='bbox 510 2945 577 2966; x_wconf 86' lang='lat' dir='ltr'><strong>esse</strong></span> <span class='ocrx_word' id='word_1_258' title='bbox 592 2936 749 2965; x_wconf 77' lang='lat' dir='ltr'><strong>hominum</strong></span> <span class='ocrx_word' id='word_1_259' title='bbox 761 2931 921 2963; x_wconf 78' lang='lat' dir='ltr'><strong>matrem.’&#39;</strong></span> 
     </span>
    </p>
   </div>
   <div class='ocr_carea' id='block_1_18' title="bbox 970 966 1705 1409">
    <p class='ocr_par' dir='ltr' id='par_1_21' title="bbox 971 966 1705 1102">
     <span class='ocr_line' id='line_1_47' title="bbox 1014 966 1705 1008; baseline -0.001 -9"><span class='ocrx_word' id='word_1_260' title='bbox 1014 969 1091 999; x_wconf 88' lang='lat' dir='ltr'><strong>Ver.</strong></span> <span class='ocrx_word' id='word_1_261' title='bbox 1111 972 1182 1000; x_wconf 80' lang='lat'><strong>994.</strong></span> <span class='ocrx_word' id='word_1_262' title='bbox 1207 969 1294 998; x_wconf 88' lang='lat' dir='ltr'><strong>Ante</strong></span> <span class='ocrx_word' id='word_1_263' title='bbox 1311 969 1410 1008; x_wconf 74' lang='lat' dir='ltr'><strong>parit,</strong></span> <span class='ocrx_word' id='word_1_264' title='bbox 1435 966 1531 997; x_wconf 91' lang='lat' dir='ltr'><strong>Vind.</strong></span> <span class='ocrx_word' id='word_1_265' title='bbox 1557 967 1595 1003; x_wconf 85' lang='lat' dir='ltr'><strong>Q.</strong></span> <span class='ocrx_word' id='word_1_266' title='bbox 1617 966 1705 998; x_wconf 81' lang='lat' dir='ltr'><strong>male</strong></span> 
     </span>
     <span class='ocr_line' id='line_1_48' title="bbox 971 1018 1700 1060; baseline -0.003 -10"><span class='ocrx_word' id='word_1_267' title='bbox 971 1026 1094 1060; x_wconf 88' lang='lat' dir='ltr'><strong>ponunt</strong></span> <span class='ocrx_word' id='word_1_268' title='bbox 1108 1026 1149 1058; x_wconf 75' lang='lat' dir='ltr'><strong>et,</strong></span> <span class='ocrx_word' id='word_1_269' title='bbox 1172 1030 1284 1050; x_wconf 84' lang='lat' dir='ltr'><strong>nervos</strong></span> <span class='ocrx_word' id='word_1_270' title='bbox 1303 1026 1396 1060; x_wconf 86' lang='lat' dir='ltr'><strong>atque</strong></span> <span class='ocrx_word' id='word_1_271' title='bbox 1418 1018 1619 1049; x_wconf 79' lang='lat' dir='ltr'><strong>stabilitatem</strong></span> <span class='ocrx_word' id='word_1_272' title='bbox 1633 1028 1700 1049; x_wconf 87' lang='lat' dir='ltr'><strong>ver-</strong></span> 
     </span>
     <span class='ocr_line' id='line_1_49' title="bbox 973 1072 1272 1102; baseline 0 -1"><span class='ocrx_word' id='word_1_273' title='bbox 973 1072 1025 1102; x_wconf 72' lang='lat' dir='ltr'><strong>sus</strong></span> <span class='ocrx_word' id='word_1_274' title='bbox 1040 1072 1272 1102; x_wconf 87' lang='lat' dir='ltr'><strong>imminuentes.</strong></span> 
     </span>
    </p>

    <p class='ocr_par' dir='ltr' id='par_1_22' title="bbox 970 1120 1705 1409">
     <span class='ocr_line' id='line_1_50' title="bbox 1018 1120 1703 1164; baseline -0.004 -11"><span class='ocrx_word' id='word_1_275' title='bbox 1018 1123 1098 1153; x_wconf 85' lang='lat' dir='ltr'><strong>Ibid.</strong></span> <span class='ocrx_word' id='word_1_276' title='bbox 1110 1123 1267 1164; x_wconf 81' lang='lat' dir='ltr'><strong>ferarum.</strong></span> <span class='ocrx_word' id='word_1_277' title='bbox 1294 1121 1363 1152; x_wconf 90' lang='lat' dir='ltr'><strong>Usu</strong></span> <span class='ocrx_word' id='word_1_278' title='bbox 1380 1121 1499 1159; x_wconf 82' lang='lat' dir='ltr'><strong>rariori,</strong></span> <span class='ocrx_word' id='word_1_279' title='bbox 1524 1120 1578 1151; x_wconf 89' lang='lat' dir='ltr'><strong>sed</strong></span> <span class='ocrx_word' id='word_1_280' title='bbox 1594 1131 1631 1151; x_wconf 80' lang='lat' dir='ltr'><strong>ex</strong></span> <span class='ocrx_word' id='word_1_281' title='bbox 1647 1129 1703 1160; x_wconf 88' lang='lat' dir='ltr'><strong>po-</strong></span> 
     </span>
     <span class='ocr_line' id='line_1_51' title="bbox 972 1173 1705 1210; baseline -0.004 -5"><span class='ocrx_word' id='word_1_282' title='bbox 972 1174 1051 1205; x_wconf 67' lang='lat' dir='ltr'><strong>&#39;e&#39;tica</strong></span> <span class='ocrx_word' id='word_1_283' title='bbox 1066 1176 1225 1210; x_wconf 83' lang='lat' dir='ltr'><strong>brevitate,</strong></span> <span class='ocrx_word' id='word_1_284' title='bbox 1248 1174 1388 1204; x_wconf 90' lang='lat' dir='ltr'><strong>continet</strong></span> <span class='ocrx_word' id='word_1_285' title='bbox 1402 1173 1436 1203; x_wconf 89' lang='lat' dir='ltr'><strong>in</strong></span> <span class='ocrx_word' id='word_1_286' title='bbox 1448 1183 1480 1203; x_wconf 92' lang='lat' dir='ltr'><strong>se</strong></span> <span class='ocrx_word' id='word_1_287' title='bbox 1495 1174 1554 1203; x_wconf 91' lang='lat' dir='ltr'><strong>hoc</strong></span> <span class='ocrx_word' id='word_1_288' title='bbox 1570 1173 1705 1203; x_wconf 87' lang='lat' dir='ltr'><strong>vocabu-</strong></span> 
     </span>
     <span class='ocr_line' id='line_1_52' title="bbox 970 1224 1704 1263; baseline -0.003 -8"><span class='ocrx_word' id='word_1_289' title='bbox 970 1226 1038 1256; x_wconf 91' lang='lat' dir='ltr'><strong>lum</strong></span> <span class='ocrx_word' id='word_1_290' title='bbox 1054 1225 1202 1255; x_wconf 86' lang='lat' dir='ltr'><strong>animalia</strong></span> <span class='ocrx_word' id='word_1_291' title='bbox 1218 1225 1312 1254; x_wconf 86' lang='lat' dir='ltr'><strong>etiam</strong></span> <span class='ocrx_word' id='word_1_292' title='bbox 1328 1224 1435 1254; x_wconf 86' lang='lat' dir='ltr'><strong>omnia</strong></span> <span class='ocrx_word' id='word_1_293' title='bbox 1455 1229 1630 1261; x_wconf 80' lang='lat' dir='ltr'><strong>mansueta,</strong></span> <span class='ocrx_word' id='word_1_294' title='bbox 1647 1233 1704 1263; x_wconf 81' lang='lat' dir='ltr'><strong>pe-</strong></span> 
     </span>
     <span class='ocr_line' id='line_1_53' title="bbox 971 1274 1704 1317; baseline -0.003 -11"><span class='ocrx_word' id='word_1_295' title='bbox 971 1279 1061 1307; x_wconf 80' lang='lat' dir='ltr'><strong>cudes</strong></span> <span class='ocrx_word' id='word_1_296' title='bbox 1076 1283 1107 1306; x_wconf 89' lang='lat' dir='ltr'><strong>et</strong></span> <span class='ocrx_word' id='word_1_297' title='bbox 1121 1283 1258 1307; x_wconf 78' lang='lat' dir='ltr'><strong>armenta</strong></span> <span class='ocrx_word' id='word_1_298' title='bbox 1270 1290 1280 1307; x_wconf 91' lang='lat'><em>:</em></span> <span class='ocrx_word' id='word_1_299' title='bbox 1306 1287 1409 1317; x_wconf 88' lang='lat' dir='ltr'><strong>neque</strong></span> <span class='ocrx_word' id='word_1_300' title='bbox 1431 1276 1521 1306; x_wconf 89' lang='lat' dir='ltr'><strong>aliter</strong></span> <span class='ocrx_word' id='word_1_301' title='bbox 1536 1274 1704 1316; x_wconf 84' lang='lat' dir='ltr'><strong>Virgilius,</strong></span> 
     </span>
     <span class='ocr_line' id='line_1_54' title="bbox 971 1326 1704 1368; baseline -0.003 -10"><span class='ocrx_word' id='word_1_302' title='bbox 971 1338 1040 1368; x_wconf 84' lang='lat' dir='ltr'><strong>ch.</strong></span> <span class='ocrx_word' id='word_1_303' title='bbox 1057 1327 1102 1358; x_wconf 85' lang='lat' dir='ltr'><strong>iii.</strong></span> <span class='ocrx_word' id='word_1_304' title='bbox 1121 1331 1193 1357; x_wconf 79' lang='lat'><strong>242.</strong></span> <span class='ocrx_word' id='word_1_305' title='bbox 1220 1328 1300 1357; x_wconf 87' lang='lat' dir='ltr'><strong>sicut</strong></span> <span class='ocrx_word' id='word_1_306' title='bbox 1315 1338 1373 1357; x_wconf 90' lang='lat' dir='ltr'><strong>nos</strong></span> <span class='ocrx_word' id='word_1_307' title='bbox 1387 1328 1462 1357; x_wconf 90' lang='lat' dir='ltr'><strong>istos</strong></span> <span class='ocrx_word' id='word_1_308' title='bbox 1478 1337 1582 1357; x_wconf 86' lang='lat' dir='ltr'><strong>versus</strong></span> <span class='ocrx_word' id='word_1_309' title='bbox 1597 1326 1704 1357; x_wconf 85' lang='lat' dir='ltr'><strong>rectis-</strong></span> 
     </span>
     <span class='ocr_line' id='line_1_55' title="bbox 971 1378 1338 1409; baseline 0.003 -1"><span class='ocrx_word' id='word_1_310' title='bbox 971 1380 1050 1409; x_wconf 88' lang='lat' dir='ltr'><strong>sime</strong></span> <span class='ocrx_word' id='word_1_311' title='bbox 1065 1378 1338 1409; x_wconf 81' lang='lat' dir='ltr'><strong>concinnavimus:</strong></span> 
     </span>
    </p>
   </div>
   <div class='ocr_carea' id='block_1_19' title="bbox 1001 1459 1707 1607">
    <p class='ocr_par' dir='ltr' id='par_1_23' title="bbox 1001 1459 1707 1531">
     <span class='ocr_line' id='line_1_56' title="bbox 1001 1459 1707 1491; baseline -0.001 -6"><span class='ocrx_word' id='word_1_312' title='bbox 1001 1462 1090 1485; x_wconf 90' lang='lat' dir='ltr'><strong>Omne</strong></span> <span class='ocrx_word' id='word_1_313' title='bbox 1101 1461 1168 1485; x_wconf 80' lang='lat' dir='ltr'><strong>adeo</strong></span> <span class='ocrx_word' id='word_1_314' title='bbox 1179 1467 1262 1491; x_wconf 85' lang='lat' dir='ltr'><strong>genus</strong></span> <span class='ocrx_word' id='word_1_315' title='bbox 1273 1460 1301 1483; x_wconf 80' lang='lat' dir='ltr'><strong>in</strong></span> <span class='ocrx_word' id='word_1_316' title='bbox 1320 1459 1397 1484; x_wconf 83' lang='lat' dir='ltr'><strong>terris</strong></span> <span class='ocrx_word' id='word_1_317' title='bbox 1412 1460 1622 1490; x_wconf 84' lang='lat' dir='ltr'><strong>hominumque,</strong></span> <span class='ocrx_word' id='word_1_318' title='bbox 1629 1459 1707 1491; x_wconf 85' lang='lat' dir='ltr'><strong>sera·</strong></span> 
     </span>
     <span class='ocr_line' id='line_1_57' title="bbox 1080 1507 1204 1531; baseline 0 -7"><span class='ocrx_word' id='word_1_319' title='bbox 1080 1507 1204 1531; x_wconf 86' lang='lat' dir='ltr'><strong>rumque,</strong></span> 
     </span>
    </p>

    <p class='ocr_par' dir='ltr' id='par_1_24' title="bbox 1004 1539 1704 1607">
     <span class='ocr_line' id='line_1_58' title="bbox 1004 1539 1704 1572; baseline -0.003 -6"><span class='ocrx_word' id='word_1_320' title='bbox 1004 1542 1047 1571; x_wconf 85' lang='lat' dir='ltr'><strong>Et,</strong></span> <span class='ocrx_word' id='word_1_321' title='bbox 1061 1547 1145 1572; x_wconf 80' lang='lat' dir='ltr'><strong>genus</strong></span> <span class='ocrx_word' id='word_1_322' title='bbox 1155 1546 1328 1571; x_wconf 76' lang='lat' dir='ltr'><strong>aequoreum,</strong></span> <span class='ocrx_word' id='word_1_323' title='bbox 1342 1539 1469 1572; x_wconf 70' lang='lat' dir='ltr'><strong>pecude8‚</strong></span> <span class='ocrx_word' id='word_1_324' title='bbox 1477 1540 1616 1572; x_wconf 77' lang='lat' dir='ltr'><strong>pictaeque</strong></span> <span class='ocrx_word' id='word_1_325' title='bbox 1627 1540 1704 1565; x_wconf 85' lang='lat' dir='ltr'><strong>volu-</strong></span> 
     </span>
     <span class='ocr_line' id='line_1_59' title="bbox 1083 1588 1182 1607; baseline -0.01 -1"><span class='ocrx_word' id='word_1_326' title='bbox 1083 1588 1182 1607; x_wconf 85' lang='lat' dir='ltr'><strong>cres—.</strong></span> 
     </span>
    </p>
   </div>
   <div class='ocr_carea' id='block_1_20' title="bbox 974 1652 1708 1893">
    <p class='ocr_par' dir='ltr' id='par_1_25' title="bbox 974 1652 1708 1893">
     <span class='ocr_line' id='line_1_60' title="bbox 976 1652 1708 1696; baseline -0.003 -11"><span class='ocrx_word' id='word_1_327' title='bbox 976 1655 1088 1696; x_wconf 89' lang='lat' dir='ltr'><strong>Neque</strong></span> <span class='ocrx_word' id='word_1_328' title='bbox 1104 1654 1194 1684; x_wconf 89' lang='lat' dir='ltr'><strong>aliter</strong></span> <span class='ocrx_word' id='word_1_329' title='bbox 1216 1663 1303 1691; x_wconf 82' lang='lat' dir='ltr'><strong>mox,</strong></span> <span class='ocrx_word' id='word_1_330' title='bbox 1330 1663 1393 1683; x_wconf 84' lang='lat' dir='ltr'><strong>ver.</strong></span> <span class='ocrx_word' id='word_1_331' title='bbox 1413 1655 1505 1684; x_wconf 88' lang='lat'><strong>1075.</strong></span> <span class='ocrx_word' id='word_1_332' title='bbox 1527 1657 1633 1682; x_wconf 88' lang='lat' dir='ltr'><strong>noster</strong></span> <span class='ocrx_word' id='word_1_333' title='bbox 1648 1652 1708 1683; x_wconf 89' lang='lat' dir='ltr'><strong>ite-</strong></span> 
     </span>
     <span class='ocr_line' id='line_1_61' title="bbox 975 1703 1706 1744; baseline -0.004 -7"><span class='ocrx_word' id='word_1_334' title='bbox 975 1717 1055 1737; x_wconf 91' lang='lat' dir='ltr'><strong>rum.</strong></span> <span class='ocrx_word' id='word_1_335' title='bbox 1101 1706 1175 1736; x_wconf 87' lang='lat' dir='ltr'><strong>Hoc</strong></span> <span class='ocrx_word' id='word_1_336' title='bbox 1191 1705 1251 1735; x_wconf 86' lang='lat' dir='ltr'><strong>nisi</strong></span> <span class='ocrx_word' id='word_1_337' title='bbox 1267 1703 1472 1744; x_wconf 86' lang='lat' dir='ltr'><strong>liquidissime</strong></span> <span class='ocrx_word' id='word_1_338' title='bbox 1487 1708 1651 1739; x_wconf 82' lang='lat' dir='ltr'><strong>constaret,</strong></span> <span class='ocrx_word' id='word_1_339' title='bbox 1675 1709 1706 1734; x_wconf 85' lang='lat' dir='ltr'><strong>et</strong></span> 
     </span>
     <span class='ocr_line' id='line_1_62' title="bbox 974 1754 1704 1796; baseline -0.008 -7"><span class='ocrx_word' id='word_1_340' title='bbox 974 1759 1062 1789; x_wconf 89' lang='lat' dir='ltr'><strong>locus</strong></span> <span class='ocrx_word' id='word_1_341' title='bbox 1076 1758 1120 1787; x_wconf 88' lang='lat' dir='ltr'><strong>ita</strong></span> <span class='ocrx_word' id='word_1_342' title='bbox 1141 1756 1308 1796; x_wconf 87' lang='lat' dir='ltr'><strong>dispositus</strong></span> <span class='ocrx_word' id='word_1_343' title='bbox 1321 1765 1354 1785; x_wconf 88' lang='lat' dir='ltr'><strong>se</strong></span> <span class='ocrx_word' id='word_1_344' title='bbox 1375 1754 1586 1795; x_wconf 88' lang='lat' dir='ltr'><strong>undequaque</strong></span> <span class='ocrx_word' id='word_1_345' title='bbox 1601 1754 1704 1784; x_wconf 90' lang='lat' dir='ltr'><strong>incul-</strong></span> 
     </span>
     <span class='ocr_line' id='line_1_63' title="bbox 976 1806 1707 1851; baseline -0.007 -10"><span class='ocrx_word' id='word_1_346' title='bbox 976 1810 1174 1851; x_wconf 88' lang='lat' dir='ltr'><strong>patissimum</strong></span> <span class='ocrx_word' id='word_1_347' title='bbox 1189 1810 1328 1847; x_wconf 88' lang='lat' dir='ltr'><strong>haberet,</strong></span> <span class='ocrx_word' id='word_1_348' title='bbox 1350 1809 1410 1838; x_wconf 89' lang='lat' dir='ltr'><strong>hoc</strong></span> <span class='ocrx_word' id='word_1_349' title='bbox 1421 1806 1516 1837; x_wconf 90' lang='lat' dir='ltr'><strong>modo</strong></span> <span class='ocrx_word' id='word_1_350' title='bbox 1531 1806 1707 1837; x_wconf 85' lang='lat' dir='ltr'><strong>reforman-</strong></span> 
     </span>
     <span class='ocr_line' id='line_1_64' title="bbox 977 1861 1273 1893; baseline -0.014 0"><span class='ocrx_word' id='word_1_351' title='bbox 977 1863 1055 1893; x_wconf 87' lang='lat' dir='ltr'><strong>dum</strong></span> <span class='ocrx_word' id='word_1_352' title='bbox 1071 1861 1273 1892; x_wconf 70' lang='lat' dir='ltr'><strong>censuissem:</strong></span> 
     </span>
    </p>
   </div>
   <div class='ocr_carea' id='block_1_21' title="bbox 994 1938 1707 2015">
    <p class='ocr_par' dir='ltr' id='par_1_26' title="bbox 994 1938 1707 2015">
     <span class='ocr_line' id='line_1_65' title="bbox 994 1938 1631 1975; baseline -0.009 -6"><span class='ocrx_word' id='word_1_353' title='bbox 994 1946 1059 1969; x_wconf 79' lang='lat' dir='ltr'><strong>Feta</strong></span> <span class='ocrx_word' id='word_1_354' title='bbox 1071 1943 1140 1975; x_wconf 76' lang='lat' dir='ltr'><strong>parit</strong></span> <span class='ocrx_word' id='word_1_355' title='bbox 1151 1942 1247 1967; x_wconf 82' lang='lat' dir='ltr'><strong>nitidas</strong></span> <span class='ocrx_word' id='word_1_356' title='bbox 1258 1941 1358 1973; x_wconf 79' lang='lat' dir='ltr'><strong>fruges,</strong></span> <span class='ocrx_word' id='word_1_357' title='bbox 1374 1943 1544 1970; x_wconf 83' lang='lat' dir='ltr'><strong>armentaque</strong></span> <span class='ocrx_word' id='word_1_358' title='bbox 1554 1938 1631 1969; x_wconf 83' lang='lat' dir='ltr'><strong>laeta,</strong></span> 
     </span>
     <span class='ocr_line' id='line_1_66' title="bbox 995 1978 1707 2015; baseline -0.008 -7"><span class='ocrx_word' id='word_1_359' title='bbox 995 1985 1027 2008; x_wconf 80' lang='lat' dir='ltr'><strong>Et</strong></span> <span class='ocrx_word' id='word_1_360' title='bbox 1038 1990 1121 2015; x_wconf 83' lang='lat' dir='ltr'><strong>genus</strong></span> <span class='ocrx_word' id='word_1_361' title='bbox 1133 1982 1284 2006; x_wconf 85' lang='lat' dir='ltr'><strong>humanum</strong></span> <span class='ocrx_word' id='word_1_362' title='bbox 1293 1989 1301 2011; x_wconf 75' lang='lat'><em>3</em></span> <span class='ocrx_word' id='word_1_363' title='bbox 1312 1980 1382 2012; x_wconf 84' lang='lat' dir='ltr'><strong>parit</strong></span> <span class='ocrx_word' id='word_1_364' title='bbox 1391 1979 1482 2004; x_wconf 86' lang='lat' dir='ltr'><strong>omnia</strong></span> <span class='ocrx_word' id='word_1_365' title='bbox 1491 1978 1561 2004; x_wconf 83' lang='lat' dir='ltr'><strong>secla</strong></span> <span class='ocrx_word' id='word_1_366' title='bbox 1571 1978 1707 2003; x_wconf 79' lang='lat' dir='ltr'><strong>ferarum:</strong></span> 
     </span>
    </p>
   </div>
   <div class='ocr_carea' id='block_1_22' title="bbox 976 2050 1714 2718">
    <p class='ocr_par' dir='ltr' id='par_1_27' title="bbox 976 2050 1710 2292">
     <span class='ocr_line' id='line_1_67' title="bbox 978 2050 1709 2089; baseline -0.011 -2"><span class='ocrx_word' id='word_1_367' title='bbox 978 2063 1014 2087; x_wconf 91' lang='lat' dir='ltr'><strong>ut</strong></span> <span class='ocrx_word' id='word_1_368' title='bbox 1028 2056 1102 2086; x_wconf 91' lang='lat' dir='ltr'><strong>hinc</strong></span> <span class='ocrx_word' id='word_1_369' title='bbox 1116 2054 1265 2086; x_wconf 87' lang='lat' dir='ltr'><strong>animalia</strong></span> <span class='ocrx_word' id='word_1_370' title='bbox 1287 2058 1405 2083; x_wconf 88' lang='lat' dir='ltr'><strong>starent</strong></span> <span class='ocrx_word' id='word_1_371' title='bbox 1426 2051 1528 2089; x_wconf 84' lang='lat' dir='ltr'><strong>mitia,</strong></span> <span class='ocrx_word' id='word_1_372' title='bbox 1551 2050 1638 2080; x_wconf 89' lang='lat' dir='ltr'><strong>illinc</strong></span> <span class='ocrx_word' id='word_1_373' title='bbox 1653 2060 1709 2080; x_wconf 90' lang='lat' dir='ltr'><strong>au-</strong></span> 
     </span>
     <span class='ocr_line' id='line_1_68' title="bbox 977 2101 1710 2142; baseline -0.011 -4"><span class='ocrx_word' id='word_1_374' title='bbox 977 2114 1041 2138; x_wconf 88' lang='lat' dir='ltr'><strong>tem</strong></span> <span class='ocrx_word' id='word_1_375' title='bbox 1058 2107 1283 2142; x_wconf 80' lang='lat' dir='ltr'><strong>immansueta3</strong></span> <span class='ocrx_word' id='word_1_376' title='bbox 1307 2114 1381 2134; x_wconf 88' lang='lat' dir='ltr'><strong>nam</strong></span> <span class='ocrx_word' id='word_1_377' title='bbox 1391 2103 1553 2142; x_wconf 67' lang='lat' dir='ltr'><strong>scriptores</strong></span> <span class='ocrx_word' id='word_1_378' title='bbox 1567 2101 1710 2131; x_wconf 88' lang='lat' dir='ltr'><strong>librarios</strong></span> 
     </span>
     <span class='ocr_line' id='line_1_69' title="bbox 977 2151 1710 2189; baseline -0.011 0"><span class='ocrx_word' id='word_1_379' title='bbox 977 2159 1011 2188; x_wconf 90' lang='lat' dir='ltr'><strong>in</strong></span> <span class='ocrx_word' id='word_1_380' title='bbox 1027 2158 1208 2189; x_wconf 90' lang='lat' dir='ltr'><strong>nominibus</strong></span> <span class='ocrx_word' id='word_1_381' title='bbox 1223 2161 1362 2186; x_wconf 77' lang='lat' dir='ltr'><strong>armenta</strong></span> <span class='ocrx_word' id='word_1_382' title='bbox 1375 2159 1406 2184; x_wconf 88' lang='lat' dir='ltr'><strong>et</strong></span> <span class='ocrx_word' id='word_1_383' title='bbox 1414 2155 1538 2184; x_wconf 81' lang='lat' dir='ltr'><strong>arbusta</strong></span> <span class='ocrx_word' id='word_1_384' title='bbox 1551 2151 1625 2182; x_wconf 89' lang='lat' dir='ltr'><strong>alibi</strong></span> <span class='ocrx_word' id='word_1_385' title='bbox 1641 2157 1710 2182; x_wconf 87' lang='lat' dir='ltr'><strong>tur-</strong></span> 
     </span>
     <span class='ocr_line' id='line_1_70' title="bbox 977 2203 1708 2249; baseline -0.008 -8"><span class='ocrx_word' id='word_1_386' title='bbox 977 2210 1106 2247; x_wconf 87' lang='lat' dir='ltr'><strong>bavisse,</strong></span> <span class='ocrx_word' id='word_1_387' title='bbox 1119 2209 1187 2249; x_wconf 82' lang='lat' dir='ltr'><strong>jam</strong></span> <span class='ocrx_word' id='word_1_388' title='bbox 1201 2207 1339 2238; x_wconf 82' lang='lat' dir='ltr'><strong>innotuit</strong></span> <span class='ocrx_word' id='word_1_389' title='bbox 1351 2215 1388 2236; x_wconf 85' lang='lat' dir='ltr'><strong>ex</strong></span> <span class='ocrx_word' id='word_1_390' title='bbox 1400 2204 1532 2246; x_wconf 82' lang='lat' dir='ltr'><strong>hujusce</strong></span> <span class='ocrx_word' id='word_1_391' title='bbox 1547 2203 1620 2234; x_wconf 85' lang='lat' dir='ltr'><strong>libri</strong></span> <span class='ocrx_word' id='word_1_392' title='bbox 1631 2213 1708 2236; x_wconf 83' lang='lat' dir='ltr'><strong>verr.</strong></span> 
     </span>
     <span class='ocr_line' id='line_1_71' title="bbox 976 2264 1226 2292; baseline -0.008 0"><span class='ocrx_word' id='word_1_393' title='bbox 976 2265 1048 2292; x_wconf 81' lang='lat'><strong>543.</strong></span> <span class='ocrx_word' id='word_1_394' title='bbox 1063 2264 1137 2291; x_wconf 83' lang='lat'><strong>561.</strong></span> <span class='ocrx_word' id='word_1_395' title='bbox 1154 2264 1226 2291; x_wconf 88' lang='grc'><strong>698.</strong></span> 
     </span>
    </p>

    <p class='ocr_par' dir='ltr' id='par_1_28' title="bbox 976 2308 1714 2718">
     <span class='ocr_line' id='line_1_72' title="bbox 1019 2308 1710 2352; baseline -0.012 -7"><span class='ocrx_word' id='word_1_396' title='bbox 1019 2315 1096 2345; x_wconf 88' lang='lat' dir='ltr'><strong>Ver.</strong></span> <span class='ocrx_word' id='word_1_397' title='bbox 1116 2315 1187 2345; x_wconf 88' lang='lat'><strong>995.</strong></span> <span class='ocrx_word' id='word_1_398' title='bbox 1211 2322 1337 2352; x_wconf 52' lang='lat' dir='ltr'><strong>corpora</strong></span> <span class='ocrx_word' id='word_1_399' title='bbox 1355 2315 1501 2350; x_wconf 80' lang='lat' dir='ltr'><strong>pascunt.</strong></span> <span class='ocrx_word' id='word_1_400' title='bbox 1523 2308 1601 2339; x_wconf 88' lang='lat' dir='ltr'><strong>Uno</strong></span> <span class='ocrx_word' id='word_1_401' title='bbox 1615 2308 1710 2338; x_wconf 88' lang='lat' dir='ltr'><strong>verbo</strong></span> 
     </span>
     <span class='ocr_line' id='line_1_73' title="bbox 976 2360 1714 2403; baseline -0.009 -7"><span class='ocrx_word' id='word_1_402' title='bbox 976 2365 1148 2403; x_wconf 85' lang='lat' dir='ltr'><strong>extulisset,</strong></span> <span class='ocrx_word' id='word_1_403' title='bbox 1164 2364 1190 2394; x_wconf 92' lang='lat' dir='ltr'><strong>si</strong></span> <span class='ocrx_word' id='word_1_404' title='bbox 1212 2373 1267 2403; x_wconf 87' lang='lat' dir='ltr'><strong>per</strong></span> <span class='ocrx_word' id='word_1_405' title='bbox 1283 2363 1396 2393; x_wconf 85' lang='lat' dir='ltr'><strong>Musas</strong></span> <span class='ocrx_word' id='word_1_406' title='bbox 1408 2360 1556 2396; x_wconf 88' lang='lat' dir='ltr'><strong>licuisset,</strong></span> <span class='ocrx_word' id='word_1_407' title='bbox 1575 2369 1714 2399; x_wconf 79' lang='lat' dir='ltr'><strong>pascun-</strong></span> 
     </span>
     <span class='ocr_line' id='line_1_74' title="bbox 976 2411 1710 2456; baseline -0.012 -7"><span class='ocrx_word' id='word_1_408' title='bbox 976 2425 1028 2449; x_wconf 77' lang='lat' dir='ltr'><strong>tur</strong></span> <span class='ocrx_word' id='word_1_409' title='bbox 1044 2426 1158 2456; x_wconf 89' lang='lat' dir='ltr'><strong>nempe</strong></span> <span class='ocrx_word' id='word_1_410' title='bbox 1180 2413 1341 2455; x_wconf 87' lang='lat' dir='ltr'><strong>ponendo:</strong></span> <span class='ocrx_word' id='word_1_411' title='bbox 1368 2423 1465 2454; x_wconf 86' lang='lat' dir='ltr'><strong>quam</strong></span> <span class='ocrx_word' id='word_1_412' title='bbox 1487 2411 1710 2451; x_wconf 81' lang='lat' dir='ltr'><strong>proprietatem</strong></span> 
     </span>
     <span class='ocr_line' id='line_1_75' title="bbox 978 2464 1711 2504; baseline -0.011 -4"><span class='ocrx_word' id='word_1_413' title='bbox 978 2470 1017 2500; x_wconf 90' lang='lat' dir='ltr'><strong>ad</strong></span> <span class='ocrx_word' id='word_1_414' title='bbox 1035 2470 1219 2500; x_wconf 84' lang='lat' dir='ltr'><strong>Graecorum</strong></span> <span class='ocrx_word' id='word_1_415' title='bbox 1233 2476 1356 2497; x_wconf 89' lang='lat' dir='ltr'><strong>morem</strong></span> <span class='ocrx_word' id='word_1_416' title='bbox 1367 2464 1475 2496; x_wconf 69' lang='lat' dir='ltr'><strong>Latini</strong></span> <span class='ocrx_word' id='word_1_417' title='bbox 1488 2473 1612 2504; x_wconf 86' lang='lat' dir='ltr'><strong>quoque</strong></span> <span class='ocrx_word' id='word_1_418' title='bbox 1621 2471 1711 2493; x_wconf 88' lang='lat' dir='ltr'><strong>sanc-</strong></span> 
     </span>
     <span class='ocr_line' id='line_1_76' title="bbox 978 2515 1709 2554; baseline -0.014 -1"><span class='ocrx_word' id='word_1_419' title='bbox 978 2522 1097 2552; x_wconf 82' lang='lat' dir='ltr'><strong>tissime</strong></span> <span class='ocrx_word' id='word_1_420' title='bbox 1117 2522 1290 2551; x_wconf 83' lang='lat' dir='ltr'><strong>observant.</strong></span> <span class='ocrx_word' id='word_1_421' title='bbox 1334 2517 1424 2548; x_wconf 89' lang='lat' dir='ltr'><strong>Hinc</strong></span> <span class='ocrx_word' id='word_1_422' title='bbox 1448 2526 1534 2547; x_wconf 86' lang='lat' dir='ltr'><strong>error</strong></span> <span class='ocrx_word' id='word_1_423' title='bbox 1557 2515 1709 2554; x_wconf 83' lang='lat' dir='ltr'><strong>interpre-</strong></span> 
     </span>
     <span class='ocr_line' id='line_1_77' title="bbox 979 2564 1709 2614; baseline -0.014 -9"><span class='ocrx_word' id='word_1_424' title='bbox 979 2584 1049 2606; x_wconf 88' lang='lat' dir='ltr'><strong>tum</strong></span> <span class='ocrx_word' id='word_1_425' title='bbox 1063 2571 1261 2614; x_wconf 83' lang='lat' dir='ltr'><strong>quorundam</strong></span> <span class='ocrx_word' id='word_1_426' title='bbox 1273 2569 1492 2606; x_wconf 85' lang='lat' dir='ltr'><strong>crassissimus,</strong></span> <span class='ocrx_word' id='word_1_427' title='bbox 1515 2574 1608 2608; x_wconf 90' lang='lat' dir='ltr'><strong>atque</strong></span> <span class='ocrx_word' id='word_1_428' title='bbox 1621 2566 1656 2596; x_wconf 91' lang='lat' dir='ltr'><strong>in</strong></span> <span class='ocrx_word' id='word_1_429' title='bbox 1670 2564 1709 2595; x_wconf 89' lang='lat' dir='ltr'><strong>il-</strong></span> 
     </span>
     <span class='ocr_line' id='line_1_78' title="bbox 979 2617 1708 2664; baseline -0.012 -9"><span class='ocrx_word' id='word_1_430' title='bbox 979 2626 1018 2656; x_wconf 90' lang='lat' dir='ltr'><strong>lis</strong></span> <span class='ocrx_word' id='word_1_431' title='bbox 1032 2625 1081 2655; x_wconf 86' lang='lat' dir='ltr'><strong>vel</strong></span> <span class='ocrx_word' id='word_1_432' title='bbox 1093 2623 1215 2664; x_wconf 75' lang='lat' dir='ltr'><strong>Heynii</strong></span> <span class='ocrx_word' id='word_1_433' title='bbox 1227 2620 1465 2663; x_wconf 86' lang='lat' dir='ltr'><strong>elegantissimi,</strong></span> <span class='ocrx_word' id='word_1_434' title='bbox 1480 2617 1636 2650; x_wconf 84' lang='lat' dir='ltr'><strong>notandus</strong></span> <span class='ocrx_word' id='word_1_435' title='bbox 1650 2620 1708 2654; x_wconf 75' lang='lat' dir='ltr'><strong>est,</strong></span> 
     </span>
     <span class='ocr_line' id='line_1_79' title="bbox 979 2674 1387 2718; baseline -0.012 -10"><span class='ocrx_word' id='word_1_436' title='bbox 979 2678 1019 2709; x_wconf 88' lang='lat' dir='ltr'><strong>ad</strong></span> <span class='ocrx_word' id='word_1_437' title='bbox 1036 2675 1163 2718; x_wconf 87' lang='lat' dir='ltr'><strong>Virgilii</strong></span> <span class='ocrx_word' id='word_1_438' title='bbox 1176 2685 1246 2716; x_wconf 86' lang='lat' dir='ltr'><strong>geo.</strong></span> <span class='ocrx_word' id='word_1_439' title='bbox 1259 2674 1303 2704; x_wconf 82' lang='lat' dir='ltr'><strong>iii.</strong></span> <span class='ocrx_word' id='word_1_440' title='bbox 1319 2676 1387 2704; x_wconf 82' lang='lat'><strong>143.</strong></span> 
     </span>
    </p>
   </div>
   <div class='ocr_carea' id='block_1_23' title="bbox 1010 2748 1682 2828">
    <p class='ocr_par' dir='ltr' id='par_1_29' title="bbox 1010 2748 1682 2828">
     <span class='ocr_line' id='line_1_80' title="bbox 1010 2748 1682 2789; baseline -0.021 -3"><span class='ocrx_word' id='word_1_441' title='bbox 1010 2760 1124 2787; x_wconf 79' lang='lat' dir='ltr'><strong>saltibus</strong></span> <span class='ocrx_word' id='word_1_442' title='bbox 1133 2759 1161 2783; x_wconf 87' lang='lat' dir='ltr'><strong>in</strong></span> <span class='ocrx_word' id='word_1_443' title='bbox 1173 2757 1263 2783; x_wconf 86' lang='lat' dir='ltr'><strong>vacuis</strong></span> <span class='ocrx_word' id='word_1_444' title='bbox 1271 2758 1390 2789; x_wconf 83' lang='lat' dir='ltr'><strong>pascant,</strong></span> <span class='ocrx_word' id='word_1_445' title='bbox 1406 2756 1434 2780; x_wconf 88' lang='lat' dir='ltr'><strong>et</strong></span> <span class='ocrx_word' id='word_1_446' title='bbox 1444 2753 1524 2785; x_wconf 85' lang='lat' dir='ltr'><strong>plena</strong></span> <span class='ocrx_word' id='word_1_447' title='bbox 1532 2748 1682 2776; x_wconf 81' lang='lat' dir='ltr'><strong>secundum</strong></span> 
     </span>
     <span class='ocr_line' id='line_1_81' title="bbox 1010 2802 1142 2828; baseline -0.023 0"><span class='ocrx_word' id='word_1_448' title='bbox 1010 2802 1142 2828; x_wconf 75' lang='lat' dir='ltr'><strong>Flumina.</strong></span> 
     </span>
    </p>
   </div>
   <div class='ocr_carea' id='block_1_24' title="bbox 979 2861 1707 2966">
    <p class='ocr_par' dir='ltr' id='par_1_30' title="bbox 979 2861 1707 2966">
     <span class='ocr_line' id='line_1_82' title="bbox 981 2861 1707 2915; baseline -0.025 -7"><span class='ocrx_word' id='word_1_449' title='bbox 981 2876 1070 2915; x_wconf 88' lang='lat' dir='ltr'><strong>Non,</strong></span> <span class='ocrx_word' id='word_1_450' title='bbox 1085 2881 1212 2910; x_wconf 87' lang='lat' dir='ltr'><strong>matres,</strong></span> <span class='ocrx_word' id='word_1_451' title='bbox 1236 2870 1284 2901; x_wconf 85' lang='lat' dir='ltr'><strong>vel</strong></span> <span class='ocrx_word' id='word_1_452' title='bbox 1295 2869 1449 2910; x_wconf 85' lang='lat' dir='ltr'><strong>juvencae,</strong></span> <span class='ocrx_word' id='word_1_453' title='bbox 1469 2869 1611 2904; x_wconf 82' lang='lat' dir='ltr'><strong>pascant,</strong></span> <span class='ocrx_word' id='word_1_454' title='bbox 1634 2861 1654 2891; x_wconf 89' lang='lat' dir='ltr'><strong>i.</strong></span> <span class='ocrx_word' id='word_1_455' title='bbox 1678 2870 1707 2890; x_wconf 88' lang='lat' dir='ltr'><strong>e.</strong></span> 
     </span>
     <span class='ocr_line' id='line_1_83' title="bbox 979 2914 1707 2966; baseline -0.025 -6"><span class='ocrx_word' id='word_1_456' title='bbox 979 2929 1085 2960; x_wconf 90' lang='lat' dir='ltr'><strong>cibum</strong></span> <span class='ocrx_word' id='word_1_457' title='bbox 1101 2926 1239 2966; x_wconf 81' lang='lat' dir='ltr'><strong>capiant3</strong></span> <span class='ocrx_word' id='word_1_458' title='bbox 1255 2920 1339 2963; x_wconf 89' lang='lat' dir='ltr'><strong>quod</strong></span> <span class='ocrx_word' id='word_1_459' title='bbox 1352 2919 1447 2959; x_wconf 83' lang='lat' dir='ltr'><strong>longe</strong></span> <span class='ocrx_word' id='word_1_460' title='bbox 1461 2914 1707 2948; x_wconf 77' lang='lat' dir='ltr'><strong>sordidissimam</strong></span> 
     </span>
    </p>
   </div>
  </div>
 </body>
</html>
