<?xml version="1.0" encoding="UTF-8"?>
<!DOCTYPE html PUBLIC "-//W3C//DTD XHTML 1.0 Transitional//EN"
    "http://www.w3.org/TR/xhtml1/DTD/xhtml1-transitional.dtd">
<html xmlns="http://www.w3.org/1999/xhtml" xml:lang="en" lang="en">
 <head>
  <title>
</title>
<meta http-equiv="Content-Type" content="text/html;charset=utf-8" />
  <meta name='ocr-system' content='tesseract 3.04.00' />
  <meta name='ocr-capabilities' content='ocr_page ocr_carea ocr_par ocr_line ocrx_word'/>
</head>
<body>
  <div class='ocr_page' id='page_1' title='image "./tlucretiicarider01lucruoft_0425.png"; bbox 0 0 1894 3253; ppageno 0'>
   <div class='ocr_carea' id='block_1_1' title="bbox 550 207 1247 260">
    <p class='ocr_par' dir='ltr' id='par_1_1' title="bbox 550 207 1247 260">
     <span class='ocr_line' id='line_1_1' title="bbox 550 207 1247 260; baseline -0.006 0"><span class='ocrx_word' id='word_1_1' title='bbox 550 210 782 260; x_wconf 88' lang='lat' dir='ltr'><strong>LIBER</strong></span> <span class='ocrx_word' id='word_1_2' title='bbox 832 207 1247 259; x_wconf 87' lang='lat' dir='ltr'>SECUNDUS.</span> 
     </span>
    </p>
   </div>
   <div class='ocr_carea' id='block_1_2' title="bbox 1560 214 1651 254">
    <p class='ocr_par' dir='ltr' id='par_1_2' title="bbox 1560 214 1651 254">
     <span class='ocr_line' id='line_1_2' title="bbox 1560 214 1619 254; textangle 90"><span class='ocrx_word' id='word_1_3' title='bbox 1560 214 1619 254; x_wconf 61' lang='grc' dir='ltr'><strong>ἐς</strong></span> 
     </span>
     <span class='ocr_line' id='line_1_3' title="bbox 1624 215 1651 253; textangle 90"><span class='ocrx_word' id='word_1_4' title='bbox 1624 215 1651 253; x_wconf 67' lang='lat' dir='ltr'><strong>Cn</strong></span> 
     </span>
    </p>
   </div>
   <div class='ocr_carea' id='block_1_3' title="bbox 306 341 1282 404">
    <p class='ocr_par' dir='ltr' id='par_1_3' title="bbox 306 341 1282 404">
     <span class='ocr_line' id='line_1_4' title="bbox 306 341 1282 404; baseline -0.01 -13"><span class='ocrx_word' id='word_1_5' title='bbox 306 349 407 391; x_wconf 84' lang='lat' dir='ltr'><strong>Feta</strong></span> <span class='ocrx_word' id='word_1_6' title='bbox 425 347 534 404; x_wconf 86' lang='lat' dir='ltr'><strong>parit</strong></span> <span class='ocrx_word' id='word_1_7' title='bbox 553 345 705 387; x_wconf 86' lang='lat' dir='ltr'><strong>nitidas</strong></span> <span class='ocrx_word' id='word_1_8' title='bbox 724 344 875 401; x_wconf 84' lang='lat' dir='ltr'><strong>fruges,</strong></span> <span class='ocrx_word' id='word_1_9' title='bbox 908 342 1154 397; x_wconf 85' lang='lat' dir='ltr'><strong>arbustaque</strong></span> <span class='ocrx_word' id='word_1_10' title='bbox 1172 341 1282 390; x_wconf 86' lang='lat' dir='ltr'><strong>laeta,</strong></span> 
     </span>
    </p>
   </div>
   <div class='ocr_carea' id='block_1_4' title="bbox 192 415 1546 773">
    <p class='ocr_par' dir='ltr' id='par_1_4' title="bbox 302 415 1425 481">
     <span class='ocr_line' id='line_1_5' title="bbox 302 415 1425 481; baseline -0.011 -15"><span class='ocrx_word' id='word_1_11' title='bbox 302 424 358 466; x_wconf 91' lang='lat' dir='ltr'><strong>Et</strong></span> <span class='ocrx_word' id='word_1_12' title='bbox 377 438 507 481; x_wconf 85' lang='lat' dir='ltr'><strong>genus</strong></span> <span class='ocrx_word' id='word_1_13' title='bbox 527 422 776 470; x_wconf 90' lang='lat' dir='ltr'><strong>humanum;</strong></span> <span class='ocrx_word' id='word_1_14' title='bbox 813 418 924 474; x_wconf 89' lang='lat' dir='ltr'><strong>parit</strong></span> <span class='ocrx_word' id='word_1_15' title='bbox 943 417 1083 458; x_wconf 87' lang='lat' dir='ltr'><strong>omnia</strong></span> <span class='ocrx_word' id='word_1_16' title='bbox 1103 416 1208 457; x_wconf 84' lang='lat' dir='ltr'><strong>secla</strong></span> <span class='ocrx_word' id='word_1_17' title='bbox 1227 415 1425 464; x_wconf 79' lang='lat' dir='ltr'><strong>ferarum5</strong></span> 
     </span>
    </p>

    <p class='ocr_par' dir='ltr' id='par_1_5' title="bbox 192 491 1546 773">
     <span class='ocr_line' id='line_1_6' title="bbox 192 491 1546 553; baseline -0.011 -11"><span class='ocrx_word' id='word_1_18' title='bbox 192 504 274 541; x_wconf 89' lang='lat'><strong>995</strong></span> <span class='ocrx_word' id='word_1_19' title='bbox 307 498 465 540; x_wconf 83' lang='lat' dir='ltr'>Pabula</span> <span class='ocrx_word' id='word_1_20' title='bbox 484 511 611 553; x_wconf 91' lang='lat' dir='ltr'><strong>quom</strong></span> <span class='ocrx_word' id='word_1_21' title='bbox 630 494 803 550; x_wconf 69' lang='lat' dir='ltr'><strong>praebet,</strong></span> <span class='ocrx_word' id='word_1_22' title='bbox 835 491 982 548; x_wconf 90' lang='lat' dir='ltr'><strong>quibus</strong></span> <span class='ocrx_word' id='word_1_23' title='bbox 1003 504 1145 531; x_wconf 90' lang='lat' dir='ltr'><strong>omnes</strong></span> <span class='ocrx_word' id='word_1_24' title='bbox 1165 503 1340 544; x_wconf 88' lang='lat' dir='ltr'><strong>corpora</strong></span> <span class='ocrx_word' id='word_1_25' title='bbox 1359 495 1546 543; x_wconf 79' lang='lat' dir='ltr'><strong>pascunt,</strong></span> 
     </span>
     <span class='ocr_line' id='line_1_7' title="bbox 307 565 1425 622; baseline -0.011 -7"><span class='ocrx_word' id='word_1_26' title='bbox 307 573 364 615; x_wconf 89' lang='lat' dir='ltr'><strong>Et</strong></span> <span class='ocrx_word' id='word_1_27' title='bbox 384 572 546 614; x_wconf 90' lang='lat' dir='ltr'><strong>dulcem</strong></span> <span class='ocrx_word' id='word_1_28' title='bbox 566 570 724 611; x_wconf 88' lang='lat' dir='ltr'><strong>ducunt</strong></span> <span class='ocrx_word' id='word_1_29' title='bbox 743 568 885 617; x_wconf 86' lang='lat' dir='ltr'><strong>vitam,</strong></span> <span class='ocrx_word' id='word_1_30' title='bbox 917 565 1157 622; x_wconf 88' lang='lat' dir='ltr'><strong>prolemque</strong></span> <span class='ocrx_word' id='word_1_31' title='bbox 1176 571 1425 620; x_wconf 86' lang='lat' dir='ltr'><strong>propagant:</strong></span> 
     </span>
     <span class='ocr_line' id='line_1_8' title="bbox 307 638 1434 702; baseline -0.009 -14"><span class='ocrx_word' id='word_1_32' title='bbox 307 647 575 702; x_wconf 83' lang='lat' dir='ltr'><strong>Quapropter</strong></span> <span class='ocrx_word' id='word_1_33' title='bbox 594 644 743 686; x_wconf 89' lang='lat' dir='ltr'><strong>merito</strong></span> <span class='ocrx_word' id='word_1_34' title='bbox 763 650 999 684; x_wconf 87' lang='lat' dir='ltr'><strong>maternum</strong></span> <span class='ocrx_word' id='word_1_35' title='bbox 1019 654 1173 682; x_wconf 91' lang='lat' dir='ltr'><strong>nomen</strong></span> <span class='ocrx_word' id='word_1_36' title='bbox 1193 638 1343 694; x_wconf 83' lang='lat' dir='ltr'><strong>adepta</strong></span> <span class='ocrx_word' id='word_1_37' title='bbox 1363 646 1434 679; x_wconf 87' lang='lat' dir='ltr'><strong>est.</strong></span> 
     </span>
     <span class='ocr_line' id='line_1_9' title="bbox 307 714 1272 773; baseline -0.008 -11"><span class='ocrx_word' id='word_1_38' title='bbox 307 720 430 762; x_wconf 86' lang='lat' dir='ltr'><strong>Cedit</strong></span> <span class='ocrx_word' id='word_1_39' title='bbox 450 721 549 761; x_wconf 91' lang='lat' dir='ltr'><strong>item</strong></span> <span class='ocrx_word' id='word_1_40' title='bbox 570 726 696 769; x_wconf 90' lang='lat' dir='ltr'><strong>retro,</strong></span> <span class='ocrx_word' id='word_1_41' title='bbox 729 717 781 759; x_wconf 91' lang='lat' dir='ltr'><strong>de</strong></span> <span class='ocrx_word' id='word_1_42' title='bbox 801 716 910 759; x_wconf 71' lang='lat' dir='ltr'><strong>terra</strong></span> <span class='ocrx_word' id='word_1_43' title='bbox 932 716 1046 773; x_wconf 84' lang='lat' dir='ltr'><strong>quod</strong></span> <span class='ocrx_word' id='word_1_44' title='bbox 1064 714 1142 756; x_wconf 87' lang='lat' dir='ltr'><strong>fuit</strong></span> <span class='ocrx_word' id='word_1_45' title='bbox 1161 722 1272 764; x_wconf 87' lang='lat' dir='ltr'><strong>ante,</strong></span> 
     </span>
    </p>
   </div>
   <div class='ocr_carea' id='block_1_5' title="bbox 296 788 1404 849">
    <p class='ocr_par' dir='ltr' id='par_1_6' title="bbox 296 788 1404 849">
     <span class='ocr_line' id='line_1_10' title="bbox 296 788 1404 849; baseline -0.009 -12"><span class='ocrx_word' id='word_1_46' title='bbox 296 794 349 837; x_wconf 92' lang='lat' dir='ltr'><strong>In</strong></span> <span class='ocrx_word' id='word_1_47' title='bbox 369 802 517 845; x_wconf 89' lang='lat' dir='ltr'><strong>terras;</strong></span> <span class='ocrx_word' id='word_1_48' title='bbox 550 801 607 844; x_wconf 89' lang='lat' dir='ltr'><strong>et,</strong></span> <span class='ocrx_word' id='word_1_49' title='bbox 638 792 752 849; x_wconf 89' lang='lat' dir='ltr'><strong>quod</strong></span> <span class='ocrx_word' id='word_1_50' title='bbox 772 792 943 834; x_wconf 86' lang='lat' dir='ltr'><strong>missum</strong></span> <span class='ocrx_word' id='word_1_51' title='bbox 964 798 1024 832; x_wconf 89' lang='lat' dir='ltr'><strong>est</strong></span> <span class='ocrx_word' id='word_1_52' title='bbox 1045 805 1097 831; x_wconf 86' lang='lat' dir='ltr'><strong>ex</strong></span> <span class='ocrx_word' id='word_1_53' title='bbox 1118 788 1284 831; x_wconf 82' lang='lat' dir='ltr'><strong>aetheris</strong></span> <span class='ocrx_word' id='word_1_54' title='bbox 1306 788 1404 837; x_wconf 87' lang='lat' dir='ltr'><strong>oris,</strong></span> 
     </span>
    </p>
   </div>
   <div class='ocr_carea' id='block_1_6' title="bbox 156 950 893 1405">
    <p class='ocr_par' dir='ltr' id='par_1_7' title="bbox 156 950 893 1405">
     <span class='ocr_line' id='line_1_11' title="bbox 157 950 890 992; baseline -0.007 -6"><span class='ocrx_word' id='word_1_55' title='bbox 157 957 314 992; x_wconf 87' lang='lat' dir='ltr'><strong>corruptae</strong></span> <span class='ocrx_word' id='word_1_56' title='bbox 329 950 510 983; x_wconf 82' lang='lat' dir='ltr'>Latinitatis</span> <span class='ocrx_word' id='word_1_57' title='bbox 524 951 682 982; x_wconf 83' lang='lat' dir='ltr'><strong>maculam</strong></span> <span class='ocrx_word' id='word_1_58' title='bbox 697 951 797 991; x_wconf 86' lang='lat' dir='ltr'><strong>po&#39;e&#39;tae</strong></span> <span class='ocrx_word' id='word_1_59' title='bbox 817 950 890 981; x_wconf 88' lang='lat' dir='ltr'><strong>niti-</strong></span> 
     </span>
     <span class='ocr_line' id='line_1_12' title="bbox 156 1006 892 1047; baseline -0.005 -8"><span class='ocrx_word' id='word_1_60' title='bbox 156 1008 286 1039; x_wconf 85' lang='lat' dir='ltr'><strong>dissimo</strong></span> <span class='ocrx_word' id='word_1_61' title='bbox 316 1007 530 1047; x_wconf 80' lang='lat' dir='ltr'><strong>adspergeret;</strong></span> <span class='ocrx_word' id='word_1_62' title='bbox 564 1006 619 1036; x_wconf 82' lang='lat' dir='ltr'><strong>sed</strong></span> <span class='ocrx_word' id='word_1_63' title='bbox 647 1007 792 1046; x_wconf 81' lang='lat' dir='ltr'><strong>agricolae</strong></span> <span class='ocrx_word' id='word_1_64' title='bbox 821 1015 892 1044; x_wconf 86' lang='lat' dir='ltr'><strong>pas-</strong></span> 
     </span>
     <span class='ocr_line' id='line_1_13' title="bbox 156 1057 892 1098; baseline -0.005 -8"><span class='ocrx_word' id='word_1_65' title='bbox 156 1065 240 1098; x_wconf 82' lang='lat' dir='ltr'><strong>cant,</strong></span> <span class='ocrx_word' id='word_1_66' title='bbox 263 1058 313 1089; x_wconf 87' lang='lat' dir='ltr'><strong>vel</strong></span> <span class='ocrx_word' id='word_1_67' title='bbox 346 1057 542 1095; x_wconf 89' lang='lat' dir='ltr'><strong>armentarii;</strong></span> <span class='ocrx_word' id='word_1_68' title='bbox 573 1067 651 1098; x_wconf 92' lang='lat' dir='ltr'><strong>quos</strong></span> <span class='ocrx_word' id='word_1_69' title='bbox 681 1057 776 1087; x_wconf 87' lang='lat' dir='ltr'><strong>dictio</strong></span> <span class='ocrx_word' id='word_1_70' title='bbox 808 1058 892 1097; x_wconf 81' lang='lat' dir='ltr'><strong>quis-</strong></span> 
     </span>
     <span class='ocr_line' id='line_1_14' title="bbox 161 1107 893 1151; baseline -0.005 -10"><span class='ocrx_word' id='word_1_71' title='bbox 161 1122 267 1151; x_wconf 83' lang='lat' dir='ltr'><strong>quam,</strong></span> <span class='ocrx_word' id='word_1_72' title='bbox 291 1111 325 1140; x_wconf 89' lang='lat' dir='ltr'><strong>in</strong></span> <span class='ocrx_word' id='word_1_73' title='bbox 349 1120 409 1140; x_wconf 87' lang='lat' dir='ltr'><strong>ver.</strong></span> <span class='ocrx_word' id='word_1_74' title='bbox 437 1113 506 1140; x_wconf 85' lang='lat'><strong>140.</strong></span> <span class='ocrx_word' id='word_1_75' title='bbox 526 1107 771 1148; x_wconf 86' lang='lat' dir='ltr'><strong>comprehendit.</strong></span> <span class='ocrx_word' id='word_1_76' title='bbox 819 1108 893 1147; x_wconf 85' lang='lat' dir='ltr'><strong>Scy·</strong></span> 
     </span>
     <span class='ocr_line' id='line_1_15' title="bbox 156 1160 892 1193; baseline -0.005 0"><span class='ocrx_word' id='word_1_77' title='bbox 156 1164 211 1193; x_wconf 84' lang='lat' dir='ltr'><strong>tha</strong></span> <span class='ocrx_word' id='word_1_78' title='bbox 226 1173 331 1193; x_wconf 87' lang='lat' dir='ltr'><strong>merus</strong></span> <span class='ocrx_word' id='word_1_79' title='bbox 355 1173 375 1191; x_wconf 89' lang='lat' dir='ltr'><strong>a</strong></span> <span class='ocrx_word' id='word_1_80' title='bbox 399 1161 536 1192; x_wconf 85' lang='lat' dir='ltr'><strong>venustis</strong></span> <span class='ocrx_word' id='word_1_81' title='bbox 560 1160 743 1191; x_wconf 85' lang='lat' dir='ltr'><strong>hominibus</strong></span> <span class='ocrx_word' id='word_1_82' title='bbox 765 1160 892 1190; x_wconf 89' lang='lat' dir='ltr'><strong>habebi-</strong></span> 
     </span>
     <span class='ocr_line' id='line_1_16' title="bbox 158 1212 891 1254; baseline -0.004 -10"><span class='ocrx_word' id='word_1_83' title='bbox 158 1219 224 1252; x_wconf 82' lang='lat' dir='ltr'><strong>tur,</strong></span> <span class='ocrx_word' id='word_1_84' title='bbox 248 1214 314 1254; x_wconf 86' lang='lat' dir='ltr'><strong>qui,</strong></span> <span class='ocrx_word' id='word_1_85' title='bbox 338 1213 434 1244; x_wconf 89' lang='lat' dir='ltr'><strong>semel</strong></span> <span class='ocrx_word' id='word_1_86' title='bbox 450 1213 602 1250; x_wconf 89' lang='lat' dir='ltr'><strong>monitus,</strong></span> <span class='ocrx_word' id='word_1_87' title='bbox 617 1212 691 1242; x_wconf 86' lang='lat' dir='ltr'><strong>huic</strong></span> <span class='ocrx_word' id='word_1_88' title='bbox 707 1212 891 1250; x_wconf 87' lang='lat' dir='ltr'><strong>interpreta-</strong></span> 
     </span>
     <span class='ocr_line' id='line_1_17' title="bbox 156 1263 891 1306; baseline -0.007 -10"><span class='ocrx_word' id='word_1_89' title='bbox 156 1266 236 1297; x_wconf 84' lang='lat' dir='ltr'><strong>tioni</strong></span> <span class='ocrx_word' id='word_1_90' title='bbox 261 1266 435 1306; x_wconf 84' lang='lat' dir='ltr'><strong>obgannire</strong></span> <span class='ocrx_word' id='word_1_91' title='bbox 459 1265 580 1304; x_wconf 82' lang='lat' dir='ltr'><strong>poterit.</strong></span> <span class='ocrx_word' id='word_1_92' title='bbox 626 1264 716 1294; x_wconf 88' lang='lat' dir='ltr'><strong>Hinc</strong></span> <span class='ocrx_word' id='word_1_93' title='bbox 738 1263 836 1293; x_wconf 91' lang='lat' dir='ltr'><strong>cuivis</strong></span> <span class='ocrx_word' id='word_1_94' title='bbox 857 1263 891 1292; x_wconf 90' lang='lat' dir='ltr'><strong>in</strong></span> 
     </span>
     <span class='ocr_line' id='line_1_18' title="bbox 158 1314 891 1357; baseline -0.005 -9"><span class='ocrx_word' id='word_1_95' title='bbox 158 1323 307 1357; x_wconf 88' lang='lat' dir='ltr'><strong>promptu</strong></span> <span class='ocrx_word' id='word_1_96' title='bbox 323 1322 369 1347; x_wconf 90' lang='lat' dir='ltr'><strong>est</strong></span> <span class='ocrx_word' id='word_1_97' title='bbox 384 1315 550 1346; x_wconf 87' lang='lat' dir='ltr'><strong>Tibullum</strong></span> <span class='ocrx_word' id='word_1_98' title='bbox 567 1315 685 1345; x_wconf 91' lang='lat' dir='ltr'><strong>donare</strong></span> <span class='ocrx_word' id='word_1_99' title='bbox 695 1314 834 1344; x_wconf 80' lang='lat' dir='ltr'><strong>maxime</strong></span> <span class='ocrx_word' id='word_1_100' title='bbox 842 1314 891 1344; x_wconf 88' lang='lat' dir='ltr'><strong>in-</strong></span> 
     </span>
     <span class='ocr_line' id='line_1_19' title="bbox 158 1365 771 1405; baseline -0.005 -6"><span class='ocrx_word' id='word_1_101' title='bbox 158 1368 303 1399; x_wconf 71' lang='lat' dir='ltr'><strong>dubitata</strong></span> <span class='ocrx_word' id='word_1_102' title='bbox 317 1366 548 1405; x_wconf 77' lang='lat' dir='ltr'><strong>emendatione,</strong></span> <span class='ocrx_word' id='word_1_103' title='bbox 571 1365 612 1396; x_wconf 92' lang='lat' dir='ltr'><strong>ad</strong></span> <span class='ocrx_word' id='word_1_104' title='bbox 625 1365 658 1396; x_wconf 87' lang='lat' dir='ltr'><strong>ii.</strong></span> <span class='ocrx_word' id='word_1_105' title='bbox 674 1368 703 1397; x_wconf 88' lang='lat'><strong>5.</strong></span> <span class='ocrx_word' id='word_1_106' title='bbox 721 1367 771 1397; x_wconf 82' lang='lat'><strong>25.</strong></span> 
     </span>
    </p>
   </div>
   <div class='ocr_carea' id='block_1_7' title="bbox 189 1473 817 1547">
    <p class='ocr_par' dir='ltr' id='par_1_8' title="bbox 189 1473 817 1547">
     <span class='ocr_line' id='line_1_20' title="bbox 189 1473 817 1508; baseline -0.006 -6"><span class='ocrx_word' id='word_1_107' title='bbox 189 1477 240 1503; x_wconf 87' lang='lat' dir='ltr'><strong>sed</strong></span> <span class='ocrx_word' id='word_1_108' title='bbox 253 1481 320 1502; x_wconf 88' lang='lat' dir='ltr'><strong>tunc</strong></span> <span class='ocrx_word' id='word_1_109' title='bbox 329 1476 463 1508; x_wconf 79' lang='lat' dir='ltr'><strong>pascebant</strong></span> <span class='ocrx_word' id='word_1_110' title='bbox 474 1476 588 1500; x_wconf 80' lang='lat' dir='ltr'><strong>herbosa</strong></span> <span class='ocrx_word' id='word_1_111' title='bbox 599 1473 697 1499; x_wconf 83' lang='lat' dir='ltr'><strong>Palatia</strong></span> <span class='ocrx_word' id='word_1_112' title='bbox 708 1481 817 1504; x_wconf 83' lang='lat' dir='ltr'><strong>vaccas,</strong></span> 
     </span>
     <span class='ocr_line' id='line_1_21' title="bbox 221 1514 789 1547; baseline -0.004 -6"><span class='ocrx_word' id='word_1_113' title='bbox 221 1518 255 1541; x_wconf 83' lang='lat' dir='ltr'><strong>Et</strong></span> <span class='ocrx_word' id='word_1_114' title='bbox 267 1517 376 1542; x_wconf 83' lang='lat' dir='ltr'><strong>stabant</strong></span> <span class='ocrx_word' id='word_1_115' title='bbox 387 1515 502 1541; x_wconf 87' lang='lat' dir='ltr'><strong>humiles</strong></span> <span class='ocrx_word' id='word_1_116' title='bbox 514 1515 541 1540; x_wconf 88' lang='lat' dir='ltr'><strong>in</strong></span> <span class='ocrx_word' id='word_1_117' title='bbox 552 1514 625 1547; x_wconf 85' lang='lat' dir='ltr'><strong>Jovis</strong></span> <span class='ocrx_word' id='word_1_118' title='bbox 636 1521 698 1540; x_wconf 83' lang='lat' dir='ltr'><strong>arce</strong></span> <span class='ocrx_word' id='word_1_119' title='bbox 709 1521 789 1540; x_wconf 86' lang='lat' dir='ltr'><strong>casae:</strong></span> 
     </span>
    </p>
   </div>
   <div class='ocr_carea' id='block_1_8' title="bbox 158 1615 897 2020">
    <p class='ocr_par' dir='ltr' id='par_1_9' title="bbox 158 1615 897 2020">
     <span class='ocr_line' id='line_1_22' title="bbox 160 1615 893 1654; baseline -0.003 -6"><span class='ocrx_word' id='word_1_120' title='bbox 160 1627 235 1648; x_wconf 88' lang='lat' dir='ltr'><strong>nam</strong></span> <span class='ocrx_word' id='word_1_121' title='bbox 249 1616 405 1648; x_wconf 89' lang='lat' dir='ltr'><strong>librorum</strong></span> <span class='ocrx_word' id='word_1_122' title='bbox 426 1616 604 1652; x_wconf 86' lang='lat' dir='ltr'><strong>lectionem,</strong></span> <span class='ocrx_word' id='word_1_123' title='bbox 627 1627 739 1653; x_wconf 67' lang='lat' dir='ltr'><strong>vac-cce,</strong></span> <span class='ocrx_word' id='word_1_124' title='bbox 762 1626 821 1646; x_wconf 88' lang='lat' dir='ltr'><strong>nec</strong></span> <span class='ocrx_word' id='word_1_125' title='bbox 836 1615 893 1654; x_wconf 90' lang='lat' dir='ltr'><strong>dii,</strong></span> 
     </span>
     <span class='ocr_line' id='line_1_23' title="bbox 159 1668 891 1706; baseline -0.003 -6"><span class='ocrx_word' id='word_1_126' title='bbox 159 1680 217 1700; x_wconf 88' lang='lat' dir='ltr'><strong>nec</strong></span> <span class='ocrx_word' id='word_1_127' title='bbox 232 1669 386 1704; x_wconf 85' lang='lat' dir='ltr'><strong>homines,</strong></span> <span class='ocrx_word' id='word_1_128' title='bbox 403 1668 483 1699; x_wconf 83' lang='lat' dir='ltr'><strong>mihi</strong></span> <span class='ocrx_word' id='word_1_129' title='bbox 499 1668 601 1706; x_wconf 85' lang='lat' dir='ltr'><strong>crede,</strong></span> <span class='ocrx_word' id='word_1_130' title='bbox 617 1668 803 1698; x_wconf 83' lang='lat' dir='ltr'><strong>tolerabunt.</strong></span> <span class='ocrx_word' id='word_1_131' title='bbox 827 1668 891 1698; x_wconf 90' lang='lat' dir='ltr'><strong>Eo-</strong></span> 
     </span>
     <span class='ocr_line' id='line_1_24' title="bbox 158 1719 895 1760; baseline -0.001 -9"><span class='ocrx_word' id='word_1_132' title='bbox 158 1720 233 1751; x_wconf 89' lang='lat' dir='ltr'><strong>dem</strong></span> <span class='ocrx_word' id='word_1_133' title='bbox 249 1720 357 1758; x_wconf 91' lang='lat' dir='ltr'><strong>modo,</strong></span> <span class='ocrx_word' id='word_1_134' title='bbox 380 1720 429 1750; x_wconf 89' lang='lat' dir='ltr'><strong>uti</strong></span> <span class='ocrx_word' id='word_1_135' title='bbox 444 1730 529 1750; x_wconf 92' lang='lat' dir='ltr'><strong>nunc</strong></span> <span class='ocrx_word' id='word_1_136' title='bbox 552 1719 677 1760; x_wconf 84' lang='lat' dir='ltr'><strong>legitur,</strong></span> <span class='ocrx_word' id='word_1_137' title='bbox 701 1729 825 1750; x_wconf 88' lang='lat' dir='ltr'><strong>necesse</strong></span> <span class='ocrx_word' id='word_1_138' title='bbox 848 1724 895 1750; x_wconf 88' lang='lat' dir='ltr'><strong>est</strong></span> 
     </span>
     <span class='ocr_line' id='line_1_25' title="bbox 160 1771 893 1812; baseline -0.001 -9"><span class='ocrx_word' id='word_1_139' title='bbox 160 1771 339 1803; x_wconf 86' lang='lat' dir='ltr'><strong>Columella</strong></span> <span class='ocrx_word' id='word_1_140' title='bbox 350 1771 556 1812; x_wconf 87' lang='lat' dir='ltr'><strong>intelligatur,</strong></span> <span class='ocrx_word' id='word_1_141' title='bbox 570 1771 610 1801; x_wconf 90' lang='lat' dir='ltr'><strong>ad</strong></span> <span class='ocrx_word' id='word_1_142' title='bbox 622 1771 672 1802; x_wconf 86' lang='lat' dir='ltr'><strong>vii.</strong></span> <span class='ocrx_word' id='word_1_143' title='bbox 683 1776 712 1802; x_wconf 89' lang='lat'><strong>6.</strong></span> <span class='ocrx_word' id='word_1_144' title='bbox 727 1771 780 1802; x_wconf 83' lang='lat' dir='ltr'><strong>fin.</strong></span> <span class='ocrx_word' id='word_1_145' title='bbox 798 1777 818 1790; x_wconf 94' lang='lat'><strong>“</strong></span> <span class='ocrx_word' id='word_1_146' title='bbox 833 1772 893 1802; x_wconf 86' lang='lat' dir='ltr'><strong>Ca-</strong></span> 
     </span>
     <span class='ocr_line' id='line_1_26' title="bbox 160 1824 895 1865; baseline 0.001 -11"><span class='ocrx_word' id='word_1_147' title='bbox 160 1828 184 1843; x_wconf 90' lang='lat'><strong>“</strong></span> <span class='ocrx_word' id='word_1_148' title='bbox 200 1824 304 1865; x_wconf 89' lang='lat' dir='ltr'><strong>pellae,</strong></span> <span class='ocrx_word' id='word_1_149' title='bbox 327 1824 406 1855; x_wconf 90' lang='lat' dir='ltr'><strong>dum</strong></span> <span class='ocrx_word' id='word_1_150' title='bbox 428 1827 549 1855; x_wconf 80' lang='lat' dir='ltr'><strong>dumeta</strong></span> <span class='ocrx_word' id='word_1_151' title='bbox 561 1831 706 1865; x_wconf 80' lang='lat' dir='ltr'><strong>pascunt,</strong></span> <span class='ocrx_word' id='word_1_152' title='bbox 730 1825 830 1865; x_wconf 87' lang='lat' dir='ltr'><strong>capris</strong></span> <span class='ocrx_word' id='word_1_153' title='bbox 845 1835 895 1855; x_wconf 89' lang='lat' dir='ltr'><strong>ce-</strong></span> 
     </span>
     <span class='ocr_line' id='line_1_27' title="bbox 159 1875 897 1916; baseline 0.003 -11"><span class='ocrx_word' id='word_1_154' title='bbox 159 1879 182 1895; x_wconf 87' lang='lat'><strong>“</strong></span> <span class='ocrx_word' id='word_1_155' title='bbox 199 1875 318 1906; x_wconf 88' lang='lat' dir='ltr'><strong>dunt:’‘</strong></span> <span class='ocrx_word' id='word_1_156' title='bbox 342 1875 362 1905; x_wconf 90' lang='lat' dir='ltr'><strong>i.</strong></span> <span class='ocrx_word' id='word_1_157' title='bbox 382 1885 409 1906; x_wconf 89' lang='lat' dir='ltr'><strong>e.</strong></span> <span class='ocrx_word' id='word_1_158' title='bbox 437 1879 461 1894; x_wconf 91' lang='lat'><strong>“</strong></span> <span class='ocrx_word' id='word_1_159' title='bbox 476 1875 556 1906; x_wconf 91' lang='lat' dir='ltr'><strong>dum</strong></span> <span class='ocrx_word' id='word_1_160' title='bbox 573 1876 702 1906; x_wconf 84' lang='lat' dir='ltr'><strong>dumeta</strong></span> <span class='ocrx_word' id='word_1_161' title='bbox 716 1877 760 1907; x_wconf 89' lang='lat' dir='ltr'><strong>eis</strong></span> <span class='ocrx_word' id='word_1_162' title='bbox 771 1882 897 1916; x_wconf 87' lang='lat' dir='ltr'><strong>pastum</strong></span> 
     </span>
     <span class='ocr_line' id='line_1_28' title="bbox 161 1927 896 1967; baseline 0.004 -10"><span class='ocrx_word' id='word_1_163' title='bbox 161 1931 184 1946; x_wconf 92' lang='lat'><strong>“</strong></span> <span class='ocrx_word' id='word_1_164' title='bbox 201 1929 339 1967; x_wconf 83' lang='lat' dir='ltr'><strong>praebent</strong></span> <span class='ocrx_word' id='word_1_165' title='bbox 348 1927 379 1958; x_wconf 79' lang='lat'><strong>:⁵¹</strong></span> <span class='ocrx_word' id='word_1_166' title='bbox 393 1927 484 1957; x_wconf 87' lang='lat' dir='ltr'><strong>aliter</strong></span> <span class='ocrx_word' id='word_1_167' title='bbox 492 1928 662 1959; x_wconf 91' lang='lat' dir='ltr'><strong>mendosus</strong></span> <span class='ocrx_word' id='word_1_168' title='bbox 674 1934 733 1965; x_wconf 86' lang='lat' dir='ltr'><strong>est,</strong></span> <span class='ocrx_word' id='word_1_169' title='bbox 744 1935 774 1958; x_wconf 89' lang='lat' dir='ltr'><strong>et</strong></span> <span class='ocrx_word' id='word_1_170' title='bbox 788 1939 896 1960; x_wconf 89' lang='lat' dir='ltr'><strong>emen-</strong></span> 
     </span>
     <span class='ocr_line' id='line_1_29' title="bbox 163 1979 671 2020; baseline 0 -9"><span class='ocrx_word' id='word_1_171' title='bbox 163 1980 301 2011; x_wconf 83' lang='lat' dir='ltr'><strong>dationis</strong></span> <span class='ocrx_word' id='word_1_172' title='bbox 315 1979 449 2020; x_wconf 88' lang='lat' dir='ltr'><strong>indiget,</strong></span> <span class='ocrx_word' id='word_1_173' title='bbox 467 1980 520 2010; x_wconf 85' lang='lat' dir='ltr'><strong>ille</strong></span> <span class='ocrx_word' id='word_1_174' title='bbox 536 1980 671 2019; x_wconf 82' lang='lat' dir='ltr'><strong>scriptor.</strong></span> 
     </span>
    </p>
   </div>
   <div class='ocr_carea' id='block_1_9' title="bbox 161 2041 901 2544">
    <p class='ocr_par' dir='ltr' id='par_1_10' title="bbox 161 2041 898 2276">
     <span class='ocr_line' id='line_1_30' title="bbox 205 2041 894 2081; baseline 0.004 -11"><span class='ocrx_word' id='word_1_175' title='bbox 205 2041 280 2071; x_wconf 89' lang='lat' dir='ltr'><strong>Ver.</strong></span> <span class='ocrx_word' id='word_1_176' title='bbox 297 2044 372 2072; x_wconf 87' lang='lat'><strong>996.</strong></span> <span class='ocrx_word' id='word_1_177' title='bbox 396 2042 514 2071; x_wconf 81' lang='lat' dir='ltr'><strong>dulcem</strong></span> <span class='ocrx_word' id='word_1_178' title='bbox 538 2043 652 2072; x_wconf 83' lang='lat' dir='ltr'><strong>vitam:</strong></span> <span class='ocrx_word' id='word_1_179' title='bbox 678 2041 817 2081; x_wconf 72' lang='grc' dir='ltr'><strong>μελιηδεα</strong></span> <span class='ocrx_word' id='word_1_180' title='bbox 840 2044 894 2073; x_wconf 76' lang='lat' dir='ltr'><strong>Sv-</strong></span> 
     </span>
     <span class='ocr_line' id='line_1_31' title="bbox 161 2091 896 2135; baseline 0.005 -14"><span class='ocrx_word' id='word_1_181' title='bbox 161 2105 224 2131; x_wconf 82' lang='grc' dir='ltr'><em>μον,</em></span> <span class='ocrx_word' id='word_1_182' title='bbox 250 2091 424 2129; x_wconf 85' lang='lat' dir='ltr'><strong>Homerus,</strong></span> <span class='ocrx_word' id='word_1_183' title='bbox 450 2091 489 2122; x_wconf 84' lang='lat' dir='ltr'><strong>Il.</strong></span> <span class='ocrx_word' id='word_1_184' title='bbox 522 2098 554 2122; x_wconf 90' lang='lat' dir='ltr'><strong>K.</strong></span> <span class='ocrx_word' id='word_1_185' title='bbox 578 2094 650 2124; x_wconf 83' lang='lat'><strong>495.</strong></span> <span class='ocrx_word' id='word_1_186' title='bbox 673 2100 826 2135; x_wconf 68' lang='grc' dir='ltr'><strong><em>μελιφρονα</em></strong></span> <span class='ocrx_word' id='word_1_187' title='bbox 841 2095 896 2125; x_wconf 68' lang='grc' dir='ltr'><strong>9ο-</strong></span> 
     </span>
     <span class='ocr_line' id='line_1_32' title="bbox 163 2142 897 2182; baseline 0.003 -9"><span class='ocrx_word' id='word_1_188' title='bbox 163 2156 227 2182; x_wconf 73' lang='grc' dir='ltr'><strong>μον,</strong></span> <span class='ocrx_word' id='word_1_189' title='bbox 244 2142 418 2180; x_wconf 59' lang='lat' dir='ltr'><strong>Hesiodus,</strong></span> <span class='ocrx_word' id='word_1_190' title='bbox 434 2149 510 2173; x_wconf 90' lang='lat' dir='ltr'><strong>scut.</strong></span> <span class='ocrx_word' id='word_1_191' title='bbox 523 2143 619 2173; x_wconf 88' lang='lat' dir='ltr'><strong>Herc.</strong></span> <span class='ocrx_word' id='word_1_192' title='bbox 632 2148 706 2174; x_wconf 77' lang='lat'><strong>428.</strong></span> <span class='ocrx_word' id='word_1_193' title='bbox 723 2145 812 2175; x_wconf 91' lang='lat' dir='ltr'><strong>Hinc</strong></span> <span class='ocrx_word' id='word_1_194' title='bbox 825 2145 897 2175; x_wconf 88' lang='lat' dir='ltr'><strong>Vir-</strong></span> 
     </span>
     <span class='ocr_line' id='line_1_33' title="bbox 164 2193 898 2237; baseline 0.008 -15"><span class='ocrx_word' id='word_1_195' title='bbox 164 2193 270 2233; x_wconf 86' lang='lat' dir='ltr'><strong>gilius,</strong></span> <span class='ocrx_word' id='word_1_196' title='bbox 293 2194 368 2224; x_wconf 88' lang='lat' dir='ltr'><strong>AEn.</strong></span> <span class='ocrx_word' id='word_1_197' title='bbox 392 2194 431 2224; x_wconf 90' lang='lat' dir='ltr'><strong>vi.</strong></span> <span class='ocrx_word' id='word_1_198' title='bbox 457 2198 529 2226; x_wconf 78' lang='lat'><strong>428.</strong></span> <span class='ocrx_word' id='word_1_199' title='bbox 554 2197 653 2226; x_wconf 78' lang='lat' dir='ltr'><strong>dulcis</strong></span> <span class='ocrx_word' id='word_1_200' title='bbox 678 2198 760 2235; x_wconf 70' lang='lat' dir='ltr'><strong>vim,</strong></span> <span class='ocrx_word' id='word_1_201' title='bbox 784 2202 815 2227; x_wconf 86' lang='lat' dir='ltr'><strong>et</strong></span> <span class='ocrx_word' id='word_1_202' title='bbox 830 2207 898 2237; x_wconf 89' lang='lat' dir='ltr'><strong>geo.</strong></span> 
     </span>
     <span class='ocr_line' id='line_1_34' title="bbox 165 2242 568 2276; baseline 0.007 -4"><span class='ocrx_word' id='word_1_203' title='bbox 165 2242 208 2272; x_wconf 85' lang='lat' dir='ltr'><strong>iii.</strong></span> <span class='ocrx_word' id='word_1_204' title='bbox 225 2245 300 2274; x_wconf 86' lang='lat'><strong>495.</strong></span> <span class='ocrx_word' id='word_1_205' title='bbox 317 2245 420 2275; x_wconf 82' lang='lat' dir='ltr'><strong>dulces</strong></span> <span class='ocrx_word' id='word_1_206' title='bbox 437 2247 568 2276; x_wconf 78' lang='lat' dir='ltr'><strong>animas.</strong></span> 
     </span>
    </p>

    <p class='ocr_par' dir='ltr' id='par_1_11' title="bbox 167 2301 901 2544">
     <span class='ocr_line' id='line_1_35' title="bbox 211 2301 899 2348; baseline 0.012 -18"><span class='ocrx_word' id='word_1_207' title='bbox 211 2301 294 2331; x_wconf 87' lang='lat' dir='ltr'><strong>Ibid.</strong></span> <span class='ocrx_word' id='word_1_208' title='bbox 319 2304 435 2334; x_wconf 75' lang='lat' dir='ltr'><strong>ducunt</strong></span> <span class='ocrx_word' id='word_1_209' title='bbox 449 2306 562 2341; x_wconf 75' lang='lat' dir='ltr'><strong>vitam5</strong></span> <span class='ocrx_word' id='word_1_210' title='bbox 584 2306 605 2336; x_wconf 88' lang='lat' dir='ltr'><strong>i.</strong></span> <span class='ocrx_word' id='word_1_211' title='bbox 631 2316 656 2336; x_wconf 89' lang='lat' dir='ltr'><strong>e.</strong></span> <span class='ocrx_word' id='word_1_212' title='bbox 681 2307 770 2348; x_wconf 86' lang='lat' dir='ltr'><strong>quasi</strong></span> <span class='ocrx_word' id='word_1_213' title='bbox 791 2309 899 2338; x_wconf 72' lang='lat' dir='ltr'><strong>hauri-</strong></span> 
     </span>
     <span class='ocr_line' id='line_1_36' title="bbox 169 2353 898 2397; baseline 0.008 -14"><span class='ocrx_word' id='word_1_214' title='bbox 169 2357 226 2383; x_wconf 80' lang='lat' dir='ltr'><strong>unt</strong></span> <span class='ocrx_word' id='word_1_215' title='bbox 241 2362 279 2382; x_wconf 83' lang='lat' dir='ltr'><strong>ex</strong></span> <span class='ocrx_word' id='word_1_216' title='bbox 284 2354 401 2394; x_wconf 83' lang='lat' dir='ltr'><strong>fluidis</strong></span> <span class='ocrx_word' id='word_1_217' title='bbox 419 2353 503 2394; x_wconf 87' lang='lat' dir='ltr'><strong>(vide</strong></span> <span class='ocrx_word' id='word_1_218' title='bbox 517 2365 578 2385; x_wconf 91' lang='lat' dir='ltr'><strong>ver.</strong></span> <span class='ocrx_word' id='word_1_219' title='bbox 594 2357 682 2397; x_wconf 85' lang='lat'><strong>596.)</strong></span> <span class='ocrx_word' id='word_1_220' title='bbox 698 2363 787 2387; x_wconf 74' lang='lat' dir='ltr'><strong>terrae</strong></span> <span class='ocrx_word' id='word_1_221' title='bbox 802 2360 898 2397; x_wconf 91' lang='lat' dir='ltr'><strong>pabu-</strong></span> 
     </span>
     <span class='ocr_line' id='line_1_37' title="bbox 168 2403 901 2451; baseline 0.012 -18"><span class='ocrx_word' id='word_1_222' title='bbox 168 2403 218 2442; x_wconf 87' lang='lat' dir='ltr'><strong>lis,</strong></span> <span class='ocrx_word' id='word_1_223' title='bbox 241 2403 289 2434; x_wconf 83' lang='lat' dir='ltr'><strong>vel</strong></span> <span class='ocrx_word' id='word_1_224' title='bbox 314 2407 453 2436; x_wconf 84' lang='lat' dir='ltr'><strong>animam</strong></span> <span class='ocrx_word' id='word_1_225' title='bbox 478 2409 647 2438; x_wconf 76' lang='lat' dir='ltr'><strong>hauriunt:</strong></span> <span class='ocrx_word' id='word_1_226' title='bbox 674 2409 696 2439; x_wconf 87' lang='lat' dir='ltr'><strong>i.</strong></span> <span class='ocrx_word' id='word_1_227' title='bbox 714 2419 739 2440; x_wconf 83' lang='lat' dir='ltr'><strong>e.</strong></span> <span class='ocrx_word' id='word_1_228' title='bbox 764 2417 901 2451; x_wconf 88' lang='lat' dir='ltr'><strong>pergunt</strong></span> 
     </span>
     <span class='ocr_line' id='line_1_38' title="bbox 167 2455 899 2502; baseline 0.012 -17"><span class='ocrx_word' id='word_1_229' title='bbox 167 2455 283 2486; x_wconf 88' lang='lat' dir='ltr'><strong>vivere:</strong></span> <span class='ocrx_word' id='word_1_230' title='bbox 314 2455 400 2487; x_wconf 90' lang='lat' dir='ltr'><strong>unde</strong></span> <span class='ocrx_word' id='word_1_231' title='bbox 414 2456 517 2497; x_wconf 87' lang='lat' dir='ltr'><strong>capias</strong></span> <span class='ocrx_word' id='word_1_232' title='bbox 531 2458 791 2497; x_wconf 86' lang='lat' dir='ltr'><strong>speciosissimam</strong></span> <span class='ocrx_word' id='word_1_233' title='bbox 806 2461 899 2502; x_wconf 86' lang='lat' dir='ltr'><strong>Papi.</strong></span> 
     </span>
     <span class='ocr_line' id='line_1_39' title="bbox 170 2505 667 2544; baseline 0.01 -9"><span class='ocrx_word' id='word_1_234' title='bbox 170 2505 216 2536; x_wconf 87' lang='lat' dir='ltr'><strong>nii</strong></span> <span class='ocrx_word' id='word_1_235' title='bbox 230 2506 435 2544; x_wconf 89' lang='lat' dir='ltr'><strong>locutionem,</strong></span> <span class='ocrx_word' id='word_1_236' title='bbox 459 2508 558 2539; x_wconf 86' lang='lat' dir='ltr'><strong>Theb.</strong></span> <span class='ocrx_word' id='word_1_237' title='bbox 574 2520 601 2540; x_wconf 91' lang='lat' dir='ltr'><strong>v.</strong></span> <span class='ocrx_word' id='word_1_238' title='bbox 617 2514 667 2541; x_wconf 84' lang='grc'><strong>48.</strong></span> 
     </span>
    </p>
   </div>
   <div class='ocr_carea' id='block_1_10' title="bbox 170 2599 899 2639">
    <p class='ocr_par' dir='ltr' id='par_1_12' title="bbox 170 2599 899 2639">
     <span class='ocr_line' id='line_1_40' title="bbox 170 2599 899 2639; baseline 0.012 -15"><span class='ocrx_word' id='word_1_239' title='bbox 170 2599 256 2625; x_wconf 87' lang='lat' dir='ltr'><strong>Dulce</strong></span> <span class='ocrx_word' id='word_1_240' title='bbox 266 2601 340 2632; x_wconf 89' lang='lat' dir='ltr'><strong>loqui</strong></span> <span class='ocrx_word' id='word_1_241' title='bbox 351 2600 462 2632; x_wconf 85' lang='lat' dir='ltr'><strong>miseris,</strong></span> <span class='ocrx_word' id='word_1_242' title='bbox 481 2605 639 2635; x_wconf 69' lang='lat' dir='ltr'><strong>veteresque</strong></span> <span class='ocrx_word' id='word_1_243' title='bbox 650 2605 767 2631; x_wconf 81' lang='lat' dir='ltr'><strong>reducere</strong></span> <span class='ocrx_word' id='word_1_244' title='bbox 780 2610 880 2639; x_wconf 72' lang='lat' dir='ltr'><strong>questus</strong></span> <span class='ocrx_word' id='word_1_245' title='bbox 890 2615 899 2633; x_wconf 90' lang='lat'><strong>.·</strong></span> 
     </span>
    </p>
   </div>
   <div class='ocr_carea' id='block_1_11' title="bbox 169 2689 903 2784">
    <p class='ocr_par' dir='ltr' id='par_1_13' title="bbox 169 2689 903 2784">
     <span class='ocr_line' id='line_1_41' title="bbox 169 2689 903 2734; baseline 0.008 -13"><span class='ocrx_word' id='word_1_246' title='bbox 169 2689 192 2721; x_wconf 82' lang='lat' dir='ltr'><strong>i.</strong></span> <span class='ocrx_word' id='word_1_247' title='bbox 221 2701 246 2721; x_wconf 86' lang='lat' dir='ltr'><strong>e.</strong></span> <span class='ocrx_word' id='word_1_248' title='bbox 274 2691 312 2722; x_wconf 89' lang='lat' dir='ltr'><strong>de</strong></span> <span class='ocrx_word' id='word_1_249' title='bbox 335 2691 525 2731; x_wconf 82' lang='lat' dir='ltr'><strong>praecordiis,</strong></span> <span class='ocrx_word' id='word_1_250' title='bbox 550 2703 605 2732; x_wconf 90' lang='lat' dir='ltr'><strong>per</strong></span> <span class='ocrx_word' id='word_1_251' title='bbox 630 2695 763 2734; x_wconf 85' lang='lat' dir='ltr'><strong>suspiria</strong></span> <span class='ocrx_word' id='word_1_252' title='bbox 788 2695 903 2730; x_wconf 73' lang='lat' dir='ltr'><strong>iterum</strong></span> 
     </span>
     <span class='ocr_line' id='line_1_42' title="bbox 169 2741 601 2784; baseline 0.007 -11"><span class='ocrx_word' id='word_1_253' title='bbox 169 2741 284 2779; x_wconf 76' lang='lat' dir='ltr'><strong>efflata,</strong></span> <span class='ocrx_word' id='word_1_254' title='bbox 308 2750 435 2784; x_wconf 88' lang='lat' dir='ltr'><strong>questus</strong></span> <span class='ocrx_word' id='word_1_255' title='bbox 449 2755 601 2784; x_wconf 88' lang='lat' dir='ltr'><strong>promere.</strong></span> 
     </span>
    </p>
   </div>
   <div class='ocr_carea' id='block_1_12' title="bbox 177 2803 902 2889">
    <p class='ocr_par' dir='ltr' id='par_1_14' title="bbox 177 2803 902 2889">
     <span class='ocr_line' id='line_1_43' title="bbox 215 2803 902 2850; baseline 0.01 -17"><span class='ocrx_word' id='word_1_256' title='bbox 215 2803 291 2834; x_wconf 88' lang='lat' dir='ltr'><strong>Ver.</strong></span> <span class='ocrx_word' id='word_1_257' title='bbox 316 2807 390 2836; x_wconf 83' lang='lat'><strong>997.</strong></span> <span class='ocrx_word' id='word_1_258' title='bbox 413 2808 540 2845; x_wconf 80' lang='lat' dir='ltr'><strong>adepta:</strong></span> <span class='ocrx_word' id='word_1_259' title='bbox 568 2806 663 2838; x_wconf 90' lang='lat' dir='ltr'><strong>Vind.</strong></span> <span class='ocrx_word' id='word_1_260' title='bbox 692 2808 731 2844; x_wconf 81' lang='lat' dir='ltr'><strong>Q.</strong></span> <span class='ocrx_word' id='word_1_261' title='bbox 760 2811 902 2850; x_wconf 79' lang='lat' dir='ltr'><strong>adempta</strong></span> 
     </span>
     <span class='ocr_line' id='line_1_44' title="bbox 177 2857 542 2889; baseline 0.011 -4"><span class='ocrx_word' id='word_1_262' title='bbox 177 2857 360 2887; x_wconf 57' lang='lat' dir='ltr'><strong>esu—abest</strong></span> <span class='ocrx_word' id='word_1_263' title='bbox 377 2863 419 2888; x_wconf 89' lang='grc' dir='ltr'><strong>Π.</strong></span> <span class='ocrx_word' id='word_1_264' title='bbox 436 2857 542 2889; x_wconf 90' lang='lat' dir='ltr'><strong>codici.</strong></span> 
     </span>
    </p>
   </div>
   <div class='ocr_carea' id='block_1_13' title="bbox 227 2914 904 2965">
    <p class='ocr_par' dir='ltr' id='par_1_15' title="bbox 227 2914 904 2965">
     <span class='ocr_line' id='line_1_45' title="bbox 227 2914 904 2965; baseline 0.019 -20"><span class='ocrx_word' id='word_1_265' title='bbox 227 2914 308 2948; x_wconf 86' lang='lat' dir='ltr'><strong>Ibid.</strong></span> <span class='ocrx_word' id='word_1_266' title='bbox 328 2924 500 2952; x_wconf 79' lang='lat' dir='ltr'><strong>maternum</strong></span> <span class='ocrx_word' id='word_1_267' title='bbox 520 2931 646 2953; x_wconf 73' lang='lat' dir='ltr'><strong>nomen:</strong></span> <span class='ocrx_word' id='word_1_268' title='bbox 673 2921 695 2953; x_wconf 88' lang='lat' dir='ltr'><strong>i.</strong></span> <span class='ocrx_word' id='word_1_269' title='bbox 710 2931 735 2954; x_wconf 90' lang='lat' dir='ltr'><strong>e.</strong></span> <span class='ocrx_word' id='word_1_270' title='bbox 752 2926 904 2965; x_wconf 56' lang='lat' dir='ltr'><strong>Ananrnp,</strong></span> 
     </span>
    </p>
   </div>
   <div class='ocr_carea' id='block_1_14' title="bbox 935 942 1660 1039">
    <p class='ocr_par' dir='ltr' id='par_1_16' title="bbox 935 942 1660 1039">
     <span class='ocr_line' id='line_1_46' title="bbox 935 942 1660 990; baseline -0.011 -10"><span class='ocrx_word' id='word_1_271' title='bbox 935 949 983 980; x_wconf 89' lang='lat' dir='ltr'><strong>vel</strong></span> <span class='ocrx_word' id='word_1_272' title='bbox 1000 956 1039 982; x_wconf 70' lang='grc' dir='ltr'><strong>Γπ</strong></span> <span class='ocrx_word' id='word_1_273' title='bbox 1055 960 1167 990; x_wconf 67' lang='grc' dir='ltr'>μητηρ.·</span> <span class='ocrx_word' id='word_1_274' title='bbox 1192 948 1286 977; x_wconf 80' lang='lat' dir='ltr'><strong>Terra</strong></span> <span class='ocrx_word' id='word_1_275' title='bbox 1299 947 1493 985; x_wconf 75' lang='lat' dir='ltr'><strong>omniparens</strong></span> <span class='ocrx_word' id='word_1_276' title='bbox 1503 942 1660 973; x_wconf 83' lang='lat' dir='ltr'><strong>Maronis:</strong></span> 
     </span>
     <span class='ocr_line' id='line_1_47' title="bbox 935 1000 1463 1039; baseline -0.011 -5"><span class='ocrx_word' id='word_1_277' title='bbox 935 1003 1005 1034; x_wconf 87' lang='lat' dir='ltr'><strong>vide</strong></span> <span class='ocrx_word' id='word_1_278' title='bbox 1021 1002 1134 1033; x_wconf 81' lang='lat' dir='ltr'><strong>collata</strong></span> <span class='ocrx_word' id='word_1_279' title='bbox 1148 1011 1249 1039; x_wconf 88' lang='lat' dir='ltr'><strong>nuper</strong></span> <span class='ocrx_word' id='word_1_280' title='bbox 1264 1000 1298 1029; x_wconf 87' lang='lat' dir='ltr'><strong>in</strong></span> <span class='ocrx_word' id='word_1_281' title='bbox 1314 1009 1374 1029; x_wconf 83' lang='lat' dir='ltr'><strong>ver.</strong></span> <span class='ocrx_word' id='word_1_282' title='bbox 1391 1002 1463 1030; x_wconf 88' lang='lat'><strong>598.</strong></span> 
     </span>
    </p>
   </div>
   <div class='ocr_carea' id='block_1_15' title="bbox 936 1059 1668 1246">
    <p class='ocr_par' dir='ltr' id='par_1_17' title="bbox 936 1059 1668 1246">
     <span class='ocr_line' id='line_1_48' title="bbox 980 1059 1666 1093; baseline -0.012 0"><span class='ocrx_word' id='word_1_283' title='bbox 980 1063 1055 1092; x_wconf 84' lang='lat' dir='ltr'><strong>Ver.</strong></span> <span class='ocrx_word' id='word_1_284' title='bbox 1074 1065 1144 1093; x_wconf 82' lang='lat'><strong>998.</strong></span> <span class='ocrx_word' id='word_1_285' title='bbox 1167 1059 1349 1090; x_wconf 80' lang='lat' dir='ltr'><strong>Lactantius</strong></span> <span class='ocrx_word' id='word_1_286' title='bbox 1363 1059 1421 1088; x_wconf 90' lang='lat' dir='ltr'><strong>hos</strong></span> <span class='ocrx_word' id='word_1_287' title='bbox 1435 1067 1541 1087; x_wconf 79' lang='lat' dir='ltr'><strong>versus</strong></span> <span class='ocrx_word' id='word_1_288' title='bbox 1555 1066 1666 1087; x_wconf 90' lang='lat' dir='ltr'><strong>nume-</strong></span> 
     </span>
     <span class='ocr_line' id='line_1_49' title="bbox 937 1109 1667 1153; baseline -0.008 -10"><span class='ocrx_word' id='word_1_289' title='bbox 937 1114 979 1143; x_wconf 85' lang='lat' dir='ltr'><strong>ris</strong></span> <span class='ocrx_word' id='word_1_290' title='bbox 990 1111 1312 1153; x_wconf 87' lang='lat' dir='ltr'><strong>magnificentioribus</strong></span> <span class='ocrx_word' id='word_1_291' title='bbox 1321 1109 1444 1148; x_wconf 71' lang='lat' dir='ltr'><strong>extulit,</strong></span> <span class='ocrx_word' id='word_1_292' title='bbox 1457 1109 1497 1139; x_wconf 91' lang='lat' dir='ltr'><strong>ad</strong></span> <span class='ocrx_word' id='word_1_293' title='bbox 1507 1109 1567 1139; x_wconf 88' lang='lat' dir='ltr'><strong>div.</strong></span> <span class='ocrx_word' id='word_1_294' title='bbox 1583 1109 1667 1138; x_wconf 84' lang='lat' dir='ltr'><strong>instt.</strong></span> 
     </span>
     <span class='ocr_line' id='line_1_50' title="bbox 937 1159 1668 1201; baseline -0.008 -6"><span class='ocrx_word' id='word_1_295' title='bbox 937 1164 990 1195; x_wconf 80' lang='lat' dir='ltr'><strong>vii.</strong></span> <span class='ocrx_word' id='word_1_296' title='bbox 1016 1168 1065 1194; x_wconf 73' lang='lat'><strong>12.</strong></span> <span class='ocrx_word' id='word_1_297' title='bbox 1092 1164 1146 1194; x_wconf 91' lang='lat' dir='ltr'><strong>sed</strong></span> <span class='ocrx_word' id='word_1_298' title='bbox 1169 1162 1343 1200; x_wconf 70' lang='lat' dir='ltr'><strong>memoriae,</strong></span> <span class='ocrx_word' id='word_1_299' title='bbox 1366 1167 1402 1191; x_wconf 89' lang='lat' dir='ltr'><strong>ut</strong></span> <span class='ocrx_word' id='word_1_300' title='bbox 1427 1166 1545 1201; x_wconf 88' lang='lat' dir='ltr'><strong>putem,</strong></span> <span class='ocrx_word' id='word_1_301' title='bbox 1569 1159 1668 1190; x_wconf 75' lang='lat' dir='ltr'><strong>fidens</strong></span> 
     </span>
     <span class='ocr_line' id='line_1_51' title="bbox 936 1216 1088 1246; baseline -0.007 0"><span class='ocrx_word' id='word_1_302' title='bbox 936 1216 1088 1246; x_wconf 89' lang='lat' dir='ltr'><strong>nimium:</strong></span> 
     </span>
    </p>
   </div>
   <div class='ocr_carea' id='block_1_16' title="bbox 935 1312 1670 1426">
    <p class='ocr_par' dir='ltr' id='par_1_18' title="bbox 935 1312 1670 1426">
     <span class='ocr_line' id='line_1_52' title="bbox 935 1312 1557 1345; baseline -0.005 -5"><span class='ocrx_word' id='word_1_303' title='bbox 935 1315 1015 1340; x_wconf 86' lang='lat' dir='ltr'><strong>Cedit</strong></span> <span class='ocrx_word' id='word_1_304' title='bbox 1026 1315 1093 1340; x_wconf 84' lang='lat' dir='ltr'><strong>item</strong></span> <span class='ocrx_word' id='word_1_305' title='bbox 1105 1317 1188 1344; x_wconf 84' lang='lat' dir='ltr'><strong>retro,</strong></span> <span class='ocrx_word' id='word_1_306' title='bbox 1205 1314 1239 1339; x_wconf 89' lang='lat' dir='ltr'><strong>de</strong></span> <span class='ocrx_word' id='word_1_307' title='bbox 1250 1314 1321 1339; x_wconf 67' lang='lat' dir='ltr'><strong>terra</strong></span> <span class='ocrx_word' id='word_1_308' title='bbox 1334 1313 1407 1345; x_wconf 90' lang='lat' dir='ltr'><strong>quod</strong></span> <span class='ocrx_word' id='word_1_309' title='bbox 1418 1312 1471 1337; x_wconf 82' lang='lat' dir='ltr'><strong>fuit</strong></span> <span class='ocrx_word' id='word_1_310' title='bbox 1482 1317 1557 1342; x_wconf 84' lang='lat' dir='ltr'><strong>ante,</strong></span> 
     </span>
     <span class='ocr_line' id='line_1_53' title="bbox 937 1351 1670 1385; baseline -0.005 -6"><span class='ocrx_word' id='word_1_311' title='bbox 937 1356 967 1379; x_wconf 89' lang='lat' dir='ltr'><strong>In</strong></span> <span class='ocrx_word' id='word_1_312' title='bbox 983 1358 1077 1379; x_wconf 78' lang='lat' dir='ltr'><strong>terram</strong></span> <span class='ocrx_word' id='word_1_313' title='bbox 1085 1361 1097 1382; x_wconf 89' lang='lat'><em>;</em></span> <span class='ocrx_word' id='word_1_314' title='bbox 1116 1353 1169 1384; x_wconf 86' lang='lat' dir='ltr'><strong>sed,</strong></span> <span class='ocrx_word' id='word_1_315' title='bbox 1181 1354 1253 1385; x_wconf 85' lang='lat' dir='ltr'><strong>quod</strong></span> <span class='ocrx_word' id='word_1_316' title='bbox 1265 1353 1376 1378; x_wconf 89' lang='lat' dir='ltr'><strong>missum</strong></span> <span class='ocrx_word' id='word_1_317' title='bbox 1387 1357 1428 1378; x_wconf 87' lang='lat' dir='ltr'><strong>est</strong></span> <span class='ocrx_word' id='word_1_318' title='bbox 1439 1360 1476 1378; x_wconf 86' lang='lat' dir='ltr'><strong>ex</strong></span> <span class='ocrx_word' id='word_1_319' title='bbox 1487 1352 1597 1377; x_wconf 81' lang='lat' dir='ltr'><strong>aetheris</strong></span> <span class='ocrx_word' id='word_1_320' title='bbox 1607 1351 1670 1380; x_wconf 69' lang='lat' dir='ltr'><strong>oriS,</strong></span> 
     </span>
     <span class='ocr_line' id='line_1_54' title="bbox 938 1394 1557 1426; baseline -0.003 -7"><span class='ocrx_word' id='word_1_321' title='bbox 938 1397 968 1419; x_wconf 84' lang='lat' dir='ltr'><strong>ld</strong></span> <span class='ocrx_word' id='word_1_322' title='bbox 981 1402 1070 1420; x_wconf 79' lang='lat' dir='ltr'><strong>rursus</strong></span> <span class='ocrx_word' id='word_1_323' title='bbox 1082 1395 1146 1420; x_wconf 87' lang='lat' dir='ltr'><strong>coeli</strong></span> <span class='ocrx_word' id='word_1_324' title='bbox 1148 1394 1281 1426; x_wconf 83' lang='lat' dir='ltr'><strong>fulgentia</strong></span> <span class='ocrx_word' id='word_1_325' title='bbox 1292 1394 1395 1425; x_wconf 84' lang='lat' dir='ltr'><strong>templa</strong></span> <span class='ocrx_word' id='word_1_326' title='bbox 1407 1397 1557 1425; x_wconf 84' lang='lat' dir='ltr'><strong>receptant.</strong></span> 
     </span>
    </p>
   </div>
   <div class='ocr_carea' id='block_1_17' title="bbox 936 1486 1671 1794">
    <p class='ocr_par' dir='ltr' id='par_1_19' title="bbox 936 1486 1671 1794">
     <span class='ocr_line' id='line_1_55' title="bbox 939 1486 1666 1525; baseline -0.001 -9"><span class='ocrx_word' id='word_1_327' title='bbox 939 1487 1022 1516; x_wconf 87' lang='lat' dir='ltr'><strong>Haec</strong></span> <span class='ocrx_word' id='word_1_328' title='bbox 1036 1492 1153 1525; x_wconf 90' lang='lat' dir='ltr'><strong>autem,</strong></span> <span class='ocrx_word' id='word_1_329' title='bbox 1176 1493 1212 1517; x_wconf 90' lang='lat' dir='ltr'><strong>ut</strong></span> <span class='ocrx_word' id='word_1_330' title='bbox 1227 1488 1428 1518; x_wconf 89' lang='lat' dir='ltr'><strong>notissimum</strong></span> <span class='ocrx_word' id='word_1_331' title='bbox 1443 1493 1500 1525; x_wconf 87' lang='lat' dir='ltr'><strong>est,</strong></span> <span class='ocrx_word' id='word_1_332' title='bbox 1516 1497 1555 1516; x_wconf 83' lang='lat' dir='ltr'><strong>ex</strong></span> <span class='ocrx_word' id='word_1_333' title='bbox 1571 1486 1666 1516; x_wconf 88' lang='lat' dir='ltr'><strong>Euri-</strong></span> 
     </span>
     <span class='ocr_line' id='line_1_56' title="bbox 940 1537 1668 1578; baseline -0.001 -11"><span class='ocrx_word' id='word_1_334' title='bbox 940 1537 1020 1576; x_wconf 86' lang='lat' dir='ltr'><strong>pidis</strong></span> <span class='ocrx_word' id='word_1_335' title='bbox 1048 1538 1233 1569; x_wconf 86' lang='lat' dir='ltr'><strong>mulieribus</strong></span> <span class='ocrx_word' id='word_1_336' title='bbox 1262 1539 1467 1578; x_wconf 87' lang='lat' dir='ltr'><strong>supplicibus,</strong></span> <span class='ocrx_word' id='word_1_337' title='bbox 1501 1548 1561 1568; x_wconf 84' lang='lat' dir='ltr'><strong>ver.</strong></span> <span class='ocrx_word' id='word_1_338' title='bbox 1595 1540 1668 1568; x_wconf 79' lang='lat'><strong>532.</strong></span> 
     </span>
     <span class='ocr_line' id='line_1_57' title="bbox 936 1588 1670 1631; baseline 0 -12"><span class='ocrx_word' id='word_1_339' title='bbox 936 1589 1086 1620; x_wconf 88' lang='lat' dir='ltr'><strong>translata</strong></span> <span class='ocrx_word' id='word_1_340' title='bbox 1098 1596 1188 1628; x_wconf 88' lang='lat' dir='ltr'><strong>sunt;</strong></span> <span class='ocrx_word' id='word_1_341' title='bbox 1212 1601 1289 1631; x_wconf 88' lang='lat' dir='ltr'><strong>quos</strong></span> <span class='ocrx_word' id='word_1_342' title='bbox 1304 1602 1409 1621; x_wconf 89' lang='lat' dir='ltr'><strong>versus</strong></span> <span class='ocrx_word' id='word_1_343' title='bbox 1433 1590 1598 1631; x_wconf 87' lang='lat' dir='ltr'><strong>insigniter</strong></span> <span class='ocrx_word' id='word_1_344' title='bbox 1614 1588 1670 1619; x_wconf 88' lang='lat' dir='ltr'><strong>de-</strong></span> 
     </span>
     <span class='ocr_line' id='line_1_58' title="bbox 938 1642 1671 1683; baseline 0 -13"><span class='ocrx_word' id='word_1_345' title='bbox 938 1649 1079 1680; x_wconf 87' lang='lat' dir='ltr'><strong>pravatos</strong></span> <span class='ocrx_word' id='word_1_346' title='bbox 1095 1653 1188 1673; x_wconf 89' lang='lat' dir='ltr'><strong>nemo</strong></span> <span class='ocrx_word' id='word_1_347' title='bbox 1204 1643 1238 1673; x_wconf 93' lang='lat' dir='ltr'><strong>in</strong></span> <span class='ocrx_word' id='word_1_348' title='bbox 1254 1644 1338 1674; x_wconf 90' lang='lat' dir='ltr'><strong>hunc</strong></span> <span class='ocrx_word' id='word_1_349' title='bbox 1353 1644 1437 1674; x_wconf 90' lang='lat' dir='ltr'><strong>diem</strong></span> <span class='ocrx_word' id='word_1_350' title='bbox 1460 1653 1560 1683; x_wconf 85' lang='lat' dir='ltr'><strong>usque</strong></span> <span class='ocrx_word' id='word_1_351' title='bbox 1576 1642 1671 1681; x_wconf 85' lang='lat' dir='ltr'><strong>probe</strong></span> 
     </span>
     <span class='ocr_line' id='line_1_59' title="bbox 937 1693 1669 1733; baseline 0 -11"><span class='ocrx_word' id='word_1_352' title='bbox 937 1693 1036 1733; x_wconf 84' lang='lat' dir='ltr'><strong>quivit</strong></span> <span class='ocrx_word' id='word_1_353' title='bbox 1062 1694 1243 1725; x_wconf 84' lang='lat' dir='ltr'><strong>emendare:</strong></span> <span class='ocrx_word' id='word_1_354' title='bbox 1275 1705 1350 1724; x_wconf 89' lang='lat' dir='ltr'><strong>nam</strong></span> <span class='ocrx_word' id='word_1_355' title='bbox 1372 1701 1502 1725; x_wconf 86' lang='lat' dir='ltr'><strong>conatus</strong></span> <span class='ocrx_word' id='word_1_356' title='bbox 1529 1693 1669 1732; x_wconf 84' lang='lat' dir='ltr'><strong>Toupia-</strong></span> 
     </span>
     <span class='ocr_line' id='line_1_60' title="bbox 938 1745 1671 1794; baseline -0.003 -19"><span class='ocrx_word' id='word_1_357' title='bbox 938 1755 1010 1784; x_wconf 82' lang='lat' dir='ltr'><strong>nuS‚</strong></span> <span class='ocrx_word' id='word_1_358' title='bbox 1036 1759 1071 1781; x_wconf 73' lang='grc' dir='ltr'><strong>ει,-</strong></span> <span class='ocrx_word' id='word_1_359' title='bbox 1088 1761 1121 1777; x_wconf 65' lang='lat' dir='ltr'><strong>«ro</strong></span> <span class='ocrx_word' id='word_1_360' title='bbox 1139 1753 1215 1794; x_wconf 62' lang='grc' dir='ltr'><strong>ΖῌΝ</strong></span> <span class='ocrx_word' id='word_1_361' title='bbox 1239 1755 1372 1786; x_wconf 52' lang='lat' dir='ltr'><strong>aemma,</strong></span> <span class='ocrx_word' id='word_1_362' title='bbox 1397 1747 1539 1788; x_wconf 88' lang='lat' dir='ltr'><strong>quamvis</strong></span> <span class='ocrx_word' id='word_1_363' title='bbox 1561 1745 1671 1777; x_wconf 84' lang='lat' dir='ltr'><strong>laudes</strong></span> 
     </span>
    </p>
   </div>
   <div class='ocr_carea' id='block_1_18' title="bbox 939 1806 1676 2409">
    <p class='ocr_par' dir='ltr' id='par_1_20' title="bbox 939 1806 1676 2409">
     <span class='ocr_line' id='line_1_61' title="bbox 939 1806 1670 1846; baseline 0.004 -10"><span class='ocrx_word' id='word_1_364' title='bbox 939 1806 1079 1836; x_wconf 82' lang='lat' dir='ltr'><strong>virorum</strong></span> <span class='ocrx_word' id='word_1_365' title='bbox 1093 1806 1345 1837; x_wconf 84' lang='lat' dir='ltr'><strong>doctissimorum</strong></span> <span class='ocrx_word' id='word_1_366' title='bbox 1357 1808 1518 1846; x_wconf 86' lang='lat' dir='ltr'><strong>meruerit,</strong></span> <span class='ocrx_word' id='word_1_367' title='bbox 1542 1809 1575 1838; x_wconf 91' lang='lat' dir='ltr'><strong>in</strong></span> <span class='ocrx_word' id='word_1_368' title='bbox 1593 1809 1670 1839; x_wconf 82' lang='lat' dir='ltr'><strong>Mu-</strong></span> 
     </span>
     <span class='ocr_line' id='line_1_62' title="bbox 939 1859 1671 1897; baseline 0.003 -10"><span class='ocrx_word' id='word_1_369' title='bbox 939 1868 1045 1888; x_wconf 86' lang='lat' dir='ltr'><strong>sarum</strong></span> <span class='ocrx_word' id='word_1_370' title='bbox 1060 1859 1232 1888; x_wconf 81' lang='lat' dir='ltr'><strong>castitatem</strong></span> <span class='ocrx_word' id='word_1_371' title='bbox 1245 1865 1360 1897; x_wconf 84' lang='lat' dir='ltr'><strong>peccat.</strong></span> <span class='ocrx_word' id='word_1_372' title='bbox 1391 1859 1553 1889; x_wconf 87' lang='lat' dir='ltr'><strong>Porsonus</strong></span> <span class='ocrx_word' id='word_1_373' title='bbox 1565 1860 1671 1897; x_wconf 80' lang='lat' dir='ltr'><strong>etiam,</strong></span> 
     </span>
     <span class='ocr_line' id='line_1_63' title="bbox 939 1911 1671 1951; baseline 0.003 -11"><span class='ocrx_word' id='word_1_374' title='bbox 939 1916 976 1940; x_wconf 91' lang='lat' dir='ltr'><strong>ut</strong></span> <span class='ocrx_word' id='word_1_375' title='bbox 998 1917 1044 1940; x_wconf 85' lang='lat' dir='ltr'><strong>est</strong></span> <span class='ocrx_word' id='word_1_376' title='bbox 1068 1911 1112 1940; x_wconf 87' lang='lat' dir='ltr'><strong>rei</strong></span> <span class='ocrx_word' id='word_1_377' title='bbox 1139 1911 1275 1941; x_wconf 82' lang='lat' dir='ltr'><strong>metricae</strong></span> <span class='ocrx_word' id='word_1_378' title='bbox 1301 1911 1396 1951; x_wconf 88' lang='lat' dir='ltr'><strong>louge</strong></span> <span class='ocrx_word' id='word_1_379' title='bbox 1421 1911 1671 1949; x_wconf 86' lang='lat' dir='ltr'><strong>callentissimus,</strong></span> 
     </span>
     <span class='ocr_line' id='line_1_64' title="bbox 939 1962 1673 2004; baseline 0.003 -12"><span class='ocrx_word' id='word_1_380' title='bbox 939 1962 1036 1993; x_wconf 89' lang='lat' dir='ltr'><strong>iambi</strong></span> <span class='ocrx_word' id='word_1_381' title='bbox 1065 1962 1149 2003; x_wconf 81' lang='lat' dir='ltr'><strong>leges</strong></span> <span class='ocrx_word' id='word_1_382' title='bbox 1173 1963 1246 1993; x_wconf 88' lang='lat' dir='ltr'><strong>inde</strong></span> <span class='ocrx_word' id='word_1_383' title='bbox 1269 1964 1398 1994; x_wconf 86' lang='lat' dir='ltr'><strong>violatas</strong></span> <span class='ocrx_word' id='word_1_384' title='bbox 1420 1965 1580 1994; x_wconf 84' lang='lat' dir='ltr'><strong>verissime</strong></span> <span class='ocrx_word' id='word_1_385' title='bbox 1603 1975 1673 2004; x_wconf 90' lang='lat' dir='ltr'><strong>pro-</strong></span> 
     </span>
     <span class='ocr_line' id='line_1_65' title="bbox 939 2015 1674 2056; baseline 0.001 -12"><span class='ocrx_word' id='word_1_386' title='bbox 939 2015 1117 2052; x_wconf 88' lang='lat' dir='ltr'><strong>nunciavit;</strong></span> <span class='ocrx_word' id='word_1_387' title='bbox 1136 2016 1168 2045; x_wconf 88' lang='lat' dir='ltr'><strong>in</strong></span> <span class='ocrx_word' id='word_1_388' title='bbox 1181 2017 1239 2046; x_wconf 89' lang='lat' dir='ltr'><strong>hoc</strong></span> <span class='ocrx_word' id='word_1_389' title='bbox 1249 2022 1355 2045; x_wconf 87' lang='lat' dir='ltr'><strong>tamen</strong></span> <span class='ocrx_word' id='word_1_390' title='bbox 1367 2026 1463 2056; x_wconf 84' lang='lat' dir='ltr'><strong>agens</strong></span> <span class='ocrx_word' id='word_1_391' title='bbox 1477 2017 1584 2045; x_wconf 86' lang='lat' dir='ltr'><strong>minus</strong></span> <span class='ocrx_word' id='word_1_392' title='bbox 1600 2015 1674 2045; x_wconf 91' lang='lat' dir='ltr'><strong>doc-</strong></span> 
     </span>
     <span class='ocr_line' id='line_1_66' title="bbox 941 2067 1675 2107; baseline 0 -11"><span class='ocrx_word' id='word_1_393' title='bbox 941 2071 1022 2104; x_wconf 82' lang='lat' dir='ltr'><strong>tum,</strong></span> <span class='ocrx_word' id='word_1_394' title='bbox 1050 2067 1103 2107; x_wconf 89' lang='lat' dir='ltr'><strong>qui</strong></span> <span class='ocrx_word' id='word_1_395' title='bbox 1133 2067 1172 2097; x_wconf 91' lang='lat' dir='ltr'><strong>de</strong></span> <span class='ocrx_word' id='word_1_396' title='bbox 1204 2067 1373 2097; x_wconf 88' lang='lat' dir='ltr'><strong>locutionis</strong></span> <span class='ocrx_word' id='word_1_397' title='bbox 1398 2067 1496 2106; x_wconf 91' lang='lat' dir='ltr'><strong>ipsius</strong></span> <span class='ocrx_word' id='word_1_398' title='bbox 1523 2067 1675 2106; x_wconf 86' lang='lat' dir='ltr'><strong>probitate</strong></span> 
     </span>
     <span class='ocr_line' id='line_1_67' title="bbox 942 2118 1675 2160; baseline 0.001 -12"><span class='ocrx_word' id='word_1_399' title='bbox 942 2118 1171 2149; x_wconf 85' lang='lat' dir='ltr'><strong>dubitationem</strong></span> <span class='ocrx_word' id='word_1_400' title='bbox 1197 2119 1325 2160; x_wconf 85' lang='lat' dir='ltr'><strong>injicere</strong></span> <span class='ocrx_word' id='word_1_401' title='bbox 1354 2119 1547 2150; x_wconf 87' lang='lat' dir='ltr'><strong>sustinuerit.</strong></span> <span class='ocrx_word' id='word_1_402' title='bbox 1595 2119 1675 2156; x_wconf 88' lang='lat' dir='ltr'><strong>Nos,</strong></span> 
     </span>
     <span class='ocr_line' id='line_1_68' title="bbox 941 2169 1676 2209; baseline 0.001 -10"><span class='ocrx_word' id='word_1_403' title='bbox 941 2169 1088 2209; x_wconf 89' lang='lat' dir='ltr'><strong>vicissim,</strong></span> <span class='ocrx_word' id='word_1_404' title='bbox 1120 2170 1274 2201; x_wconf 69' lang='lat' dir='ltr'><strong>facillima</strong></span> <span class='ocrx_word' id='word_1_405' title='bbox 1296 2177 1327 2201; x_wconf 89' lang='lat' dir='ltr'><strong>et</strong></span> <span class='ocrx_word' id='word_1_406' title='bbox 1342 2171 1456 2201; x_wconf 73' lang='lat' dir='ltr'><strong>usitata</strong></span> <span class='ocrx_word' id='word_1_407' title='bbox 1477 2171 1676 2201; x_wconf 88' lang='lat' dir='ltr'><strong>librariorum</strong></span> 
     </span>
     <span class='ocr_line' id='line_1_69' title="bbox 942 2221 1674 2261; baseline -0.001 -9"><span class='ocrx_word' id='word_1_408' title='bbox 942 2222 1136 2252; x_wconf 87' lang='lat' dir='ltr'><strong>aberratione</strong></span> <span class='ocrx_word' id='word_1_409' title='bbox 1160 2222 1193 2251; x_wconf 92' lang='lat' dir='ltr'><strong>in</strong></span> <span class='ocrx_word' id='word_1_410' title='bbox 1216 2228 1300 2252; x_wconf 87' lang='lat' dir='ltr'><strong>recto</strong></span> <span class='ocrx_word' id='word_1_411' title='bbox 1322 2222 1436 2261; x_wconf 71' lang='lat' dir='ltr'><strong>posita,</strong></span> <span class='ocrx_word' id='word_1_412' title='bbox 1460 2221 1674 2261; x_wconf 87' lang='lat' dir='ltr'><strong>conjecturam</strong></span> 
     </span>
     <span class='ocr_line' id='line_1_70' title="bbox 943 2274 1674 2314; baseline -0.001 -10"><span class='ocrx_word' id='word_1_413' title='bbox 943 2274 1067 2305; x_wconf 87' lang='lat' dir='ltr'><strong>allaturi</strong></span> <span class='ocrx_word' id='word_1_414' title='bbox 1083 2285 1203 2311; x_wconf 89' lang='lat' dir='ltr'><strong>sumus,</strong></span> <span class='ocrx_word' id='word_1_415' title='bbox 1228 2285 1309 2314; x_wconf 88' lang='lat' dir='ltr'><strong>quae,</strong></span> <span class='ocrx_word' id='word_1_416' title='bbox 1336 2274 1371 2304; x_wconf 83' lang='lat' dir='ltr'><strong>ni</strong></span> <span class='ocrx_word' id='word_1_417' title='bbox 1397 2274 1535 2304; x_wconf 87' lang='lat' dir='ltr'><strong>nimium</strong></span> <span class='ocrx_word' id='word_1_418' title='bbox 1553 2274 1674 2313; x_wconf 84' lang='lat' dir='ltr'><strong>parenti</strong></span> 
     </span>
     <span class='ocr_line' id='line_1_71' title="bbox 943 2326 1674 2366; baseline 0 -10"><span class='ocrx_word' id='word_1_419' title='bbox 943 2337 1000 2357; x_wconf 92' lang='lat' dir='ltr'><strong>suo</strong></span> <span class='ocrx_word' id='word_1_420' title='bbox 1015 2326 1205 2365; x_wconf 88' lang='lat' dir='ltr'><strong>blandiatur,</strong></span> <span class='ocrx_word' id='word_1_421' title='bbox 1228 2337 1322 2357; x_wconf 84' lang='lat' dir='ltr'><strong>mnne</strong></span> <span class='ocrx_word' id='word_1_422' title='bbox 1345 2333 1500 2366; x_wconf 87' lang='lat' dir='ltr'><strong>punctum</strong></span> <span class='ocrx_word' id='word_1_423' title='bbox 1522 2326 1674 2357; x_wconf 87' lang='lat' dir='ltr'><strong>cordatio-</strong></span> 
     </span>
     <span class='ocr_line' id='line_1_72' title="bbox 942 2378 1628 2409; baseline 0.003 -1"><span class='ocrx_word' id='word_1_424' title='bbox 942 2388 1014 2408; x_wconf 88' lang='lat' dir='ltr'><strong>rum</strong></span> <span class='ocrx_word' id='word_1_425' title='bbox 1030 2378 1122 2409; x_wconf 88' lang='lat' dir='ltr'><strong>feret:</strong></span> <span class='ocrx_word' id='word_1_426' title='bbox 1626 2383 1628 2385; x_wconf 75' lang='grc'><strong><em>’</em></strong></span> 
     </span>
    </p>
   </div>
   <div class='ocr_carea' id='block_1_19' title="bbox 1021 2481 1551 2563">
    <p class='ocr_par' dir='ltr' id='par_1_21' title="bbox 1021 2481 1551 2563">
     <span class='ocr_line' id='line_1_73' title="bbox 1023 2481 1512 2519; baseline 0.002 -11"><span class='ocrx_word' id='word_1_427' title='bbox 1023 2481 1126 2508; x_wconf 69' lang='lat' dir='ltr'><strong>Ewwr&#39;</strong></span> <span class='ocrx_word' id='word_1_428' title='bbox 1136 2482 1182 2512; x_wconf 62' lang='grc' dir='ltr'><strong>ἤδη</strong></span> <span class='ocrx_word' id='word_1_429' title='bbox 1194 2493 1228 2519; x_wconf 63' lang='lat'><strong>71⁰</strong></span> <span class='ocrx_word' id='word_1_430' title='bbox 1239 2482 1394 2516; x_wconf 58' lang='grc' dir='ltr'><strong>καλυφθῆναι</strong></span> <span class='ocrx_word' id='word_1_431' title='bbox 1409 2492 1512 2518; x_wconf 51' lang='grc' dir='ltr'><strong>νεκρεςς</strong></span> 
     </span>
     <span class='ocr_line' id='line_1_74' title="bbox 1021 2529 1551 2563; baseline 0 -7"><span class='ocrx_word' id='word_1_432' title='bbox 1021 2530 1088 2556; x_wconf 84' lang='grc' dir='ltr'>Ὀθεν</span> <span class='ocrx_word' id='word_1_433' title='bbox 1103 2530 1125 2556; x_wconf 81' lang='grc' dir='ltr'><strong>δ’</strong></span> <span class='ocrx_word' id='word_1_434' title='bbox 1136 2529 1243 2557; x_wconf 55' lang='lat' dir='ltr'><strong>{zama-ov</strong></span> <span class='ocrx_word' id='word_1_435' title='bbox 1255 2540 1286 2559; x_wconf 75' lang='grc' dir='ltr'><strong>εις</strong></span> <span class='ocrx_word' id='word_1_436' title='bbox 1297 2542 1325 2557; x_wconf 71' lang='grc' dir='ltr'><strong>το</strong></span> <span class='ocrx_word' id='word_1_437' title='bbox 1340 2531 1428 2557; x_wconf 84' lang='grc' dir='ltr'><strong>ΣΩΜ’</strong></span> <span class='ocrx_word' id='word_1_438' title='bbox 1439 2539 1551 2563; x_wconf 53' lang='lat' dir='ltr'><strong>acmen-o,</strong></span> 
     </span>
    </p>
   </div>
   <div class='ocr_carea' id='block_1_20' title="bbox 1021 2577 1596 2657">
    <p class='ocr_par' dir='ltr' id='par_1_22' title="bbox 1021 2577 1596 2657">
     <span class='ocr_line' id='line_1_75' title="bbox 1024 2577 1596 2613; baseline 0 -10"><span class='ocrx_word' id='word_1_439' title='bbox 1024 2577 1130 2604; x_wconf 60' lang='lat' dir='ltr'><strong>Eva-xuO’</strong></span> <span class='ocrx_word' id='word_1_440' title='bbox 1139 2578 1259 2604; x_wconf 71' lang='grc' dir='ltr'>απελθειν·</span> <span class='ocrx_word' id='word_1_441' title='bbox 1268 2588 1367 2609; x_wconf 58' lang='lat' dir='ltr'><strong>meus-aot</strong></span> <span class='ocrx_word' id='word_1_442' title='bbox 1379 2588 1424 2612; x_wconf 75' lang='grc' dir='ltr'><strong>μεν</strong></span> <span class='ocrx_word' id='word_1_443' title='bbox 1434 2589 1491 2613; x_wconf 69' lang='grc' dir='ltr'><strong>προς</strong></span> <span class='ocrx_word' id='word_1_444' title='bbox 1503 2578 1596 2613; x_wconf 75' lang='grc' dir='ltr'><strong>αιθεραι,</strong></span> 
     </span>
     <span class='ocr_line' id='line_1_76' title="bbox 1021 2625 1362 2657; baseline 0.006 -7"><span class='ocrx_word' id='word_1_445' title='bbox 1021 2626 1063 2650; x_wconf 84' lang='grc' dir='ltr'><strong>Το</strong></span> <span class='ocrx_word' id='word_1_446' title='bbox 1077 2626 1217 2651; x_wconf 84' lang='grc' dir='ltr'><strong>ΠΤΩΜΑ</strong></span> <span class='ocrx_word' id='word_1_447' title='bbox 1231 2625 1251 2651; x_wconf 70' lang='grc' dir='ltr'><strong>δ’</strong></span> <span class='ocrx_word' id='word_1_448' title='bbox 1267 2635 1296 2654; x_wconf 74' lang='grc' dir='ltr'><strong>εις</strong></span> <span class='ocrx_word' id='word_1_449' title='bbox 1310 2636 1362 2657; x_wconf 66' lang='grc' dir='ltr'><strong>γῆν.</strong></span> 
     </span>
    </p>
   </div>
   <div class='ocr_carea' id='block_1_21' title="bbox 945 2718 1677 2863">
    <p class='ocr_par' dir='ltr' id='par_1_23' title="bbox 945 2718 1677 2863">
     <span class='ocr_line' id='line_1_77' title="bbox 945 2718 1674 2758; baseline 0.001 -11"><span class='ocrx_word' id='word_1_450' title='bbox 945 2720 1041 2755; x_wconf 80' lang='grc' dir='ltr'><strong>Σωμα</strong></span> <span class='ocrx_word' id='word_1_451' title='bbox 1056 2723 1103 2746; x_wconf 87' lang='lat' dir='ltr'><strong>est</strong></span> <span class='ocrx_word' id='word_1_452' title='bbox 1124 2719 1250 2748; x_wconf 81' lang='lat' dir='ltr'><strong>mortale</strong></span> <span class='ocrx_word' id='word_1_453' title='bbox 1266 2729 1384 2758; x_wconf 62' lang='lat' dir='ltr'><strong>corpus,</strong></span> <span class='ocrx_word' id='word_1_454' title='bbox 1408 2729 1463 2749; x_wconf 87' lang='lat' dir='ltr'><strong>seu</strong></span> <span class='ocrx_word' id='word_1_455' title='bbox 1486 2718 1592 2748; x_wconf 85' lang='lat' dir='ltr'><strong>vivum</strong></span> <span class='ocrx_word' id='word_1_456' title='bbox 1618 2719 1674 2748; x_wconf 90' lang='lat' dir='ltr'><strong>ho-</strong></span> 
     </span>
     <span class='ocr_line' id='line_1_78' title="bbox 945 2767 1676 2809; baseline 0.008 -13"><span class='ocrx_word' id='word_1_457' title='bbox 945 2767 1079 2805; x_wconf 89' lang='lat' dir='ltr'><strong>minem;</strong></span> <span class='ocrx_word' id='word_1_458' title='bbox 1098 2769 1221 2809; x_wconf 88' lang='lat' dir='ltr'><strong>(notam</strong></span> <span class='ocrx_word' id='word_1_459' title='bbox 1234 2769 1389 2809; x_wconf 89' lang='lat' dir='ltr'><strong>inspicias,</strong></span> <span class='ocrx_word' id='word_1_460' title='bbox 1405 2771 1445 2801; x_wconf 87' lang='lat' dir='ltr'><strong>ad</strong></span> <span class='ocrx_word' id='word_1_461' title='bbox 1460 2781 1522 2802; x_wconf 88' lang='lat' dir='ltr'><strong>ver.</strong></span> <span class='ocrx_word' id='word_1_462' title='bbox 1537 2774 1608 2802; x_wconf 88' lang='grc'>599.</span> <span class='ocrx_word' id='word_1_463' title='bbox 1624 2780 1676 2799; x_wconf 84' lang='lat' dir='ltr'><strong>su-</strong></span> 
     </span>
     <span class='ocr_line' id='line_1_79' title="bbox 948 2819 1677 2863; baseline 0.01 -15"><span class='ocrx_word' id='word_1_464' title='bbox 948 2819 1018 2859; x_wconf 86' lang='lat' dir='ltr'><strong>pra)</strong></span> <span class='ocrx_word' id='word_1_465' title='bbox 1043 2832 1156 2860; x_wconf 67' lang='grc' dir='ltr'>πτωμαι</span> <span class='ocrx_word' id='word_1_466' title='bbox 1178 2827 1294 2859; x_wconf 81' lang='lat' dir='ltr'><strong>autem,</strong></span> <span class='ocrx_word' id='word_1_467' title='bbox 1319 2835 1426 2863; x_wconf 79' lang='lat' dir='ltr'><strong>corpus</strong></span> <span class='ocrx_word' id='word_1_468' title='bbox 1447 2825 1597 2859; x_wconf 72' lang='lat' dir='ltr'><strong>exanime,</strong></span> <span class='ocrx_word' id='word_1_469' title='bbox 1623 2831 1677 2850; x_wconf 80' lang='lat' dir='ltr'><strong>seu</strong></span> 
     </span>
    </p>
   </div>
   <div class='ocr_carea' id='block_1_22' title="bbox 948 2868 1676 2955">
    <p class='ocr_par' dir='ltr' id='par_1_24' title="bbox 948 2868 1676 2955">
     <span class='ocr_line' id='line_1_80' title="bbox 949 2868 1676 2916; baseline 0.003 -16"><span class='ocrx_word' id='word_1_470' title='bbox 949 2870 1087 2902; x_wconf 86' lang='lat' dir='ltr'><strong>cadaver.</strong></span> <span class='ocrx_word' id='word_1_471' title='bbox 1126 2868 1223 2904; x_wconf 77' lang='lat' dir='ltr'><strong>&#39;Prior</strong></span> <span class='ocrx_word' id='word_1_472' title='bbox 1237 2874 1459 2915; x_wconf 86' lang='lat' dir='ltr'><strong>Epicharmus,</strong></span> <span class='ocrx_word' id='word_1_473' title='bbox 1474 2884 1568 2916; x_wconf 88' lang='lat' dir='ltr'><strong>quem</strong></span> <span class='ocrx_word' id='word_1_474' title='bbox 1579 2873 1676 2904; x_wconf 90' lang='lat' dir='ltr'><strong>Lam-</strong></span> 
     </span>
     <span class='ocr_line' id='line_1_81' title="bbox 948 2922 1174 2955; baseline 0.004 -1"><span class='ocrx_word' id='word_1_475' title='bbox 948 2922 1042 2954; x_wconf 89' lang='lat' dir='ltr'><strong>binus</strong></span> <span class='ocrx_word' id='word_1_476' title='bbox 1056 2922 1174 2955; x_wconf 83' lang='lat' dir='ltr'><strong>laudat:</strong></span> 
     </span>
    </p>
   </div>
  </div>
 </body>
</html>
