1894 3253
172 242 234 284 36

659 233 739 283 ’Τ.
793 233 1175 284 LUCRETII

336 387 338 389 ·
376 367 466 409 Nec
485 380 553 408 me
571 365 697 407 animi
716 364 830 416 fallit,
855 365 1081 407 Graiorum
1100 364 1275 406 obscura
1293 371 1456 420 reperta

317 441 496 484 Difficile
515 440 731 480 inlustrare
752 439 913 480 Latinis
933 439 1114 480 versibus
1134 454 1239 489 esse3

321 515 458 558 Multa
477 514 593 554 novis
613 513 747 554 verbis
761 514 992 568 praesertim
1013 528 1139 569 quom
1159 513 1214 559 sit
1231 512 1444 570 agundum

209 596 287 632 140
320 590 496 643 Propter
516 595 737 645 egestatem
755 587 923 645 linguae,
945 595 986 629 et
1005 602 1143 629 rerum
1163 587 1402 629 novitatem:

177 732 287 766 Porro,
304 729 355 760 dat
367 728 461 758 etiam
477 733 511 759 Σ.
516 728 656 769 fiaellunc:
682 728 805 758 frustra.

222 781 301 812 Ibid.
318 783 442 811 obscura
458 786 594 819 reperta:
620 779 640 809 i.
655 790 683 809 e.
705 783 726 799 ‘⁶
745 779 902 809 doctrinas

177 838 201 854 “
216 833 440 869 subtilissimas,
456 842 532 872 quas
543 842 560 861 e
571 831 827 861 reconditioribus
838 832 903 861 Na-

177 892 200 906 “
215 892 292 916 turae
308 883 517 924 penetralibus
529 882 790 922 deprompserunt
801 883 904 912 Graeci

177 943 198 956 “
213 935 414 976 philosophiae
428 941 592 974 repertores
597 934 632 970 ;'’
656 934 719 974 qua
742 945 816 964 voce
831 944 906 964 usus

178 996 223 1019 est
239 989 279 1018 ad
293 987 337 1017 iii.
358 990 450 1017 1049.
471 986 505 1015 in
520 985 659 1015 carmine
674 985 822 1015 divinitus
845 995 904 1014 cae-

174 1040 255 1070 lato:

208 1099 284 1124 Adde
292 1100 422 1130 repertores
434 1095 627 1125 doctrinarum,
639 1098 720 1126 atque
730 1094 862 1126 leporum.

221 1147 296 1176 Ver.
316 1149 386 1175 158.
409 1146 592 1175 inlustrare:
618 1143 637 1173 i.
652 1154 676 1173 e.
700 1153 765 1172 non
780 1148 903 1171 tantum

176 1198 210 1227 in
220 1207 333 1227 novam
342 1202 434 1236 atque
443 1196 569 1233 inopem
578 1195 722 1234 linguam
728 1193 904 1230 transferre,

176 1259 287 1279 verum
301 1248 396 1278 etiam
418 1246 623 1276 tenebricosas
637 1245 706 1275 illas
729 1245 905 1284 disciplinas

178 1300 222 1330 ita
235 1300 307 1330 luce
328 1298 526 1338 perfundere,
555 1303 590 1326 ut
606 1297 738 1327 evadant
752 1296 903 1327 clariores.

179 1352 342 1387 Horatius,
359 1356 413 1380 ait.
428 1351 508 1389 po'elt.
525 1352 596 1379 448.

405 1415 499 1439 parum
512 1408 585 1432 claris
596 1407 684 1433 lucem
696 1408 758 1433 dare
771 1411 858 1439 coget.

182 1459 246 1489 Sub
262 1458 351 1488 initio
369 1457 631 1487 Academicorum
649 1457 778 1486 Marcus
801 1456 902 1486 Tulli-

177 1513 300 1540 us·.—“
315 1519 386 1539 sum
401 1509 557 1548 ingressus
570 1518 619 1537 res
630 1518 692 1545 eaS,
709 1518 785 1548 quas
800 1513 904 1537 tecum

178 1565 202 1580 “
218 1561 312 1592 simul
342 1561 447 1598 didici,
485 1560 634 1590 mandare
667 1559 901 1597 monumentis3

177 1616 200 1632 “
210 1615 496 1653 philosophiamque
518 1618 652 1641 veterem
677 1611 776 1648 illam,
801 1621 819 1640 a
847 1610 902 1639 So-

178 1667 198 1682 “
214 1670 296 1694 crate
311 1670 424 1701 ortam,
441 1665 567 1693 Latinis
581 1664 679 1692 literis
693 1661 888 1692 inluslrare.”

222 1716 297 1746 Ver.
317 1719 384 1747 1559.
419 1716 522 1745 sslulta
553 1726 640 1754 quom
670 1717 710 1744 sit
738 1716 905 1753 agundum.

179 1768 231 1798 De
244 1769 303 1798 hac
314 1766 466 1798 sermonis
480 1765 616 1797 formula
626 1766 699 1796 satis
709 1766 853 1796 dedimus
864 1765 904 1796 ad

176 1831 237 1852 ver.
253 1824 325 1852 119.

222 1872 296 1902 Ver.
321 1876 389 1903 140.
418 1878 578 1913 egestatem
607 1874 740 1912 linguae.-
768 1875 790 1891 “
805 1882 906 1913 quum

179 1926 202 1942 “
222 1924 441 1953 Romanorum
468 1923 595 1963 ingenia
620 1925 676 1953 has
701 1923 906 1962 philosophiae

178 1979 202 1994 “
217 1980 318 2014 partes
327 1984 391 2004 non
400 1974 593 2012 accesserint,
605 1981 635 2004 et
644 1976 808 2004 verborum
819 1974 907 2013 copia

180 2029 203 2045 ‘²
220 2035 283 2056 non
299 2025 427 2055 aliunde
450 2025 563 2060 veniat,
587 2035 683 2065 quam
707 2035 743 2054 ex
769 2024 906 2063 repetitis

180 2080 202 2096 “
218 2077 357 2106 virorum
387 2076 551 2106 doctorum
573 2075 843 2114 disputationibus,
866 2074 906 2104 ad

180 2132 203 2148 “
219 2128 408 2168 multiplices
430 2129 554 2158 obortas
577 2127 779 2167 cogitationes
804 2127 905 2157 decla-

179 2182 203 2199 “
217 2180 330 2210 randas
344 2180 483 2220 undique
495 2179 645 2210 vocabula
656 2179 906 2219 disquirentium,

179 2235 201 2250 “
217 2238 310 2272 atque
332 2231 625 2261 conformantiuml’
673 2231 802 2268 Seneca,
819 2231 905 2270 epist.

178 2284 312 2314 LVIII.
337 2287 359 2301 “
373 2284 499 2319 Quanta
510 2285 663 2314 verborum
674 2283 764 2313 nobis
774 2293 905 2321 pauper-

180 2339 202 2355 “
218 2342 275 2374 tas,
302 2335 368 2365 imo
395 2342 520 2375 egestas,
543 2335 593 2372 sit,
617 2345 782 2375 nunquam
808 2335 908 2376 inagis

181 2390 203 2405 “
219 2398 315 2427 quam
330 2387 482 2418 hodierno
497 2387 547 2417 die
563 2387 733 2417 intellexi.’'

183 2438 351 2476 Caeterum,
367 2439 401 2468 in
416 2438 605 2469 editionibus
619 2438 659 2468 ad
675 2439 760 2469 hunc
775 2438 907 2469 modum

179 2490 266 2520 locus
278 2491 452 2527 exhibetur,
468 2496 593 2531 aspectu
608 2501 732 2530 prorsus
748 2491 904 2527 indecoro,

179 2541 255 2571 citra
270 2543 497 2573 necessitatem:

211 2608 323 2634 Difficile
335 2610 473 2636 inlustrare
484 2611 584 2635 Latinis
596 2611 712 2636 versibus
720 2617 784 2641 esse,

215 2648 311 2679 (Multa
323 2651 397 2674 novis
408 2651 493 2675 verbis
510 2651 659 2683 praesertim
679 2658 762 2683 quom
782 2651 814 2676 sit
826 2657 906 2683 agen-

305 2688 392 2718 dum,)

194 2750 197 2751 γ
211 2729 320 2759 Propter
332 2733 477 2759 egestatem
488 2731 599 2763 linguae,
608 2736 635 2757 et
643 2739 733 2757 rerum
744 2731 904 2756 novitatem.

184 2784 279 2814 Viam
295 2796 352 2815 nos
367 2786 515 2817 inivimus
537 2789 765 2827 speciosiorem,
790 2795 825 2818 ut
840 2790 908 2818 haec

181 2835 312 2865 demum
325 2836 365 2866 sit
380 2840 557 2877 argumenti
572 2841 675 2878 series,
699 2847 730 2870 et
751 2840 906 2870 clausula-

181 2897 251 2916 rum
269 2898 379 2918 nexus:
408 2893 430 2907 ‘⁴
446 2890 515 2919 Scio
537 2890 661 2921 difficile·
687 2902 752 2921 esse
777 2897 907 2922 restam

945 732 966 746 “
983 729 1127 758 obscuras
1142 728 1174 757 in
1190 726 1301 767 lingufi
1324 727 1438 758 Latius
1459 726 1595 757 dilucide
1617 737 1674 758 ex«

947 783 970 798 “
986 789 1115 818 ponere3
1138 779 1323 818 praesertim,
1343 788 1416 808 cum
1438 779 1589 808 sermonis
1603 779 1673 808 ino-

948 834 971 849 “
987 831 1037 870 pia
1053 837 1083 861 et
1097 831 1235 870 ipsarum
1250 841 1354 860 rerum
1375 830 1495 860 novitas
1517 841 1568 860 me
1589 830 1671 860 redi-

950 887 971 901 “
986 889 1064 922 gant
1090 882 1130 912 ad
1153 883 1304 912 dictiones
1330 882 1485 912 inauditas
1507 883 1671 920 hactenus,

950 937 972 952 “
988 940 1080 973 atque
1106 934 1175 963 ideo
1199 935 1237 963 ab
1259 933 1424 963 hominum
1445 934 1607 963 communi
1622 934 1672 963 in-

950 988 972 1003 “
988 985 1113 1015 tellectu
1128 985 1320 1022 remotiores,
1332 985 1574 1024 procudendas.’‘

992 1037 1065 1066 Ver.
1099 1040 1168 1066 141.
1388 1042 1429 1065 Π.
1458 1042 1559 1075 spreta
1617 1036 1669 1066 Ob

947 1088 1225 1118 commutationem
1240 1098 1320 1123 eam,
1337 1087 1375 1117 de
1386 1085 1448 1127 qua
1466 1086 1506 1116 ad
1520 1086 1551 1117 ii.
1569 1090 1597 1117 2.
1614 1086 1671 1117 de-

947 1140 993 1170 dit
1009 1140 1137 1169 fortasse
1154 1145 1270 1169 noster:

1208 1041 1326 1075 sperata
1336 1050 1345 1065 :

980 1200 1027 1223 Sed
1041 1202 1087 1223 tua
1098 1207 1143 1223 me
1153 1199 1237 1223 virtus
1248 1203 1350 1228 tamen,
1363 1201 1390 1223 et
1400 1201 1508 1230 spectata
1520 1198 1644 1231 voluptas

979 1238 1068 1261 Suavis
1079 1238 1205 1262 :imicitiae
1215 1245 1222 1261 :

948 1295 1022 1315 nam
1037 1286 1133 1315 satius
1148 1285 1269 1315 videtur
1281 1286 1433 1323 arbitrari,
1454 1286 1626 1326 voluptates
1639 1297 1675 1317 a·

948 1337 1085 1374 micitiae,
1101 1337 1155 1367 diu
1168 1337 1398 1377 jucundissimo
1409 1337 1596 1367 commercio
1604 1348 1677 1377 per-

949 1396 1061 1428 ceptas,
1077 1389 1236 1428 impulisse
1245 1389 1284 1420 ad
1295 1391 1351 1419 has
1366 1389 1486 1429 vigilias
1496 1390 1676 1427 laboriosas,

950 1453 1045 1482 quam
1061 1443 1248 1482 gaudiorum
1264 1442 1443 1472 futm'orum
1459 1453 1562 1482 spem3
1587 1444 1679 1483 quasi

947 1494 1087 1525 diffidere
1102 1500 1204 1533 posset
1225 1494 1317 1524 amici
1341 1493 1389 1524 sui
1412 1494 1516 1524 studio
1541 1505 1576 1524 ac
1602 1504 1676 1525 con-

948 1547 1080 1583 stantiae,
1097 1546 1157 1575 nisi
1172 1545 1303 1576 ulterius
1318 1555 1458 1575 amorem
1473 1545 1540 1585 ejus
1562 1555 1675 1575 cumu-

947 1597 1017 1627 latis
1034 1598 1126 1627 officii
1149 1597 1345 1633 testimoniis,
1362 1602 1456 1636 atque
1479 1596 1523 1626 eis
1548 1596 1678 1637 quidem

948 1650 1142 1687 aerumnosis,
1158 1648 1377 1679 demereretur.
1417 1648 1581 1688 Virgilius,
1598 1649 1679 1679 ΖΕΗ.

949 1703 988 1733 vi.
1005 1706 1078 1734 687.

976 1762 1076 1787 Venisti
1087 1762 1213 1786 tandem?
1231 1764 1342 1791 tuaque,
1354 1763 1461 1792 spectata
1473 1759 1587 1791 parenti,

978 1801 1047 1825 Vicit
1057 1801 1108 1825 iter
1119 1802 1217 1825 durum
1230 1800 1313 1832 pietas
1322 1801 1330 1824 ἓ

950 1858 1133 1889 Decernant
1147 1863 1253 1887 autem
1268 1866 1324 1895 pro
1348 1855 1473 1886 arbitrio
1496 1854 1535 1885 de
1561 1856 1618 1885 hac
1644 1865 1676 1884 e·-

949 1910 1149 1940 mendatione
1163 1909 1294 1938 lectores
1309 1907 1401 1937 lauti:
1429 1907 1539 1937 saltem
1549 1905 1678 1937 aemula-

949 1968 1001 1992 tur
1023 1961 1107 1991 idem
1127 1971 1270 1990 summus
1295 1966 1378 1990 vates
1399 1961 1485 1989 hunc
1507 1959 1614 1990 locum
1637 1958 1678 1989 ad

951 2013 1025 2042 AEn.
1042 2012 1104 2042 w‘ii.
1127 2015 1195 2042 150.

981 2078 1027 2102 Sed
1038 2082 1082 2102 tua
1094 2085 1140 2102 me
1151 2077 1250 2107 virtus,
1261 2080 1307 2101 tua
1319 2076 1394 2101 terris
1405 2076 1487 2100 didita
1499 2075 1582 2106 fama,

981 2117 1149 2148 cognatique
1159 2121 1256 2148 patreS,
1268 2120 1295 2141 et
1303 2119 1396 2140 sancta
1407 2115 1513 2140 oracula
1523 2115 1627 2145 divom,

981 2159 1154 2189 conjunxere
1165 2157 1228 2181 tibi:

950 2213 990 2244 ad
1004 2224 1098 2254 quam
1114 2223 1257 2243 normam
1273 2210 1417 2242 credibile
1432 2217 1488 2249 est,
1506 2211 1553 2241 vel
1567 2221 1605 2241 ex
1617 2211 1678 2241 hoc

950 2264 1089 2295 Lucretii
1103 2264 1182 2302 loco,
1195 2274 1300 2293 versus
1311 2263 1386 2293 istos
1395 2262 1589 2303 castigandos
1601 2272 1677 2297 esse,

951 2324 1044 2358 atque
1066 2315 1269 2346 ordinandos:
1300 2315 1440 2344 conferas
1461 2314 1568 2352 velim,
1598 2314 1623 2344 si
1645 2320 1678 2344 te

951 2380 1014 2400 non
1030 2369 1144 2409 pigeat,
1160 2378 1264 2398 meam
1280 2366 1350 2397 Silv.
1370 2366 1444 2397 Crit.
1460 2366 1499 2397 iv·
1514 2376 1543 2404 p.
1562 2369 1633 2397 189.

995 2419 1075 2450 Ibid.
1101 2421 1237 2459 voluptas
1266 2420 1373 2448 Suavis
1395 2419 1551 2447 amice'tz'oe.
1598 2415 1677 2455 Epi-

951 2483 1027 2503 curo
1041 2472 1169 2510 scilicet,
1192 2478 1228 2501 ut
1242 2470 1276 2499 in
1292 2469 1449 2505 omnibus,
1465 2468 1660 2499 censentiens
1668 2479 1679 2504 ;

950 2526 989 2557 de
1015 2535 1077 2566 quo
1101 2524 1144 2553 sie
1169 2523 1331 2563 Diogenes
1353 2520 1511 2559 Laertius,
1541 2530 1569 2549 x.
1602 2522 1674 2549 148.

950 2581 1011 2609 ‘nv
1026 2579 1042 2611 ἡ
1059 2584 1144 2617 coquat
1160 2575 1417 2618 παζασκευαζεταε
1442 2586 1476 2607 εις
1504 2585 1554 2604 τῆν
1570 2583 1608 2601 τε
1622 2571 1677 2600 ὖλε

951 2635 999 2667 [31⁸
1013 2642 1234 2672 μακαριοτῆτα,
1259 2635 1336 2658 πολυ
1349 2638 1487 2666 μεγιστου
1502 2635 1575 2653 εστιν
1590 2623 1606 2654 ἦ
1623 2634 1674 2654 ’τῆς

950 2690 1047 2722 Φιλιας
1071 2694 1181 2714 κτῆσις.
1228 2680 1334 2715 Quam
1358 2689 1471 2717 γνωμκν
1494 2674 1537 2704 Sic
1562 2678 1675 2702 ornatu

950 2732 1118 2772 magnifico
1130 2742 1194 2761 suae
1204 2729 1350 2761 orationis
1361 2724 1540 2758 convestivit
1552 2724 1674 2761 Cicero,

952 2785 1052 2815 Acad.
1069 2784 1091 2814 i.
1110 2788 1158 2814 20.
1185 2786 1206 2801 “
1225 2782 1334 2812 Restat
1355 2779 1454 2815 loeus,
1477 2776 1551 2806 huic
1566 2775 1674 2814 dispu-

951 2840 972 2855 “
989 2836 1098 2866 tationi
1114 2835 1162 2865 vel
1177 2842 1324 2864 maxume
1345 2829 1546 2865 necessarius,
1569 2826 1609 2856 de
1627 2827 1673 2856 A-

951 2893 973 2909 “
989 2886 1205 2925 miciti53-de
1220 2882 1281 2926 qu&
1298 2884 1456 2923 Epicurus
1480 2879 1608 2922 quidem
1632 2878 1676 2908 ita
