1894 3253
169 233 261 275 368

663 227 722 274 T.
773 223 1156 272 LUCRETII

310 359 416 414 Quis
436 359 588 414 pariter
609 356 733 398 coelos
753 356 911 397 omneis
931 365 1187 406 convortere,
1220 366 1260 397 et
1280 359 1435 400 omneis

310 433 481 491 Ignibus
502 431 680 473 aetheriis
700 440 828 472 terras
849 430 999 472 subfire
1018 429 1184 471 feraceis
1191 448 1203 480 3

312 507 518 550 Omnibus
538 507 632 547 inve
651 506 749 547 locis
769 521 854 547 esse
874 505 988 546 omni
1009 513 1196 560 tempore
1215 514 1383 560 praesto,

307 582 499 624 Nubibus
519 591 565 623 ut
585 581 773 623 tenebras
792 581 929 630 faciat,
951 580 1123 635 coelique
1143 595 1286 621 serena

172 664 279 700 1100
312 657 535 699 Concutiat
555 657 716 698 sonitu?
747 665 836 698 tum
854 655 1026 698 fulmina
1045 656 1195 706 mittat,
1219 663 1259 697 et
1279 655 1402 696 aedeis

165 817 315 858 tinisque3
353 818 426 858 quia
455 828 493 848 ex
523 827 689 856 corporum
722 816 893 847 coelestium

164 869 406 900 circumactione
435 870 552 900 scilicet
576 871 718 910 temporis
747 880 895 900 mensura

162 927 288 959 petitur.

208 973 283 1003 Ver.
310 977 400 1005 1097.
423 980 540 1004 terras:
566 972 665 1003 Vind.
693 979 735 1003 Π.
758 979 895 1003 terra.—

163 1026 290 1067 sulfire:
319 1026 527 1066 H.szffcere;
552 1025 592 1055 V.
619 1024 667 1054 ed.
693 1025 812 1065 suffice·
841 1034 893 1053 vo-

164 1075 232 1105 lens
263 1076 404 1114 fortasse,
442 1078 576 1117 szffsse:
616 1076 701 1116 quod
729 1076 894 1112 arrisisset3

164 1128 275 1158 similis
300 1129 386 1159 enim
410 1134 589 1168 temporum
610 1128 741 1159 variatio
764 1127 892 1158 Maroni

162 1181 197 1210 in
213 1182 322 1221 primis
337 1181 462 1221 placuit.

208 1232 290 1262 Ibid.
313 1234 439 1274 sulgfire:
473 1233 492 1263 i.
517 1244 545 1263 e.
576 1242 735 1271 vaporare,
765 1232 812 1261 uti
839 1242 893 1270 per

163 1284 357 1323 aptissimam
373 1284 518 1313 omnium
533 1293 641 1312 vocem
654 1282 829 1311 Lambinus
845 1282 893 1310 in-

164 1340 349 1374 terpretatus
367 1340 426 1364 est:
454 1344 540 1370 nam,
568 1333 712 1371 exemplo
737 1343 818 1362 novo
834 1333 892 1361 hu-

161 1387 250 1427 jusce
265 1385 419 1421 dictionis,
446 1385 486 1414 ad
501 1384 719 1414 secundariam
734 1383 891 1423 significa„-

164 1438 285 1468 tionem
300 1443 405 1467 noster
419 1436 569 1474 provexit,
592 1441 629 1464 ut
649 1437 746 1464 lucem
763 1434 891 1463 denota-

164 1496 227 1527 ret3
249 1499 350 1530 quum
356 1488 480 1529 fumus,
496 1493 532 1517 ut
546 1486 732 1526 plurimum,
748 1486 781 1515 in
795 1487 892 1516 lucem

163 1547 261 1572 exeat.

209 1594 290 1624 Ibid.
311 1601 409 1625 terras
421 1594 575 1635 feraceis:
601 1592 620 1622 i.
637 1602 662 1622 e.
689 1591 798 1630 almas,
827 1591 893 1621 fru-

164 1647 344 1689 giferentes,
360 1653 396 1677 ut
411 1646 489 1676 olim
504 1646 543 1676 ad
558 1646 578 1676 i.
593 1649 623 1676 5.

207 1701 282 1730 Ver.
302 1702 392 1731 1098.
409 1701 493 1729 inve:
521 1705 563 1729 Π.
582 1701 663 1733 πίω,-
690 1696 785 1727 Vind.
803 1697 843 1732 Q.
859 1701 894 1726 Δ.

164 1755 266 1793 inque,
288 1758 324 1782 ut
339 1761 523 1782 communes
539 1750 703 1780 editiones:
732 1760 790 1779 nos
805 1748 896 1780 meli-

164 1815 257 1835 orum
283 1810 314 1834 et
336 1804 477 1843 plurium
501 1802 651 1832 librorum
675 1801 893 1831 auctoritatem

165 1857 254 1887 nullo
270 1862 359 1895 pacto
374 1855 475 1896 deque
497 1864 611 1894 susque
629 1852 806 1883 habendam
829 1862 894 1881 esse

165 1906 511 1938 existimavimus.--In
528 1910 689 1946 sequente,
705 1905 740 1935 P.
759 1904 799 1934 O.
819 1903 895 1933 dant

165 1967 205 1998 et,
222 1970 277 1999 pro
292 1967 336 1990 nl.

207 2012 283 2042 Ver.
303 2015 393 2043 1099.
412 2012 555 2041 Nubibus
573 2016 607 2040 nt
623 2011 760 2040 tenebras
768 2009 891 2049 faciat.-

164 2063 185 2093 i.
208 2073 236 2092 e.
265 2068 301 2092 ut
327 2062 366 2091 sit
395 2061 449 2091 ille
476 2061 659 2090 Homercus
689 2067 896 2100 νεφεληγερετα

166 2121 247 2152 Ζευς,
274 2114 313 2144 ll.
329 2121 363 2144 A.
381 2117 454 2144 511.
476 2119 599 2143 coactor
625 2111 704 2141 a'e'ris
720 2111 753 2140 in
769 2112 896 2148 nubem,

164 2173 200 2197 ut
216 2165 380 2205 Virgilius,
397 2166 472 2195 AEn.
488 2175 515 2194 V.
533 2168 583 2194 20.

210 2218 292 2249 Ibid.
307 2220 376 2249 caeli
389 2228 504 2248 serena.
543 2217 625 2246 Haec
640 2226 704 2246 non
720 2221 794 2245 sunt
809 2224 892 2244 acer-

164 2271 235 2302 bius
265 2270 430 2311 exigenda,
460 2269 548 2309 quasi
577 2269 668 2308 po'eta
693 2267 732 2297 de
763 2266 898 2297 fulmine

165 2329 345 2362 portentoso
359 2321 550 2362 loqueretur,
571 2320 655 2360 quod
670 2319 748 2350 coelo
762 2318 897 2348 nubium

165 2386 246 2415 puro
268 2374 434 2416 aliquoties
458 2373 505 2403 fit:
533 2372 665 2411 accipies
684 2371 788 2411 potius
805 2384 837 2402 τα
851 2381 896 2400 se·

164 2439 253 2466 rena,
268 2434 305 2457 ut
319 2427 479 2466 epitheton
490 2430 689 2464 perpetuum,
705 2423 745 2453 ad
760 2422 897 2453 Homeri

166 2494 258 2522 spoevov
274 2492 460 2521 oecnpoewra:
486 2488 562 2508 nam
585 2479 690 2508 coelum
715 2486 837 2515 Semper
851 2481 897 2505 est

165 2544 304 2563 serenum
321 2538 351 2561 et
373 2533 525 2562 stellatum
540 2540 595 2569 per
616 2540 665 2567 se3
688 2529 742 2559 sed
759 2527 895 2558 homini-

164 2584 223 2613 bus
239 2594 296 2613 nec
311 2594 449 2614 serenum
466 2592 524 2612 nec
539 2583 703 2618 stellatum,
719 2580 744 2609 si
761 2579 897 2609 nubibus

165 2635 307 2666 obductis
322 2637 360 2666 ab
375 2635 540 2666 oculorum
555 2634 674 2664 intuitu
688 2633 727 2663 sit
741 2632 892 2671 intercep-

164 2694 244 2718 tum.

208 2738 290 2768 Ibid.
306 2741 372 2769 coeli
388 2751 494 2770 serena
514 2741 674 2771 Concutiat
690 2739 800 2769 sonitu.
846 2736 894 2766 Si-

164 2789 281 2821 militer
296 2789 476 2830 Terentius,
500 2792 584 2822 Eun.
606 2790 650 2821 iii.
667 2793 695 2822 5.
719 2793 769 2819 42.
800 2798 894 2829 quem

166 2842 267 2872 Faber
282 2843 455 2880 occupavit:

166 2921 169 2934 1
198 2916 232 2940 At
245 2920 324 2946 quem
336 2915 434 2940 deum?
453 2916 499 2947 qui
514 2917 606 2948 templa
624 2916 678 2942 coeli
690 2922 796 2942 summa
812 2915 894 2941 sonitu

322 2958 437 2983 concutit.

982 815 1054 846 Ver.
1073 819 1166 846 1100.
1180 821 1263 846 tum.-
1286 815 1324 845 P.
1343 814 1384 845 O.
1400 826 1481 853 cum,
1499 814 1547 845 vel
1562 825 1674 855 quanm

937 867 1022 909 quod
1037 878 1075 898 ex
1091 867 1269 907 conjectura
1287 867 1505 906 reponendum
1522 878 1587 897 esse
1602 867 1670 897 ani-

938 930 992 949 mo
1018 929 1089 949 meo
1111 918 1439 959 dixeram—fulmina
1449 933 1458 949 :
1487 919 1526 949 O.
1545 926 1585 949 Π.
1597 921 1669 960 flu-

938 973 1022 1001 mina
1030 987 1040 1006 ,·
1065 970 1112 1000 uti
1137 969 1253 1009 passim
1277 971 1311 999 in
1326 970 1375 999 his
1400 970 1527 1000 vocibus
1553 969 1671 1000 librarii

938 1024 1076 1053 turbant.

982 1075 1056 1104 Ver.
1074 1076 1167 1104 1101.
1194 1075 1281 1113 Ipse:
1316 1074 1397 1104 hanc
1422 1073 1599 1110 lectionem,
1630 1073 1671 1105 ad

936 1126 1171 1156 usitatissimam
1188 1125 1309 1155 Latinis
1323 1125 1425 1164 poe'tis
1445 1125 1616 1156 formulam
1638 1131 1670 1156 et

937 1177 1124 1218 elegantem,
1142 1187 1180 1207 ex
1196 1177 1361 1207 Lactantio
1375 1176 1507 1212 restitui,
1531 1177 1586 1217 qui
1601 1177 1670 1207 lau-

936 1230 990 1260 dat
1015 1231 1072 1260 hos
1098 1240 1203 1260 versus
1229 1229 1269 1259 ad
1295 1229 1355 1259 div.
1370 1229 1453 1259 instt.
1472 1229 1516 1260 iii.
1537 1232 1584 1261 17.
1605 1229 1673 1259 vice

939 1293 976 1310 τε
991 1283 1075 1319 Soepe
1090 1281 1236 1310 omnium
1251 1281 1417 1318 librorum,
1440 1281 1515 1311 huic
1530 1281 1600 1311 loco
1615 1290 1673 1311 ne-

937 1342 998 1372 que
1014 1332 1152 1361 multum
1164 1333 1238 1370 apti,
1256 1339 1349 1372 atque
1365 1333 1540 1363 admodum
1551 1333 1671 1373 frigen-

939 1383 987 1412 tis.
1030 1383 1104 1412 Non
1121 1382 1210 1412 aliter
1226 1384 1273 1413 M.
1291 1383 1428 1421 Tullius,
1444 1384 1477 1413 in
1493 1384 1561 1423 ejus
1576 1384 1671 1414 versi-

936 1435 995 1463 bus
1011 1434 1127 1463 ibidem
1143 1434 1253 1471 citatis‚
1270 1444 1305 1463 ac
1321 1433 1425 1473 dignis
1440 1434 1589 1472 profecto,
1617 1435 1673 1475 qui

938 1496 1011 1516 cum
1027 1485 1178 1523 Lucretii,
1194 1485 1244 1515 vel
1257 1485 1394 1525 Virgilii,
1411 1485 1570 1526 quibusvis
1585 1496 1671 1516 com-

936 1543 1100 1577 parentur3
1124 1543 1156 1567 at
1171 1537 1278 1576 paullo
1294 1547 1383 1567 secus
1399 1537 1483 1576 apud
1498 1537 1602 1576 ipsum
1617 1538 1670 1568 Ci-

939 1600 1097 1627 ceronem,
1114 1589 1154 1619 de
1169 1589 1229 1619 div.
1245 1590 1264 1620 i.
1285 1593 1332 1619 12.
1348 1589 1379 1619 ii.
1397 1592 1446 1620 20.
1469 1589 1571 1619 lectis:

971 1671 1037 1694 Nam
1049 1673 1125 1701 pater
1136 1670 1292 1699 altitonam,
1307 1670 1424 1695 stellanti
1435 1669 1517 1694 nixus
1528 1669 1657 1701 Olympo,

970 1713 1024 1740 Ipse
1034 1716 1095 1733 suas
1105 1710 1188 1734 arceis
1200 1713 1283 1740 atque
1294 1709 1397 1734 incluta
1408 1709 1511 1741 templa
1522 1709 1630 1741 petivit,

970 1750 1003 1772 Et
1014 1748 1171 1780 Capitolinis
1181 1749 1272 1780 injecit
1282 1749 1387 1774 sedibus
1399 1749 1491 1781 igneis.

938 1834 1048 1872 Porro,
1064 1844 1152 1864 suas:
1180 1838 1224 1862 Π.
1240 1833 1394 1862 suos—iu
1418 1832 1503 1861 abest
1519 1829 1615 1860 Vind.
1633 1830 1671 1866 Q.
1699 1822 1703 1825 Δ

940 1892 975 1917 Δ.
993 1893 1033 1916 Π.
1052 1886 1294 1917 2.-recedens.·
1322 1883 1417 1913 Vind.
1438 1883 1476 1918 Q.
1494 1887 1529 1912 Δ.
1552 1888 1593 1912 Π.
1620 1883 1672 1912 de-

939 1939 1056 1968 cedens.

983 1989 1064 2019 Ibid.
1088 1991 1120 2019 in.
1138 1990 1266 2019 deserta.
1298 1986 1431 2016 Dictum
1443 1991 1489 2015 est
1503 1995 1557 2024 per
1572 1994 1668 2024 oppo-

940 2041 1087 2071 sitionem
1105 2039 1292 2080 praecedenti
1306 2040 1416 2069 aedeis:
1442 2047 1528 2067 nunc
1542 2037 1575 2066 in
1587 2038 1672 2067 urbi-

939 2095 1006 2132 bus,
1038 2104 1124 2124 nunc
1147 2093 1180 2123 in
1207 2094 1311 2132 sylvis,
1338 2090 1514 2130 promiscue
1537 2095 1567 2118 et
1582 2087 1671 2118 nulla

941 2155 1014 2175 cum
1030 2144 1235 2184 providentia,
1262 2153 1409 2173 exercens
1424 2141 1534 2171 telum.
1581 2140 1671 2171 Hinc

938 2196 1076 2235 Persius,
1092 2197 1123 2227 ii.
1141 2200 1190 2226 24.

1324 2278 1387 2296 cum
1399 2273 1481 2300 tonat,
1493 2277 1576 2301 ocyus
1586 2269 1640 2293 ilex

974 2313 1078 2338 sulfure
1087 2312 1229 2336 discutitur
1236 2318 1321 2340 sacro,
1328 2318 1409 2341 quam
1418 2314 1514 2341 tuque,
1521 2309 1675 2339 domusque:

941 2394 971 2419 et
994 2388 1158 2423 Horatius,
1176 2387 1225 2418 od.
1242 2388 1263 2417 i.
1284 2391 1332 2417 12².
1348 2387 1424 2417 fine:

1048 2468 1105 2497 Tu,
1115 2475 1211 2499 parum
1225 2467 1303 2491 castis
1313 2467 1422 2491 ‘mimica
1432 2465 1505 2496 luch,

1128 2507 1244 2531 Fulmina
1255 2507 1357 2531 mittes.

942 2580 1050 2610 Etiam
1067 2579 1202 2610 Ovidius
1217 2578 1367 2618 apposite,
1383 2587 1479 2607 amor.
1494 2576 1537 2606 iii.
1553 2579 1583 2606 5.
1598 2577 1649 2606 55.

1000 2664 1105 2696 Jupiter
1114 2663 1171 2695 igne
1181 2670 1229 2687 suo
1240 2662 1308 2687 lucos
1313 2661 1460 2695 jaculatur,
1471 2664 1499 2685 et
1510 2667 1588 2684 arces.

981 2739 1056 2769 Ver.
1085 2742 1176 2769 1102.
1199 2740 1296 2778 quod:
1325 2737 1361 2767 P.
1392 2736 1433 2766 V.
1458 2734 1505 2765 ed.
1531 2742 1605 2772 quo;
1629 2729 1669 2760 ad

939 2801 1047 2821 meum
1059 2796 1188 2831 gustum
1198 2784 1575 2829 elegantius—nocenteis
1585 2781 1670 2812 deest

941 2850 1066 2924 HIbid.
1084 2896 1193 2925 telum.-
1220 2898 1256 2924 ut
1279 2889 1437 2930 Virgilius
1464 2887 1504 2918 de
1517 2885 1668 2927 fulmine,

939 2956 1006 2986 geo.
1022 2945 1043 2976 i.
1061 2949 1132 2975 559.

1822 3077 1860 3253 mhi-ase
1835 3054 1848 3070 ,ε
1838 2988 1848 3046 Ν.
1846 2963 1847 2966 „

1870 3153 1875 3253 l
