1894 3253
543 265 777 315 LIBER
826 264 1246 314 SECUNDUS.

1542 272 1569 310 ιθ

1580 273 1595 310 μ-ι

1607 272 1635 310 <a

281 400 470 455 Corpora
490 399 716 454 pervideas,
740 399 1014 448 reminiscere,
1037 397 1160 439 totius
1181 397 1311 437 imum

194 478 249 515 90
281 474 395 515 Nihil
417 489 501 515 esse
520 475 564 515 in
586 473 763 524 summa,
796 487 930 528 neque
949 471 1116 521 habere,
1139 471 1209 512 ubi
1232 485 1408 526 corpora
1426 470 1560 526 prima

283 549 535 590 Consistant:
568 549 763 605 quoniam
785 548 961 603 spatium
982 547 1069 587 sine
1088 546 1172 587 fine
1192 546 1399 602 modoque
1419 553 1494 595 est,

286 623 605 679 Inmensumque
623 631 764 678 patere
784 624 827 663 in
849 629 1016 663 cunctas
1036 620 1220 676 undique
1240 620 1392 675 parteis

285 697 475 738 Pluribus
495 697 700 743 obtendit5
732 696 842 738 certa
864 704 905 738 et
923 696 1084 737 ratione
1102 694 1325 750 probatum
1347 702 1418 736 est.

341 771 469 820 Quod
488 772 685 827 quoniam
706 779 881 822 constat,
903 771 1101 811 nimirum
1121 769 1234 811 nulla
1253 769 1367 825 quies
1387 777 1447 810 est

172 928 244 952 Inter
254 933 282 952 se
291 926 404 951 strident.
416 927 590 951 mucronibus
600 934 606 950 ε
625 927 708 951 instat
717 927 845 958 utrinque

171 968 259 992 Densa
285 966 365 996 acies,
392 965 544 997 mixtusque
566 966 625 990 fluit
650 973 714 990 cum
741 966 870 997 sanguine

265 1005 355 1029 sudor.

145 1080 265 1121 Vulg0,
280 1083 398 1116 minis,-
422 1080 476 1110 sed
490 1083 618 1118 strictis,
630 1091 695 1111 non
711 1081 777 1111 sine
794 1082 871 1112 Mu-

143 1133 184 1163 sis
199 1133 296 1171 irafis,
314 1131 504 1162 XVernsdorf
513 1132 643 1163 volebat.
692 1133 781 1163 Hinc
805 1143 873 1163 me-

146 1184 285 1215 dicinam
310 1184 433 1214 Lucani
460 1184 526 1214 loco
551 1184 676 1222 faciam,
700 1184 875 1224 figurarum

145 1236 330 1266 confusione
356 1236 529 1266 miserrime
559 1235 682 1274 affecto,
710 1236 819 1266 Phars.
847 1247 873 1266 v.

150 1291 220 1318 118.

341 1361 440 1392 quippe
449 1360 560 1385 stimulo
562 1360 694 1391 flictuque
706 1360 803 1385 furoris

176 1401 328 1432 Compages
339 1400 458 1424 humana
470 1400 556 1430 labam
574 1400 718 1431 pulsusque
728 1401 843 1425 deorum

177 1441 344 1464 Concutiunt
356 1440 462 1473 fragiles
470 1441 582 1464 animas.

148 1504 262 1544 Imago
277 1510 324 1534 est
345 1505 418 1544 equi
433 1514 507 1534 cum
521 1504 664 1542 domino,
690 1506 822 1537 stimulis
849 1510 880 1535 et

146 1558 317 1587 verberibus
333 1567 400 1586 rem
411 1563 548 1596 gerente,
559 1556 775 1587 conflictantis.
795 1556 878 1586 Vul-

149 1618 200 1648 go,
205 1610 321 1649 fluctu.
368 1609 419 1638 Sic
435 1611 576 1650 infligere
587 1611 713 1649 plagam
731 1610 881 1639 usitatum

150 1666 211 1697 est;
236 1666 266 1690 et
282 1660 456 1700 Virgilium
472 1660 644 1699 exprimere
659 1660 758 1691 voluit
777 1661 880 1692 Luca·

152 1722 221 1748 nus,
238 1712 277 1742 ad
295 1712 370 1742 AEn.
391 1713 430 1742 vi.
451 1716 519 1743 101.

168 1802 539 1808 --..—..-——
550 1790 584 1812 Ea
587 1789 668 1820 frena
679 1789 782 1813 furenti

169 1829 310 1857 concutit,
318 1832 346 1853 et
357 1828 469 1852 stimulos
476 1828 524 1851 sub
537 1832 647 1859 pectore
656 1829 749 1858 vertit,
760 1828 866 1859 Apollo.

158 1893 237 1922 Mox
252 1893 316 1932 ipse
328 1893 486 1928 Lucanus,
502 1902 563 1922 ver.
582 1895 651 1923 174.

190 1964 291 1987 {ratum
304 1966 342 1992 te,
353 1962 464 1992 Phoebe,
475 1962 579 1987 ferens:
597 1969 647 1988 nec
658 1962 765 1987 verbere
775 1962 832 1988 solo

192 2002 290 2031 Uteris,
302 2006 329 2026 et
339 2001 456 2026 stimulis.

202 2060 283 2090 Ibid.
298 2062 438 2091 divorsa:
457 2061 476 2090 i.
488 2071 513 2090 e.
530 2071 562 2090 se
573 2060 766 2091 divertentia,
789 2059 887 2090 Verbi

161 2121 274 2150 nempe
290 2111 490 2150 participium
507 2118 563 2149 est,
579 2121 653 2141 cum
668 2111 780 2141 mediae
799 2111 886 2140 Grae-

160 2173 270 2193 corum
295 2163 379 2193 vocis
401 2168 559 2202 potestate.
605 2163 673 2192 Nos
688 2162 763 2193 alibi
777 2162 816 2193 de
830 2163 888 2192 hac

162 2224 204 2244 re.

204 2266 278 2296 Ver.
295 2271 345 2298 86.
370 2269 538 2298 Dissiliunt
547 2281 556 2297 .·
585 2274 625 2298 Π.
650 2269 823 2303 Disiliant;
851 2268 888 2298 B.

164 2316 201 2346 L.
219 2317 265 2347 M.
289 2320 483 2354 Dissolvcznt;
503 2326 534 2350 et
547 2320 599 2349 vix
614 2320 716 2349 ausim
732 2320 893 2358 damnare3

167 2367 200 2396 in
215 2373 338 2398 tantum
354 2380 413 2399 usu
427 2372 593 2400 verborum
609 2371 751 2401 absoluto
774 2372 892 2402 Lucre-

165 2419 228 2449 tius
250 2419 432 2451 delectatur:
459 2422 513 2451 scd
536 2423 696 2463 vulgatam
725 2423 893 2454 lectionem

166 2471 340 2511 pra-feram.
386 2473 469 2503 Vide
484 2473 524 2503 ad
539 2474 577 2504 iv.
601 2479 672 2506 609.

214 2525 287 2554 Ver.
313 2528 364 2555 87.
387 2536 498 2565 neque:
527 2532 567 2556 11.
590 2534 780 2566 nea—tergo
807 2529 890 2558 ibus:

167 2586 277 2606 omnes
292 2576 373 2614 libri,
398 2583 429 2606 et
445 2577 541 2607 MSS.
564 2584 595 2607 et
611 2578 686 2608 editi
702 2579 895 2617 vetustiores,

169 2639 235 2658 uno
251 2638 304 2658 ore
319 2628 396 2658 dant
404 2630 549 2668 tergibus,
562 2631 649 2670 quasi
660 2633 769 2670 tergis:
788 2631 826 2661 de
837 2631 899 2671 qua

170 2682 254 2712 verbi
269 2682 371 2712 forma
386 2693 485 2722 quum
502 2683 580 2712 nibil
595 2684 744 2723 explorati
755 2686 898 2722 habeam,

170 2733 218 2763 vel
233 2733 317 2773 apud
333 2734 510 2764 Latinitatis
537 2734 693 2775 reliquias,
718 2736 766 2766 vel
793 2747 897 2776 gram-

171 2785 300 2816 maticos
315 2786 460 2826 antiquos
474 2795 642 2825 repertum,
666 2797 730 2817 non
755 2787 900 2818 dubitan-

172 2834 250 2865 dum
265 2838 370 2876 putavi
395 2838 434 2868 de
460 2837 649 2868 admissione
669 2839 702 2868 in
719 2845 901 2868 contextum

173 2887 327 2925 praeclarae
342 2889 428 2919 illius
437 2889 676 2928 emendationis,
689 2901 784 2931 quam
798 2890 903 2921 Vos-sii

175 2936 304 2977 ingenio
319 2940 488 2982 Preigerus
502 2942 624 2973 tribuit:
652 2941 794 2981 quamvis
818 2941 903 2972 enim

220 2997 272 3027 Vo
281 3009 309 3029 L.
328 2999 342 3028 Ι
347 3023 353 3030 .

911 926 991 958 illud
1017 928 1095 964 ibus,
1121 926 1170 956 vel
1193 927 1293 964 bibus,
1322 936 1378 965 pro
1402 927 1442 957 iis
1467 924 1515 956 vel
1530 927 1587 961 his,
1613 924 1647 954 in

914 979 1016 1019 prima
1044 979 1160 1019 syllaba
1193 980 1306 1018 saepius
1335 978 1466 1018 produci
1495 977 1647 1016 videatur,

915 1031 1134 1072 quantitatem,
1152 1041 1248 1072 quam
1264 1031 1403 1061 Lucretii
1418 1041 1524 1061 versus
1539 1036 1646 1069 postu·

916 1084 969 1120 lat,
986 1089 1067 1114 certe
1082 1084 1175 1113 habet
1190 1083 1223 1113 in
1241 1083 1346 1113 Plaut.
1364 1082 1447 1113 Rud.
1463 1082 1539 1121 prol.
1557 1085 1606 1112 73.

935 1175 1012 1197 Nunc
1023 1173 1105 1197 ambo
1115 1172 1134 1196 ii
1145 1173 1171 1197 in
1183 1179 1260 1202 saxo,
1272 1172 1334 1197 leno
1346 1176 1428 1203 atque
1439 1173 1544 1203 hospes,
1555 1171 1635 1196 simul

935 1212 1034 1236 Sedent
1045 1212 1138 1242 ejecti:
1157 1212 1231 1235 navis
1242 1211 1383 1236 confracta
1394 1215 1433 1236 est
1445 1211 1510 1235 ibus.

921 1284 972 1315 Sic
994 1284 1123 1315 fortasse
1146 1283 1380 1324 castigandum:
1407 1283 1541 1324 vulgatis
1567 1285 1655 1315 abest
1689 1302 1691 1305 ·

920 1338 954 1366 ii.
989 1336 1089 1375 Super
1118 1336 1168 1366 his
1189 1342 1297 1366 autem
1326 1335 1455 1366 vetustis
1485 1335 1654 1367 nominum

920 1391 1205 1428 terminationibus,
1219 1390 1388 1431 Preigerus
1404 1391 1502 1424 dibus,
1514 1399 1570 1428 pro
1581 1391 1656 1424 diis,

921 1448 952 1471 et
969 1443 1092 1483 filibus,
1131 1452 1188 1480 pro
1206 1443 1302 1484 filiis,
1335 1452 1372 1472 ex
1398 1441 1658 1480 inscriptionibus

926 1493 1124 1523 Gruter-ianis
1138 1493 1260 1530 attulit3
1285 1499 1315 1524 et
1332 1493 1488 1531 consulas,
1506 1492 1531 1522 si
1546 1492 1656 1530 libeat,

926 1544 1115 1583 Sosipatrem
1133 1544 1325 1582 charisium,
1352 1544 1436 1574 instt.
1464 1554 1563 1583 gram.
1590 1543 1609 1573 i.
1626 1553 1656 1582 p.

924 1599 975 1626 59.
999 1605 1073 1625 cum
1090 1595 1263 1630 Prisciano,
1279 1595 1331 1626 lib.
1350 1595 1415 1624 xiii.
1431 1605 1459 1633 p.
1476 1598 1549 1626 961.
1567 1594 1659 1631 Cato,

925 1645 963 1676 de
985 1656 1018 1675 re
1033 1652 1108 1676 rust.
1125 1652 1196 1676 sect.
1213 1646 1332 1676 cii.--“
1347 1647 1439 1676 eabus
1454 1645 1549 1675 latera
1566 1644 1659 1675 doliis

930 1701 950 1715 “
967 1696 1154 1727 intrinsecus
1170 1708 1268 1737 usque
1283 1699 1363 1728 bene
1386 1697 1581 1737 perfricato.”
1606 1697 1659 1727 De

930 1755 1035 1779 nostro
1050 1751 1128 1786 ibus,
1145 1749 1171 1778 si
1189 1748 1332 1779 Nonium
1342 1749 1497 1787 consulas,
1514 1748 1660 1787 exempla

927 1801 991 1831 alia
1019 1801 1160 1831 invenies
1199 1811 1237 1830 ex
1274 1801 1430 1838 Titinnio,
1469 1801 1660 1840 Pomponio,

928 1853 1121 1894 Plautoque;
1144 1853 1258 1894 quibus
1280 1853 1323 1883 sic
1338 1853 1487 1892 praefatur
1501 1863 1660 1894 gramma-

929 1906 1020 1936 ticus:
1058 1909 1079 1925 “
1096 1907 1182 1943 Ibus,
1213 1916 1269 1944 pro
1298 1908 1350 1944 iis,
1378 1906 1483 1937 minus
1509 1906 1664 1936 Latinum

930 1961 953 1977 “
968 1963 1057 1997 putat
1071 1957 1277 1995 consuetude,
1293 1968 1367 1989 cum
1378 1964 1519 1988 veterum
1529 1957 1663 1988 auctori-

934 2014 956 2029 “
974 2016 1036 2040 tate
1050 2010 1225 2049 plurimum
1240 2009 1382 2040 valeat:'’
1405 2010 1467 2040 viii.
1485 2013 1534 2040 21.

977 2063 1052 2092 Ver.
1081 2067 1131 2093 90.
1153 2073 1248 2103 neque
1274 2063 1398 2093 habere.-
1426 2062 1446 2092 i.
1469 2072 1497 2091 e.
1522 2065 1545 2080 “
1562 2072 1665 2102 neque

934 2119 953 2133 “
969 2124 1039 2146 eam
1055 2124 1216 2145 summam
1230 2115 1355 2152 habere,
1373 2114 1425 2144 ubi
1443 2124 1573 2153 corpora
1589 2124 1666 2143 con-

933 2170 955 2185 “
972 2166 1216 2204 sistant.”—Et,
1232 2166 1299 2196 vice
1313 2167 1380 2202 ubi,
1399 2171 1439 2196 Π.
1455 2167 1520 2196 tibi.

975 2218 1051 2248 Ver.
1065 2221 1114 2249 95.
1131 2219 1276 2254 obtendit,
1290 2217 1338 2247 vel
1349 2218 1478 2247 ostendit
1487 2231 1498 2246 .·
1516 2216 1559 2246 sic
1571 2215 1668 2245 ¹(ind.

934 2270 974 2301 V.
990 2270 1038 2301 ed.
1056 2270 1096 2300 O.
1114 2275 1147 2302 Σ.
1172 2277 1216 2300 Ω.
1243 2269 1262 2299 i.
1288 2279 1314 2300 e.
1340 2269 1470 2299 ostendit
1494 2282 1527 2297 tro
1545 2274 1666 2306 patere,-

937 2322 1023 2363 quod
1036 2321 1139 2352 multo
1150 2320 1253 2361 magis
1264 2319 1433 2359 poeticum,
1447 2325 1478 2349 et
1488 2319 1669 2349 Lucretiani

935 2374 1045 2405 moris:
1072 2372 1183 2412 reliqui
1198 2372 1276 2402 dant
1291 2369 1546 2402 ostenda—cerui
1562 2376 1607 2400 et:
1627 2370 1670 2398 ita

937 2425 974 2455 P.
992 2423 1086 2454 vind.
1106 2423 1145 2453 V.
1161 2423 1208 2453 ed.
1225 2422 1345 2462 Vulgo,
1370 2429 1399 2453 et
1415 2420 1506 2452 certc‘i.
1551 2421 1672 2450 Versus

936 2475 1058 2515 integer
1072 2475 1157 2505 abest
1174 2481 1214 2504 Π.
1236 2480 1330 2514 atque
1345 2473 1379 2503 in
1396 2473 1494 2504 Vind.
1513 2479 1557 2503 Ω.
1574 2471 1671 2501 literis

937 2527 1038 2557 rubris
1067 2525 1226 2562 scribitur-3
1266 2525 1299 2555 in
1339 2526 1398 2554 hoc
1431 2524 1526 2554 etiam
1552 2523 1671 2553 diversa

940 2576 1042 2608 forma
1056 2577 1230 2607 literarum.
1278 2576 1330 2607 De
1344 2575 1555 2613 Havercampi
1571 2575 1671 2604 meni-

940 2634 1046 2663 branis
1061 2643 1172 2672 pamm
1187 2632 1295 2672 liquet.
1319 2630 1437 2660 Videas
1448 2635 1555 2659 autem
1570 2628 1673 2659 simile

943 2685 1084 2724 regimen
1101 2684 1194 2721 infra,
1212 2683 1252 2712 ad
1267 2683 1305 2712 iv.
1322 2686 1394 2713 769.

946 2737 1114 2773 Caeterum,
1139 2735 1223 2776 quod
1246 2735 1331 2774 prius
1347 2734 1506 2766 monitum
1521 2733 1671 2772 oportuit,

942 2793 977 2817 ut
1007 2787 1236 2826 nobismetipsis
1264 2796 1320 2825 per
1349 2786 1459 2815 omnia
1483 2792 1673 2821 constemus,

944 2840 1087 2877 obtendit,
1105 2849 1168 2868 uon
1184 2840 1324 2876 ostendit,
1341 2838 1375 2868 in
1390 2839 1448 2868 hac
1457 2848 1531 2868 voce
1543 2837 1675 2867 scribere

946 2890 1090 2919 solemus.
1138 2889 1220 2919 Nam
1247 2895 1374 2930 etymon
1404 2890 1488 2920 vocis
1514 2889 1553 2918 ad
1583 2899 1614 2918 os
1644 2894 1674 2915 et

947 2944 1035 2972 tendo
1053 2942 1119 2971 <ine
1136 2941 1244 2972 caussa
1258 2941 1405 2973 nonnulli
1416 2947 1527 2981 putant
1540 2939 1673 2969 rest-ren-

916 3002 942 3031 P
