1894 3253
640 247 876 297 LIBER
931 246 1240 296 PRIMUS.

331 380 497 424 Incerto
517 382 665 438 spati0,
688 389 812 438 atque
833 380 974 423 alienis
993 381 1180 436 partibus
1201 380 1317 423 anni:

333 457 502 513 Quippe
519 457 592 499 ubi
613 457 727 499 nulla
747 456 884 497 forent
903 456 1146 510 primordia,
1168 470 1261 513 quae
1281 454 1448 513 genitali

332 531 522 574 Concilio
542 540 710 588 possent
731 530 862 572 arceri
883 538 1068 585 tempore
1088 532 1245 587 iniquo.

222 610 300 647 185

391 606 480 647 Nec
500 620 628 661 porro
648 603 852 661 augendis
873 603 995 644 rebus
1016 605 1147 659 spatio
1167 604 1273 645 foret
1294 620 1390 646 usus

333 681 509 722 Seminis
529 680 584 722 ad
604 680 778 729 coitum,
800 693 824 719 e
843 677 972 719 nihilo
994 678 1027 719 si
1048 693 1228 720 crescere
1247 686 1426 734 possent.

189 838 337 869 Luminis
358 846 428 868 oras
452 836 500 866 bis
515 835 668 876 reperitur
689 835 722 866 in
738 833 925 875 fragmentis

188 889 301 927 Ennii3
319 899 377 920 nec
391 889 513 927 dubito,
528 889 605 929 quin
621 899 730 919 versus
745 887 830 927 apud
846 886 923 917 Phi-

188 940 361 982 largyrium
376 941 416 971 ad
430 940 520 982 Virg.
533 951 602 981 ge0.
618 940 659 971 iv.
671 944 722 973 59.
738 939 781 970 sic
791 938 854 980 legi
869 937 923 968 de·

190 995 275 1025 beat:

252 1071 417 1096 Transnavit
427 1071 481 1096 cita
492 1078 540 1103 per
549 1074 647 1096 teneras
657 1069 776 1102 caliginis
787 1076 858 1093 oras.-

191 1138 323 1169 tmzeras,
340 1130 434 1161 facile
458 1129 614 1167 cedentes,
632 1138 732 1169 quum
747 1126 864 1156 terreni
880 1125 928 1155 ni-

192 1184 238 1215 hil
250 1185 392 1214 obstaret.
432 1182 585 1212 Conferas
596 1191 660 1210 ver.
676 1183 747 1210 208.
760 1185 791 1208 et
802 1177 840 1208 vi.
855 1180 926 1208 765.

192 1236 331 1268 Poenitet
346 1244 399 1264 me
413 1233 574 1274 reliquisse
586 1242 680 1262 auras
696 1229 736 1260 ad
746 1229 838 1269 Virg.
856 1237 925 1269 geo.

191 1288 226 1319 ii.
242 1292 295 1320 47.

192 1342 305 1382 Neque
332 1341 565 1371 inobservatum
591 1337 701 1368 habuit
716 1338 802 1366 hunc
820 1335 929 1365 locum

190 1399 222 1424 et
235 1392 311 1424 alibi
326 1393 490 1433 Virgssim,
508 1397 544 1422 ut
561 1390 731 1431 Preigerus
747 1388 844 1419 etiam
861 1397 930 1416 mo·

189 1445 276 1483 nuit;
293 1444 333 1475 ad
347 1454 416 1485 geo,
432 1443 462 1474 ii.
478 1447 551 1473 552.
567 1442 702 1478 scilicet;

255 1517 341 1547 Inque
353 1522 437 1540 novos
449 1515 515 1539 soles
526 1514 628 1538 audent
639 1519 667 1537 se
679 1510 801 1543 gramina
812 1512 865 1534 tuto

254 1565 386 1590 Credere:

192 1632 295 1664 neque
312 1635 345 1653 tro
359 1633 447 1653 novos
462 1623 535 1652 soles
547 1620 661 1650 inscita
680 1626 728 1650 est
744 1619 928 1657 interpreta-

192 1676 239 1705 tio
264 1673 462 1705 Lucretianae
484 1674 643 1712 phraseos,
667 1682 765 1713 quam
790 1676 930 1708 tuemur,

192 1728 322 1757 luminis
336 1736 423 1756 oras:
442 1735 518 1755 nam
530 1730 634 1754 totum
649 1733 777 1753 versum
791 1733 810 1752 a
825 1727 933 1752 nostro

194 1779 332 1811 colorem
348 1789 444 1809 suum
459 1778 583 1809 duxisse
605 1777 680 1807 satis
694 1777 802 1816 liquet.

240 1831 322 1861 Ibid.
344 1841 392 1861 res
414 1836 534 1860 teneras
541 1843 550 1863 ;
581 1838 681 1868 quum
707 1833 846 1857 recenter
871 1826 934 1856 sint

197 1888 281 1912 natae
295 1881 422 1912 scilicet.

198 1933 302 1964 vernis
325 1932 451 1968 fetibus,
470 1930 648 1970 primulum
673 1929 802 1969 exortis,
817 1940 885 1971 geo.
901 1929 932 1962 ii.

203 1987 277 2015 345.

231 2046 286 2070 Nec
298 2052 336 2069 res
347 2044 420 2069 hunc
432 2047 525 2068 tenere
535 2046 644 2075 possent
654 2041 772 2074 perferre
783 2041 913 2067 laborem.

202 2094 293 2125 Hinc
308 2093 465 2133 suppetias
479 2092 579 2122 feram
595 2090 722 2132 egregio
736 2090 805 2121 loco
822 2090 936 2120 Avieni

202 2147 261 2177 sub
283 2146 375 2177 initio
395 2146 628 2185 phaenomenon
654 2144 859 2180 Arateorum;
884 2143 938 2173 sed

200 2197 340 2239 indignis
354 2196 457 2227 modis
466 2196 585 2234 habito,
596 2200 627 2225 et
638 2195 750 2225 affecto
760 2194 913 2225 nimium:

232 2272 284 2296 Iste
295 2271 409 2296 modum
421 2270 515 2295 statuit
525 2269 621 2301 signis3
639 2269 682 2293 hic
694 2268 766 2293 rebus
777 2268 910 2293 honorem

234 2310 356 2335 Infundit
366 2310 456 2334 teneris
464 2318 476 2339 ;
494 2310 564 2334 hicc'
579 2308 748 2334 interlabitur
758 2308 857 2332 aethrae

234 2350 350 2380 Viscera,
361 2354 388 2375 et
399 2354 516 2375 aeternos
527 2349 629 2374 animat
641 2348 789 2381 genitabilis
799 2353 887 2373 artus:

196 2412 224 2444 ἲ.
241 2423 266 2444 e.
286 2419 414 2443 renovat
435 2412 555 2443 telluris
576 2412 670 2450 fetus,
687 2418 718 2442 et
732 2412 844 2451 implet
865 2412 936 2451 pul-

206 2463 402 2501 chritudinis,
414 2463 510 2493 totius
525 2464 656 2494 Naturae
671 2464 779 2494 anima
793 2470 824 2494 et
839 2464 938 2503 impe-

206 2516 300 2546 rium.
359 2515 450 2545 Nihil
486 2515 619 2554 profecit
657 2515 762 2544 Grotii
799 2520 938 2546 conatus,

208 2568 331 2609 Vulgo:

591 2634 634 2658 hic
646 2634 724 2659 rebus
732 2634 863 2660 honorem

240 2676 374 2706 infundit,
385 2675 491 2700 tenebris
501 2675 544 2700 liic
557 2674 724 2699 interlabitur
735 2676 832 2700 aethrae

241 2716 358 2746 Viscera,
369 2719 397 2741 et
408 2719 525 2741 aeternos
538 2715 641 2739 animat
653 2715 801 2746 genitabilis
811 2720 893 2741 artus.

212 2775 306 2806 Idem
322 2786 397 2806 mox
413 2777 528 2807 viscera
544 2776 612 2806 coeli
627 2775 728 2805 habet.

254 2828 332 2859 Ver.
354 2831 423 2859 181.
438 2834 649 2860 exorerentur:
672 2834 712 2859 Π.
729 2830 920 2861 exorirentur
931 2844 942 2866 ‚-

216 2883 246 2909 B.
261 2881 476 2912 exoriererztur.

471 1880 596 1910 Eodem
615 1884 706 1918 pacto
721 1878 880 1918 Virgilius
895 1879 945 1909 de*

1011 837 1086 867 Ver.
1106 838 1175 866 182.
1190 836 1302 867 alienis
1319 836 1463 876 partibus
1478 836 1565 866 anni.
1611 833 1701 866 Hine

968 890 1053 923 haud
1067 888 1162 920 dubie
1171 887 1338 928 Virgilius,
1354 897 1422 928 geO.
1438 886 1468 917 ii.
1484 890 1552 918 159.

985 941 1034 966 Hic
1046 947 1094 965 ver
1103 938 1249 968 assiduum,
1259 941 1341 969 atque
1351 936 1441 962 alienis
1453 936 1577 961 mensibus
1588 938 1676 961 aestas.

1013 983 1089 1012 Ver.
1103 983 1171 1010 185.
1181 989 1250 1019 quae
1262 980 1395 1018 genitali
1409 980 1561 1009 Concilio:
1582 983 1616 1008 Δ.
1627 988 1702 1018 qua,

972 1039 1004 1064 et
1020 1039 1063 1064 Ω.
1080 1032 1214 1063 consilio.
1259 1030 1342 1060 Haec
1351 1030 1436 1060 enim
1454 1028 1616 1060 Arnobius
1631 1038 1704 1059 vero

971 1084 1119 1124 respexit,
1134 1082 1165 1113 ii.
1181 1093 1209 1121 p.
1226 1085 1276 1114 54.
1293 1085 1316 1100 “
1333 1081 1444 1112 Edunt
1464 1091 1519 1120 per
1534 1087 1638 1111 uteros
1660 1081 1707 1110 fe-

975 1147 997 1162 “
1009 1148 1069 1177 tus,
1086 1145 1118 1169 et
1131 1139 1339 1178 corporalibus
1360 1139 1500 1168 conciliis
1509 1135 1708 1176 procreant.”

974 1192 1124 1223 Similiter
1148 1199 1242 1228 supra
1269 1193 1386 1225 noster,
1412 1197 1474 1217 ver.
1499 1191 1569 1218 178.
1596 1191 1618 1206 “
1634 1198 1708 1218 cum

973 1247 996 1264 “
1009 1242 1130 1274 semina
1145 1238 1396 1282 corfiurerunt;”
1414 1237 1454 1268 ad
1468 1239 1632 1269 concilium
1645 1239 1709 1269 uti-

974 1306 1044 1337 que.
1089 1293 1194 1328 Maro,
1212 1291 1288 1321 AEn.
1307 1289 1349 1320 xi.
1366 1292 1438 1319 234.

1036 1354 1105 1386 Ergo
1116 1350 1247 1377 concilium
1259 1356 1402 1382 magnum,
1410 1347 1564 1381 primosque
1572 1355 1695 1380 suorum,

1037 1391 1154 1424 Imperio
1163 1390 1276 1420 adcitos‚
1287 1389 1342 1413 alta
1353 1389 1424 1412 intra
1435 1388 1528 1413 limina
1539 1389 1623 1420 cogit.

1034 1433 1258 1460 Olliconvenere‚
1263 1429 1409 1460 fluuntque
1420 1429 1455 1454 ad
1466 1428 1539 1460 regia
1549 1429 1635 1460 plenis

1037 1477 1128 1500 Tecta
1139 1472 1197 1497 viis.

1014 1525 1091 1555 Ver.
1118 1527 1187 1554 184.
1203 1525 1310 1564 iniquo
1319 1538 1328 1558 ;
1358 1522 1396 1552 iis
1415 1532 1531 1562 nempe
1557 1522 1713 1563 augendis

972 1584 1066 1620 atque
1081 1575 1276 1607 maturandis
1297 1574 1516 1606 incommodo:
1542 1580 1588 1611 ut,
1601 1575 1628 1604 si
1643 1586 1712 1607 rom

974 1640 1039 1660 non
1056 1639 1119 1660 vere
1142 1626 1334 1667 proveniret,
1351 1626 1405 1657 sed
1420 1628 1531 1664 calore,
1557 1636 1621 1657 ver.
1642 1629 1712 1659 175.

974 1681 1080 1712 statim
1095 1684 1250 1709 marceret
1265 1678 1410 1708 arefacta.

1019 1732 1095 1762 Ver.
1115 1734 1187 1760 186.
1235 1729 1282 1759 Ut
1297 1734 1524 1769 argumentum
1536 1729 1637 1768 po'eltae
1647 1739 1714 1760 rec-

977 1789 1010 1814 to
1024 1783 1088 1813 talo
1103 1788 1174 1819 stet,
1198 1781 1318 1820 phrasis
1333 1783 1374 1811 ad
1391 1783 1503 1811 coitum
1519 1783 1644 1812 seminis
1669 1781 1714 1812 ita

977 1834 1158 1875 accipienda
1172 1839 1230 1871 est,
1246 1839 1282 1863 ut
1291 1835 1331 1863 ad
1343 1832 1498 1873 judicem,
1513 1835 1556 1863 ad
1571 1839 1709 1872 portam:

977 1889 996 1919 i.
1019 1898 1045 1918 e.
1061 1898 1165 1919 coram
1188 1886 1335 1923 concilio,
1352 1897 1420 1916 cum
1445 1884 1616 1915 concilium
1639 1897 1712 1917 con-

966 1941 1109 1982 flzcz‘erz't.
1155 1938 1267 1974 Quum
1279 1947 1353 1967 vero
1364 1938 1424 1967 hoc
1434 1935 1655 1967 duriusculum
1671 1939 1717 1969 vi.

979 1990 1102 2028 deatur,
1118 1999 1222 2029 neque
1231 1988 1293 2018 alia
1304 1988 1355 2018 via
1366 1992 1483 2027 pateat,
1501 1986 1563 2027 qua
1575 1993 1605 2018 te
1616 1999 1654 2018 ex
1666 2000 1715 2020 sa-

979 2041 1072 2072 lebris
1086 2040 1327 2071 constructionis
1341 2039 1433 2070 facile
1448 2039 1652 2080 expediveris,
1669 2041 1714 2073 le-

980 2093 1013 2135 gi
1025 2092 1147 2131 malim,
1165 2102 1221 2132 per
1236 2091 1448 2122 mutationem
1464 2090 1645 2122 minimam:

1043 2151 1157 2176 Seminis
1170 2150 1201 2175 ab
1214 2150 1280 2175 coitu

983 2202 1058 2232 Hoc
1072 2201 1158 2232 enirn
1174 2200 1264 2231 dicit:
1286 2204 1308 2218 “
1321 2199 1354 2230 Si
1370 2199 1409 2230 de
1425 2199 1523 2229 nihilo
1533 2209 1581 2229 res
1596 2200 1717 2238 fierent,

980 2257 1002 2273 “
1019 2265 1085 2285 non
1100 2251 1323 2284 tantummodo
1346 2256 1534 2292 cogerentur
1557 2251 1596 2282 ad
1612 2253 1716 2283 conci-

980 2309 1003 2324 “
1018 2305 1099 2336 lium
1114 2304 1309 2343 temporibus
1331 2303 1464 2332 minime
1486 2302 1608 2332 idoneis
1622 2303 1716 2333 semi-

981 2361 1004 2376 “
1020 2368 1075 2396 na;
1099 2356 1279 2393 verum.sic
1295 2361 1402 2386 coacta
1417 2354 1456 2385 ad
1471 2353 1641 2394 genitalem
1656 2365 1717 2386 coe-

983 2411 1005 2427 “
1021 2414 1101 2444 tum,
1144 2417 1209 2437 non
1242 2406 1409 2446 paullatim
1438 2411 1609 2436 crescerent
1641 2407 1717 2447 (ver.

983 2464 1004 2484 ‘⁷‘
1024 2460 1114 2500 190),
1130 2459 1184 2490 sed
1198 2459 1319 2499 impetu
1331 2458 1433 2489 subito
1448 2456 1612 2497 vividoque
1626 2468 1718 2489 suam

985 2516 1007 2531 “
1024 2512 1216 2553 attingerent
1230 2509 1480 2541 maturitatem.”

987 2564 1159 2602 Caeterum,
1173 2575 1189 2594 e
1201 2565 1287 2593 abest
1298 2573 1316 2592 a
1329 2569 1370 2592 Π.
1386 2568 1426 2597 et,
1438 2561 1472 2590 in
1484 2571 1573 2592 versu
1586 2572 1717 2603 sequen-

985 2627 1028 2657 te,
1038 2619 1243 2662 locofierent‚
1259 2616 1374 2656 legitur
1379 2615 1512 2655 fuerant
1526 2616 1558 2645 in
1573 2617 1720 2647 Maximo

985 2671 1153 2703 Victorino
1176 2670 1217 2700 de
1233 2668 1353 2699 ratione
1368 2673 1556 2707 metrorum,
1584 2670 1642 2699 sub
1657 2669 1717 2699 ini-

987 2725 1041 2755 tio.

1032 2776 1108 2806 Ver.
1128 2778 1196 2804 188.
1215 2775 1247 2805 E
1256 2784 1320 2804 non
1333 2772 1474 2815 agnoscit
1489 2778 1513 2806 Σ
1522 2786 1531 2812 ;
1547 2779 1589 2812 et,
1598 2784 1655 2813 pro
1669 2785 1722 2805 sa-

991 2831 1096 2865 lirent,
1115 2834 1155 2858 Π.
1171 2828 1306 2858 silerent.

1039 2879 1121 2911 Ibid.
1146 2880 1270 2912 arbusta
1293 2882 1431 2913 salirent.
1478 2879 1723 2923 Exquisitiorem
