1894 3253
202 298 292 339 138

699 284 758 332 T.
813 282 1192 332 LUCRETII

338 420 394 462 Et
414 419 593 475 primum
613 415 768 457 faciunt
787 415 926 472 ignem
947 430 988 456 se
1008 422 1169 456 vortere
1188 414 1232 454 in
1253 429 1372 455 auras

337 494 472 536 A'e'ris:
504 492 601 532 hinc
622 491 796 532 imbrem
816 491 948 547 gigni,
971 498 1204 545 terramque
1225 489 1354 530 creari

223 571 303 611 785

337 569 404 609 Ex
424 567 565 616 imbri3
599 574 791 622 retroque
811 582 836 608 a
856 564 964 607 terra
986 574 1134 607 cuncta
1154 564 1320 614 revorti,

335 641 573 683 Humorem
593 642 790 696 primum,
812 648 906 696 post
925 642 1035 691 ae'ra,
1057 640 1207 681 deinde
1227 640 1422 682 calorem:

335 716 424 757 Nec
444 731 600 758 cessare
619 716 709 756 haec
729 715 837 756 inter
857 730 899 756 se
918 723 1093 764 mutare,
1116 729 1253 755 meare

333 791 375 832 A
396 791 498 832 coelo
519 791 572 832 ad
593 798 760 841 terram,
783 790 835 831 de
854 788 963 830 terra
985 789 1037 830 ad
1059 789 1192 830 sidera
1212 787 1374 829 mundi:

335 865 463 914 Quod
482 865 615 908 facere
634 865 746 907 haud
768 865 850 906 ullo
870 864 1021 905 debent
1041 863 1270 919 primordia
1285 862 1404 904 facto.

222 942 302 982 790

335 939 585 981 Inmutabile
606 940 716 980 enim
738 937 936 994 quiddam
956 952 1149 991 superare
1169 951 1332 977 necesse
1352 943 1429 985 est;

333 1014 400 1056 Ne
420 1029 483 1055 res
504 1014 557 1055 ad
577 1013 753 1054 nihilum
773 1011 1015 1067 redigantur
1035 1010 1218 1051 funditus
1240 1024 1395 1050 omnes.

334 1088 460 1138 Nam,
485 1087 805 1143 quodquomque
827 1086 907 1126 suis
929 1092 1133 1125 mutatum
1152 1084 1302 1124 finibus
1324 1083 1424 1133 exit,

336 1162 549 1204 Continuo
570 1161 650 1202 hoc
671 1175 782 1201 mors
804 1168 863 1200 est
883 1158 1002 1209 illius,
1027 1158 1138 1214 quod
1158 1158 1235 1199 fuit
1256 1165 1361 1198 ante.

336 1236 619 1291 Quapropter,
643 1235 838 1291 quoniam
859 1247 952 1289 quae
972 1233 1109 1287 paullo
1131 1232 1310 1273 diximus
1331 1238 1441 1281 ante,

233 1391 306 1422 Ver.
324 1394 396 1423 787.
421 1399 550 1428 mutare,
574 1397 610 1422 ut
632 1393 766 1422 mutari:
800 1391 843 1421 sic
868 1389 920 1420 alii

191 1444 315 1484 saepius,
334 1450 363 1474 et
379 1450 481 1474 noster
496 1444 529 1473 in
545 1443 761 1473 consimilibus
776 1442 920 1472 dictioni-

189 1497 249 1526 bus
265 1495 451 1535 saepissime;
475 1495 569 1525 adeas
591 1505 642 1524 me
657 1494 698 1524 ad
718 1505 777 1524 ver.
794 1498 866 1525 598.
891 1499 922 1523 et

193 1548 337 1578 Cortium
368 1547 407 1577 ad
439 1547 563 1576 Sallust.
590 1546 612 1577 J
615 1556 668 1586 ug.
701 1549 752 1575 58.
787 1549 835 1575 lo.
866 1556 920 1575 cu-

185 1598 240 1639 jus
256 1599 435 1637 exemplum
458 1609 476 1628 a
491 1597 582 1628 Livio
600 1597 821 1636 depromptum
842 1596 920 1626 nihil

190 1650 231 1680 ad
246 1661 312 1680 rem
329 1650 410 1679 facit.

234 1701 310 1732 Ver.
336 1705 408 1732 788.
432 1702 479 1731 A:
513 1700 555 1730 sic
578 1700 615 1730 P.
642 1700 681 1730 G.
699 1698 793 1729 Vind.
812 1698 850 1729 V.
874 1698 922 1729 ed.

192 1754 230 1784 B.
249 1759 283 1784 Δ.
303 1760 341 1783 Π.
361 1760 405 1783 Ω.
421 1752 544 1793 reliqui,
570 1754 628 1782 De.

234 1806 316 1836 Ibid.
335 1808 436 1836 sidera
454 1807 572 1835 mzmdz'.
613 1803 821 1834 Locutionem
837 1813 924 1833 exce-

193 1857 240 1897 pit
255 1857 419 1898 Virgilius,
437 1859 512 1888 AEn.
528 1857 570 1887 ix.
590 1860 639 1888 93.

222 1942 301 1966 Filius
313 1943 374 1967 huic
387 1945 492 1972 contra,
503 1945 611 1973 torquet
625 1941 670 1972 qui
680 1941 763 1966 sidera
775 1941 873 1966 mundi.

189 2017 210 2046 i.
226 2027 250 2046 e.
275 2016 376 2046 sidera
398 2017 477 2046 coeli:
507 2017 576 2046 vide
600 2016 815 2047 doctissimum
835 2018 920 2046 Doe-

190 2067 274 2107 ring,
300 2067 340 2097 ad
369 2067 484 2097 Catull.
502 2067 574 2097 lxiv.
592 2071 664 2098 205.
689 2068 742 2107 qui
767 2068 854 2097 locus
879 2068 923 2097 sic

191 2118 282 2149 scribi
298 2118 400 2156 debet,
428 2124 464 2148 ut
488 2118 612 2158 integra.
638 2118 827 2148 constructio
853 2129 921 2157 per-

190 2177 329 2201 maneat:

192 2246 252 2277 Quo
264 2248 330 2269 tunc
343 2248 369 2269 et
383 2244 471 2274 tellus,
488 2247 570 2275 atque
580 2244 687 2268 horrida
697 2248 920 2270 contremuerunt

192 2286 321 2315 AEquora,
332 2291 519 2315 concussusque
531 2284 659 2308 micantia
671 2284 753 2308 sidera
765 2284 885 2309 mundus.

192 2359 352 2400 Vulgares
367 2359 454 2397 editi,
476 2361 641 2395 concussit;
671 2360 723 2390 sed
738 2360 922 2390 divinationi

190 2421 270 2441 meae
286 2410 355 2440 libri
373 2410 518 2440 Vossiani
535 2417 652 2441 veteres
667 2412 811 2450 aspirant.
837 2414 920 2442 Hor-

190 2466 261 2493 rida
285 2469 391 2493 autem
406 2474 528 2503 a’qzwra
552 2469 626 2493 sunt
650 2467 671 2481 ‘⁶
687 2464 800 2504 quibus
814 2475 920 2504 super-

191 2519 213 2533 “
231 2515 315 2546 ficies
338 2515 514 2546 horrificata
539 2522 596 2553 est,
621 2521 652 2546 et
678 2516 860 2556 ανομαλος,”
883 2527 921 2547 ex

191 2566 287 2596 nutus
303 2566 399 2597 divini
416 2567 637 2605 concitatione;
654 2568 742 2607 quasi
753 2574 846 2598 vento
860 2568 920 2598 im-

190 2617 340 2656 pellente:
367 2618 471 2648 videas
486 2618 560 2648 ibid.
576 2629 636 2649 ver.
657 2622 727 2650 271.

235 2668 308 2698 Ver.
324 2672 394 2701 789.
407 2669 515 2710 sacto:
543 2670 580 2700 P.
606 2675 639 2700 Δ.
671 2677 711 2700 Π.
739 2677 784 2701 Ω.
805 2677 916 2711 pacm,-

189 2718 274 2758 quod
300 2720 442 2750 usitatius
468 2727 528 2751 est:
556 2721 610 2751 sed
635 2720 803 2751 meliorum
827 2722 921 2752 libro-

190 2778 275 2806 rum,
303 2775 395 2809 atque
419 2771 512 2801 etiam
529 2773 680 2811 plurium,
704 2773 921 2804 testimonium

189 2829 255 2849 non
281 2830 376 2849 ausus
397 2831 468 2851 sum
491 2823 632 2863 rejicere;
664 2835 764 2865 quum
786 2835 921 2864 pronum

190 2870 271 2901 foret
296 2871 428 2901 librariis
454 2886 486 2903 nra
498 2874 588 2914 facto
612 2876 645 2905 in
667 2883 758 2916 pacto
785 2883 919 2915 mutare,

191 2921 245 2953 sed
259 2932 277 2953 e
300 2923 455 2953 contrario
479 2935 543 2954 non
563 2926 648 2957 item.
695 2929 793 2958 Nullo
806 2928 915 2969 facto:

187 2973 207 3005 i.
219 2985 246 3006 e.
269 2984 307 3006 ex
322 2974 418 3006 nullis
431 2985 538 3008 rerum
555 2977 728 3014 actionibus
743 2980 824 3011 inter
840 2990 918 3011 se—

965 1399 1003 1419 ex
1019 1388 1107 1419 nulla
1122 1395 1242 1418 naturae
1258 1386 1489 1418 constitutione.
1528 1386 1608 1416 Mox
1624 1395 1697 1416 nos-

965 1448 1021 1478 ter,
1038 1451 1098 1471 ver.
1120 1444 1192 1472 941.

1012 1526 1062 1550 Sed
1073 1526 1171 1557 potius,
1183 1524 1228 1549 tali
1237 1525 1312 1556 faceo
1329 1527 1458 1553 recreata,
1470 1523 1597 1548 valescat.

1008 1610 1084 1640 Ver.
1112 1612 1182 1641 791.
1206 1611 1275 1640 Ne.-
1303 1616 1347 1639 Ω.
1374 1610 1696 1647 Nea—redigantur:

968 1669 1007 1692 Π.
1023 1664 1222 1693 reducantur.
1267 1662 1310 1692 Et
1328 1666 1363 1692 Δ.
1386 1661 1419 1690 in
1435 1670 1496 1690 ver.
1513 1662 1584 1691 795.
1607 1660 1701 1690 habet

965 1725 1057 1752 more,
1074 1724 1129 1753 pro
1144 1725 1234 1744 mors.

1014 1766 1087 1796 Ver.
1100 1770 1172 1798 794.
1196 1767 1358 1806 quoniam:
1380 1771 1425 1796 Ω.
1440 1765 1697 1804 quando.—-quae.·

972 1818 1010 1849 Ο.
1028 1823 1064 1849 Δ.
1082 1821 1151 1859 quc}
1176 1819 1216 1848 V.
1233 1817 1279 1848 ed.
1295 1819 1383 1857 quod.

1012 1870 1087 1900 Ver.
1105 1873 1175 1901 795.
1200 1871 1239 1900 In
1263 1874 1488 1900 conmutatum:
1516 1866 1555 1897 Ο.
1576 1872 1619 1896 Π.
1643 1867 1699 1896 Ιη-

965 1929 1194 1961 commutatum,
1226 1921 1404 1962 conjunctis
1432 1919 1699 1950 vocibus—weni-

966 1982 1038 2006 unt:
1066 1976 1106 2004 V.
1123 1974 1170 2004 ed.
1186 1985 1298 2004 verum.

1010 2027 1090 2056 Ibid.
1110 2029 1147 2056 Ιη
1164 2031 1390 2056 conmutatum:
1416 2024 1435 2053 i.
1452 2034 1477 2053 e.
1500 2023 1540 2052 In
1555 2031 1699 2051 commu-

967 2078 1135 2107 tationem:
1160 2077 1203 2106 sic
1226 2077 1311 2106 enim
1335 2074 1504 2114 participiis
1526 2079 1630 2103 noster
1653 2071 1700 2101 uti

966 2128 1098 2169 gaudet:
1126 2127 1233 2156 redeas
1255 2127 1295 2156 ad
1311 2136 1370 2155 ver.
1387 2128 1459 2155 585.
1483 2129 1513 2154 et
1527 2133 1638 2162 pergas
1659 2122 1700 2151 ad

964 2180 995 2209 ii.
1013 2183 1083 2209 458.

1009 2231 1084 2260 Ver.
1121 2232 1191 2260 796.
1230 2239 1369 2268 usquam.
1422 2226 1502 2256 Haec
1533 2230 1578 2254 est
1606 2223 1699 2253 lectio

967 2282 1222 2311 membranarum
1239 2279 1394 2315 omnium,
1416 2283 1508 2317 atque
1524 2275 1698 2305 editionum

967 2333 1154 2373 primarum:
1177 2342 1271 2372 quam
1287 2330 1382 2360 nullis
1396 2328 1517 2358 idoneis
1532 2327 1570 2357 de
1586 2325 1701 2356 caussis

969 2396 1043 2415 curn
1069 2396 1204 2424 unquam
1233 2382 1350 2422 placuit
1374 2381 1543 2411 editoribus
1568 2383 1699 2408 mutare.

967 2436 1028 2467 Sed
1067 2446 1192 2475 prorsus
1218 2434 1329 2464 codem
1358 2442 1466 2462 sensus
1494 2429 1615 2467 recidit,
1638 2428 1701 2459 sive

967 2488 1081 2518 dixeris
1097 2498 1163 2517 rem
1179 2486 1321 2526 quamvis
1336 2486 1419 2514 nullo
1448 2489 1577 2522 tempore
1600 2480 1698 2509 varia-

965 2542 1086 2572 tionem
1104 2541 1180 2580 pati,
1199 2551 1253 2570 seu
1268 2541 1350 2570 nullo
1366 2541 1437 2569 loco.

1011 2605 1084 2635 Ver.
1102 2607 1172 2635 799.
1200 2602 1364 2634 Bentleius
1389 2599 1560 2641 legendum
1583 2605 1695 2636 propo-

965 2658 1025 2688 nit:

1201 2740 1292 2773 ignem
1305 2742 1334 2763 ut
1348 2738 1368 2762 si
1379 2737 1450 2762 forte
1460 2735 1621 2760 &carim-2

965 2826 1051 2867 quod
1064 2825 1143 2856 mihi
1165 2825 1261 2855 etiam
1276 2833 1309 2853 se
1329 2820 1496 2860 objecerat3
1519 2816 1573 2846 sed
1589 2815 1694 2846 infeli-

964 2878 1051 2915 citer,
1068 2887 1126 2907 nec
1141 2877 1217 2907 citra
1229 2871 1427 2912 dispendium
1443 2867 1694 2905 constructionis,

964 2940 1033 2970 quae
1050 2929 1090 2959 ad
1104 2933 1261 2966 receptam
1282 2923 1342 2955 loci
1365 2922 1547 2961 scripturam
1563 2919 1696 2959 pedibus

961 2979 1124 3022 inoffensis
1149 2977 1254 3010 currit.
1301 2979 1322 2995 “
1340 2975 1413 3006 Hac
1437 2971 1549 3004 natura
1566 2979 1696 3013 corpora
