1894 3253
553 248 787 298 LIBER
829 245 1248 296 SECUNDUS.

1565 253 1658 295 239

296 383 420 425 Nunc
440 381 547 433 heic,
580 396 692 423 nunc
712 381 809 431 illic,
841 379 1033 434 abruptei
1054 378 1249 428 nubibus,
1282 377 1397 434 ignes

180 462 266 498 215
302 458 587 506 Concursant3
621 456 732 497 cadit
752 456 795 495 in
816 462 944 495 terras
962 454 1019 493 vis
1040 453 1230 493 flammea
1249 452 1383 509 volgo.

351 528 525 573 Illud‘in
546 530 624 571 hiis
644 544 808 585 quoque
828 537 869 569 te
890 527 1011 568 rebus
1032 540 1282 583 cognoscere
1303 540 1484 567 avemus:

151 687 358 718 mutationem
380 685 534 724 praeferet,
567 683 608 715 ad
630 685 711 714 hanc
738 693 881 714 normam

152 738 352 770 conformati:

151 823 390 851 Transversomque
402 819 492 844 volare
503 826 549 851 per
559 819 642 851 igneis
653 818 770 844 fulmina
781 817 874 843 cernis:

147 896 182 921 ut
203 889 369 930 obliquitas
397 889 501 919 motus
535 889 643 920 redeat
666 888 707 919 ad
718 888 860 930 fulmina
868 903 878 923 ‚-

144 942 229 984 quod
243 952 291 972 res
303 942 370 981 ipsa
385 941 489 980 potius
502 941 643 982 requirit:
660 939 802 970 conferas
815 949 879 970 ver.

149 996 222 1024 217.
270 993 320 1023 Sic
337 993 496 1031 Lucanus,
511 993 531 1023 i.
550 996 620 1023 154.
636 991 675 1022 de
679 992 835 1033 J‘ulmine:

184 1087 277 1093 —
288 1072 387 1104 obliqua
399 1072 590 1104 praestringens
601 1070 828 1101 luminaflammd.

194 1143 276 1174 Ibid.
299 1145 397 1174 volare
403 1144 557 1184 fulmina.
604 1142 693 1172 Hinc
709 1141 876 1182 Virgilius,

150 1194 225 1225 ,Em
241 1205 268 1225 v.
291 1197 365 1225 519.
389 1193 444 1224 sed
465 1193 615 1224 audacius
636 1193 689 1232 ibi,
712 1203 808 1233 quam
829 1202 878 1222 so-

149 1246 253 1277 brium
270 1245 425 1275 decuerit:

377 1330 405 1352 et
416 1326 514 1356 ventis,
531 1329 559 1351 et
561 1325 685 1357 fulminis
696 1331 780 1357 ocyor
789 1325 847 1349 alis.

147 1394 315 1432 Caeterum,
339 1397 380 1427 V.
404 1397 450 1428 ed.
480 1407 537 1437 pro
566 1399 767 1429 Trmzsvorsos
794 1397 879 1427 exhi-

145 1447 198 1477 bet
220 1449 332 1480 Terras
347 1460 443 1481 versos
447 1464 458 1486 ;
487 1450 541 1490 qui
556 1449 647 1480 fluxit
661 1460 746 1480 error
760 1460 779 1480 a
794 1460 879 1480 com-

147 1500 264 1539 pendio
285 1502 373 1531 Τνᾶε.

192 1551 266 1581 Ver.
284 1555 355 1582 214.
378 1554 566 1583 heic—illic.
615 1553 688 1592 Ipso
712 1552 803 1592 po'e‘tii
816 1552 850 1583 id
864 1563 883 1583 a

147 1611 200 1632 me
231 1603 374 1641 precibus
404 1603 680 1642 importunissimis
710 1604 881 1645 flagitante,

149 1662 214 1682 non
231 1652 385 1695 denegare
407 1654 496 1693 potui
515 1661 645 1694 receptae
671 1655 812 1686 lectionis
833 1655 882 1685 vel

143 1710 253 1736 contra
282 1706 378 1736 libros
403 1706 664 1738 immutationem
693 1718 731 1738 ex
758 1708 880 1749 conjec-

149 1756 233 1793 tura,
249 1761 394 1797 prohinc
419 1765 450 1788 et
474 1761 579 1790 illinc:
607 1767 637 1790 et
662 1771 757 1801 quam
781 1760 882 1791 facilis

147 1810 244 1842 fuerit
259 1809 443 1849 corruptelae
458 1811 547 1846 ratio,
559 1811 629 1851 quis
643 1822 707 1841 non
721 1811 882 1842 celerrime

145 1859 318 1900 intelligit?
358 1860 441 1890 Vide
472 1861 781 1901 Drakenborchium‚
810 1863 879 1894 Liv.

145 1913 225 1943 xxvi.
244 1915 291 1942 13.
309 1914 356 1941 15.

148 1976 229 2004 cere,
253 1972 342 1995 tenor
357 1967 538 2006 argumenti
555 1967 648 2006 plane
665 1967 790 2007 respuit.

402 1912 518 1951 Voces,
534 1923 611 1953 quas
620 1914 686 1943 ausi
703 1924 812 1945 sumus
823 1914 878 1955 eji-

840 1969 881 2000 Id

145 2029 258 2059 nempe
277 2020 397 2051 diluere
413 2021 480 2051 vult
500 2022 680 2061 Lucretius,
703 2023 787 2064 quod
803 2033 877 2053 con-

145 2077 194 2103 tra
208 2073 344 2103 rationes
367 2074 434 2114 ejus
459 2074 590 2114 quilibet
614 2075 723 2105 afferre
742 2082 877 2115 poterat3

146 2123 261 2164 quibus
290 2124 475 2163 affirmatur,
510 2129 531 2144 “
547 2126 669 2156 nullam
699 2137 879 2167 corpoream

146 2178 168 2193 “
184 2185 253 2205 rem
262 2175 319 2206 sua
332 2176 361 2205 vi
371 2187 460 2215 posse
473 2187 595 2207 sursum
608 2178 714 2208 ferri.’'
762 2180 877 2210 Osten-

147 2227 194 2259 dit
211 2229 297 2259 enim
311 2229 465 2269 flammas,
483 2232 515 2261 in
532 2243 733 2274 quascunque
748 2234 879 2264 demum

148 2285 261 2319 ραι-τες,
284 2280 498 2313 indifferenter
512 2284 601 2322 ferri3
629 2296 765 2324 sursum,
790 2287 878 2316 deor-

149 2340 231 2367 sum,
255 2331 305 2361 vel
327 2338 500 2364 transverso
514 2346 623 2367 cursu:
650 2343 681 2367 et
696 2338 796 2378 ignes,
820 2349 879 2368 nu-

152 2381 243 2412 bibus
258 2390 468 2423 erumpentes,
491 2386 541 2415 vel
563 2387 603 2417 ad
617 2390 699 2420 lzunc
714 2390 764 2419 vel
785 2389 826 2419 ad
841 2392 879 2420 il-

150 2435 214 2463 lum
230 2433 347 2471 locum,
373 2435 421 2476 (in
436 2437 524 2466 terris
538 2445 614 2477 puta
628 2441 777 2480 positum,
793 2441 881 2485 caelo,

151 2489 206 2514 aut
221 2484 292 2514 a'e're
318 2485 467 2526 denique)
493 2489 582 2519 nullo
609 2490 787 2524 discrimine
809 2507 879 2526 con-

152 2547 284 2572 currere,
324 2547 360 2567 ac
383 2548 570 2580 convergere
600 2541 710 2574 solere.
768 2545 879 2586 Vides,

151 2587 275 2626 opinor,
292 2589 458 2619 stationem
473 2601 563 2621 suam
581 2598 617 2622 ut
631 2602 789 2634 nequeant
800 2598 881 2628 tueri

151 2639 248 2680 vulgo
269 2647 401 2680 receptae
415 2652 505 2672 voces
527 2645 600 2675 hinc
615 2651 646 2675 et
660 2648 758 2685 illinc,
782 2659 882 2689 quum

151 2689 192 2720 de
206 2697 285 2722 certo
309 2692 378 2723 loco
405 2693 566 2734 fingantur
589 2695 678 2736 ignes
704 2700 865 2737 provenire
872 2713 881 2739 ;

151 2743 281 2774 nubibus
304 2744 425 2784 utique,
456 2752 487 2775 et
513 2749 593 2777 caelo.
638 2749 736 2779 Porro
765 2750 880 2782 lexico-

153 2795 264 2834 graphi
279 2796 418 2837 quidam,
447 2812 503 2833 τοις
518 2800 591 2830 binc
607 2806 638 2830 et
653 2803 740 2832 illinc
754 2813 881 2834 sensum

153 2857 210 2876 nm
232 2848 282 2878 hic
306 2854 338 2879 et
360 2852 425 2881 illic
451 2851 622 2891 affigentes,
647 2859 678 2883 et
703 2864 736 2884 re
751 2855 828 2894 ipsa,
852 2863 882 2887 et

155 2899 316 2938 exemplis,
332 2901 372 2931 ad
383 2903 443 2933 hoc
455 2903 568 2942 allatis,
582 2906 707 2946 egregie
717 2907 880 2941 falluntur.

200 2949 280 2984 Ibid.
302 2954 446 2996 abruptei
464 2959 594 2990 nubibus
610 2960 702 2998 ignes.
750 2960 880 2994 Hemis-

925 681 1059 712 tichium
1074 680 1270 722 aliquantulo
1285 681 1404 711 variare
1419 681 1529 720 voluit,
1552 681 1577 712 si
1590 692 1658 713 mo-

927 734 968 765 do
977 734 1153 771 variaverit,
1177 733 1344 773 Virgilius,
1371 734 1445 764 [En.
1462 734 1505 764 iii.
1523 737 1593 765 199.

1093 801 1264 833 Ingeminant
1275 800 1388 833 abruptis
1400 801 1507 826 nubibus
1517 801 1594 834 ignes.

926 859 1041 899 Operae
1068 859 1205 898 pretium
1236 858 1332 888 fuerit
1355 859 1398 888 ibi
1431 859 1656 890 Bunnannum

925 911 1119 942 consuluisse
1134 917 1165 941 et
1181 911 1480 941 Drakenborchium
1496 911 1537 941 ad
1552 911 1658 941 locum

928 962 996 992 Silii
1022 968 1242 993 memoratum.
1290 962 1452 1000 Conferas,
1476 962 1510 992 in
1536 968 1656 993 utram-

925 1025 986 1055 que
1001 1020 1133 1054 partem,
1159 1015 1247 1055 Virg.
1275 1025 1342 1055 geo.
1370 1015 1389 1045 i.
1416 1018 1488 1045 446.
1513 1015 1590 1045 AEn.
1614 1015 1657 1046 ix.

927 1069 998 1097 671.
1046 1066 1130 1096 Mihi
1147 1080 1180 1097 το
1203 1068 1327 1106 abrupti
1352 1066 1387 1096 in
1405 1065 1541 1106 Virgilio
1564 1066 1660 1098 etiam

920 1117 1138 1156 accipiendum
1164 1128 1241 1155 esse,
1266 1117 1408 1158 quamvis
1435 1118 1469 1147 in
1495 1117 1656 1148 diversum

924 1171 1037 1199 abeant
1052 1169 1195 1208 exempla
1219 1170 1315 1199 MSS.
1339 1176 1371 1199 et
1397 1170 1590 1209 Macrobius,
1613 1170 1660 1200 vi-

925 1220 991 1250 deri
1022 1230 1086 1250 non
1117 1220 1262 1250 diffiteor.
1310 1221 1447 1259 Abruptz'
1471 1221 1599 1259 scilicet,
1629 1231 1660 1252 se

924 1272 1146 1311 abrumpentes,
1171 1271 1356 1311 exquisitius
1378 1277 1424 1301 est
1451 1271 1561 1302 multis
1583 1272 1660 1303 vici-

923 1325 993 1360 bus,
1017 1329 1047 1353 et
1062 1323 1194 1353 doctius.
1241 1323 1371 1362 Statius,
1398 1323 1497 1354 Theb.
1512 1324 1532 1354 i.
1546 1327 1624 1355 555.

1306 1391 1415 1424 abrupta
1425 1392 1588 1417 tremiscunt

924 1433 1054 1465 Fulgura;
1067 1437 1104 1463 et,
1114 1433 1223 1457 attritus
1233 1433 1320 1457 subita
1331 1433 1402 1463 face,
1413 1434 1549 1465 rumpitur
1559 1433 1659 1460 aether.

926 1490 991 1520 Ubi
1007 1500 1202 1530 praepropera
1224 1491 1367 1530 repetitio
1381 1492 1466 1522 vocis
1488 1494 1658 1532 rumpztur,

926 1551 983 1571 nec
999 1541 1119 1581 ingenii
1135 1541 1301 1572 mediocris
1322 1543 1468 1582 ubertati,
1492 1553 1550 1574 nec
1576 1544 1661 1575 auri-

925 1597 985 1626 bus
1000 1595 1193 1636 vulgaribus,
1217 1596 1424 1634 admittenda‚
1448 1598 1528 1628 mihi
1544 1604 1589 1628 est
1602 1608 1659 1637 pro

926 1647 1030 1677 indice
1061 1647 1233 1678 certissimo
1265 1648 1483 1688 gravissimam
1518 1649 1658 1689 aliquam

925 1698 1180 1737 depravationem
1190 1697 1378 1729 delitescere.
1425 1699 1516 1729 Nihil
1531 1700 1600 1739 opis
1613 1706 1660 1732 est

925 1749 974 1780 vel
989 1750 1022 1779 in
1039 1750 1199 1780 codicibus
1213 1749 1262 1780 vel
1277 1750 1441 1781 scholiaste
1447 1763 1456 1788 3
1475 1761 1579 1792 neque
1594 1752 1661 1791 ipse

926 1802 1012 1832 aliud
1035 1803 1136 1833 ausim
1157 1803 1322 1842 spondere,
1355 1810 1468 1842 praeter
1497 1805 1658 1844 conjectu-

925 1864 1005 1893 ram,
1028 1855 1079 1884 vix
1102 1854 1142 1885 ad
1166 1855 1279 1885 ductus
1301 1855 1466 1886 literarum
1481 1866 1660 1896 expressam

925 1905 1010 1943 satis,
1040 1905 1095 1936 sed
1119 1906 1262 1936 animoso
1288 1906 1380 1946 poeta
1404 1914 1486 1938 certe
1511 1907 1658 1948 dignissi-

924 1967 1026 1994 mam;
1050 1967 1145 1997 quam
1160 1957 1291 1996 proinde
1314 1968 1379 1988 non
1396 1958 1546 1989 dubitabo
1561 1959 1657 1990 lecto-

924 2008 1010 2038 ribus
1024 2018 1209 2047 proponere,
1232 2015 1268 2038 ut
1280 2009 1393 2040 saltem
1408 2010 1475 2041 vice
1486 2010 1565 2041 cotis
1580 2010 1658 2042 alio-

923 2070 995 2090 rum
1012 2060 1148 2100 ingeniis
1162 2060 1329 2101 fungatur:

1056 2131 1094 2158 et,
1110 2128 1218 2153 attritus
1230 2129 1318 2153 subita
1329 2128 1399 2159 face,
1403 2129 1533 2161 funditur
1543 2131 1642 2157 aether.

924 2187 991 2218 Adi
1007 2187 1126 2227 prolata
1154 2189 1195 2219 ad
1219 2200 1280 2220 ver.
1306 2193 1376 2222 147.
1393 2201 1420 2220 ν.
1437 2194 1509 2221 468.
1525 2190 1566 2220 vi.
1584 2192 1657 2220 204.

923 2244 997 2272 690.
1043 2240 1227 2272 Macrobius
1250 2248 1369 2280 autem,
1396 2242 1457 2272 Sat.
1487 2242 1525 2272 vi.
1552 2240 1601 2271 vel
1623 2241 1658 2271 in

925 2292 1072 2322 Lucretio
1088 2292 1167 2333 legit
1178 2294 1326 2333 abruptis.

968 2343 1040 2373 Ver.
1057 2347 1130 2374 215.
1155 2345 1356 2374 Concursant.
1405 2344 1480 2374 Non
1500 2343 1581 2374 valet
1595 2344 1656 2374 hoc

922 2395 1054 2424 verbum
1069 2395 1251 2434 simpliciter
1277 2402 1477 2434 concurrunt,
1500 2402 1537 2425 ut
1559 2396 1656 2426 inter-

924 2457 1009 2485 pres;
1035 2446 1089 2476 sed
1111 2450 1235 2487 scepizcs,
1262 2448 1441 2489 iterumque
1467 2448 1656 2488 iterumque,

925 2508 1130 2532 concurrunt:
1158 2503 1265 2533 confer
1280 2503 1323 2533 iii.
1342 2507 1416 2534 596.

967 2552 1050 2583 Ibid.
1073 2555 1157 2583 cadit
1171 2556 1201 2583 in
1220 2561 1317 2585 terras
1332 2556 1424 2594 volgo.
1469 2553 1568 2589 Quasi
1584 2552 1654 2583 dix-

924 2610 1002 2635 erat:
1031 2608 1053 2623 “
1072 2605 1145 2635 Non
1162 2616 1232 2636 raro
1254 2606 1293 2636 ad
1309 2606 1390 2644 ipsas
1413 2611 1520 2641 terras,
1544 2605 1657 2636 itinere

927 2659 950 2675 “
966 2655 1094 2693 directo,
1111 2662 1142 2685 et
1156 2663 1276 2686 naturae
1292 2667 1356 2686 suae
1371 2656 1587 2695 conveniente,
1603 2667 1655 2687 ca-

928 2709 950 2724 “
967 2706 1013 2736 dit
1023 2706 1165 2737 flamma:
1183 2707 1262 2737 adeo
1272 2714 1308 2737 ut
1323 2707 1440 2748 obliqui
1456 2714 1560 2738 motus
1575 2707 1656 2748 ejus,

926 2762 948 2777 ‘⁶
962 2759 1017 2799 qui
1031 2759 1183 2796 efficiunt,
1207 2767 1243 2790 ut
1258 2760 1421 2801 aliquoties
1436 2761 1577 2792 videatur
1594 2768 1656 2793 ter-

927 2812 948 2827 “
965 2820 1033 2839 ram
1049 2810 1213 2851 aufugere,
1237 2818 1268 2842 et
1283 2813 1442 2852 superiora
1456 2819 1575 2854 petere,
1591 2814 1656 2844 sint

927 2865 949 2880 “
967 2872 1004 2892 ex
1020 2862 1089 2892 aliis
1114 2863 1253 2894 fortuitis
1278 2866 1394 2896 caussis
1414 2866 1601 2906 explicandi,
1625 2871 1656 2896 et

927 2916 949 2932 “
965 2923 983 2943 a
997 2913 1028 2943 vi
1042 2913 1179 2954 quadam
1195 2916 1323 2947 externa
1339 2916 1548 2948 deriventur.''

971 2966 1050 2997 Ibid.
1073 2969 1285 3009 visflammea.
1334 2969 1506 3007 Arnobius,
1533 2968 1584 2999 lib.
1609 2966 1652 2998 iii.
