1894 3253
232 277 327 317 ‘262
732 269 791 315 T.
848 267 1230 318 LUCRETII

260 406 340 442 365
371 402 573 444 Derivare
593 407 750 455 queunt
769 400 970 451 animum,
1006 416 1229 458 curamque
1248 402 1395 444 levare:

372 476 514 530 Usque
534 474 637 516 adeo
658 475 856 531 quiddam
875 477 1108 532 proprium,
1135 485 1362 534 notumque
1382 479 1563 534 requirit.

373 549 595 599 Praeterea,
629 550 782 590 tenerei
803 550 989 591 tremulis
1010 566 1105 592 cum
1125 552 1292 593 vocibus
1312 551 1446 593 haedei

371 624 619 681 Cornigeras
639 632 794 666 norunt
814 633 963 667 matres
970 644 982 675 3
1015 627 1194 684 agnique
1214 627 1366 682 petulci

223 782 297 820 Ipsa
312 789 380 820 ego,
396 789 465 820 quae
480 778 628 809 dederam
643 779 865 818 medicamina,
880 779 947 819 pal·

222 831 285 862 lida
299 831 377 869 sedi,

249 911 321 935 Cum
332 908 388 933 vidi
397 908 488 933 subitos
498 915 573 933 arma
585 913 677 934 tenere
688 908 771 933 viros:

217 974 237 1004 i.
253 984 279 1004 e.
293 973 345 1014 qui
361 974 456 1004 exorti
471 978 679 1013 erant—quos
703 978 783 1003 terra
793 971 944 1003 submise-

217 1030 283 1055 rat:
309 1024 378 1055 vide
400 1030 553 1063 nostrum,
576 1025 596 1054 i.
628 1029 655 1056 9.
680 1025 846 1063 Apuleius,
872 1031 944 1055 met.

216 1077 247 1107 ii.
264 1078 321 1107 sub
351 1077 527 1107 initio:—“
552 1076 591 1107 de
616 1078 683 1116 ipso
706 1087 779 1107 vero
802 1076 890 1114 coelo,
915 1083 946 1107 et

215 1128 373 1169 “jubaris
402 1130 475 1159 orbe
505 1129 613 1166 subito,
643 1134 811 1158 venturum
835 1138 943 1158 oracu-

213 1183 238 1199 “
254 1181 361 1211 lum:''
378 1180 398 1211 i.
411 1187 661 1211 eerorto—-cum
671 1180 858 1210 surrexisset.
882 1180 944 1210 Lo-

216 1241 270 1262 cus
294 1232 352 1261 iste
375 1231 581 1261 cruciabiliter
609 1232 720 1261 habuit
755 1231 943 1262 Oudendor-

215 1284 314 1323 pium.
363 1284 583 1314 Grammaticae
593 1285 745 1312 sermonis
755 1283 888 1313 rationes
904 1282 943 1312 ad

215 1336 392 1371 Lucanum,
426 1335 445 1365 i.
473 1338 544 1366 517.
570 1335 701 1371 nemini,
736 1341 772 1364 ut
795 1341 942 1374 exputem

215 1398 304 1426 sane,
327 1388 478 1418 claruere:

276 1463 319 1491 Et,
336 1461 432 1485 subitus
443 1460 511 1492 rapti
522 1460 674 1484 munimine
686 1460 802 1491 cespitis,
819 1467 900 1492 agger

277 1502 381 1526 Praebet
391 1507 496 1525 securos
507 1501 577 1524 intra
588 1499 704 1524 tentoria
715 1506 822 1523 somnos
830 1517 836 1522 .

214 1566 233 1596 i.
264 1575 289 1595 e.
323 1575 484 1603 exsurgens
513 1573 571 1602 ope
601 1562 942 1601 cespitis—exstructus

213 1615 337 1656 cespite.
382 1614 568 1646 Emendabo
581 1614 727 1654 denique,
746 1614 794 1644 his
805 1614 941 1644 innixus.

214 1669 395 1709 vegetium,
419 1668 463 1697 iii.
481 1671 530 1698 2⁶2.
570 1671 592 1685 “
610 1668 773 1704 Praeterea,
797 1666 871 1697 levis
893 1677 938 1696 ar-

214 1723 236 1738 “
253 1726 375 1750 matura
405 1719 651 1758 praemittebatur
675 1717 716 1748 ad
745 1717 853 1755 colles;
884 1719 941 1748 sub

213 1775 236 1790 ‘⁶
253 1783 331 1812 quos
351 1773 479 1809 subitus,
504 1777 570 1801 tuto
600 1776 794 1800 revocaretur
823 1770 939 1800 exerci-

214 1828 237 1843 “
253 1824 343 1854 tus:’‘
378 1824 397 1854 i.
424 1834 448 1853 e.
476 1823 569 1854 colles
599 1824 728 1858 subiens,
755 1824 812 1852 sub
834 1833 886 1853 eos
908 1833 940 1852 se

211 1876 373 1916 recipiens.
419 1876 564 1906 Editor-es
580 1875 657 1905 nihil
673 1874 829 1905 viderunt:
860 1875 937 1915 legi-

210 1935 262 1959 tur
277 1929 363 1959 enim
389 1929 421 1958 in
439 1928 540 1966 editis,
562 1929 668 1958 subito.
712 1928 734 1958 J
737 1938 788 1957 am
804 1938 875 1958 vero
890 1938 936 1957 re-

210 1980 310 2020 liqua,
332 1979 379 2009 vel
406 1979 547 2019 puerulis
572 1979 766 2014 demetenda,
795 1985 937 2017 praetere-

211 2037 314 2066 untes,
337 2030 531 2070 regredimur
553 2030 586 2059 in
606 2030 700 2067 viam,
726 2030 852 2070 longius
867 2041 938 2060 eva-

210 2082 290 2124 gati;
314 2091 372 2112 nec
401 2087 518 2118 tamen,
549 2087 585 2110 ut
616 2092 784 2119 speramuS,
812 2092 937 2111 accusa-

208 2136 329 2165 tionem
352 2133 522 2164 nimietatis
546 2134 585 2163 ob
612 2134 696 2162 huuc
718 2142 884 2162 excursum
899 2135 937 2163 ab

208 2189 305 2231 aequis
315 2188 473 2229 judicibus
488 2186 547 2226 ipsi
562 2186 701 2217 subituri.

253 2240 326 2270 Ver.
342 2243 414 2270 364.
433 2240 548 2278 pabula
573 2240 653 2268 Ioeta.
700 2237 750 2267 Sic
773 2248 846 2268 sane
862 2237 935 2267 Vir-

208 2293 314 2335 gilius,
338 2302 406 2333 geo.
426 2291 471 2321 iii.
486 2294 558 2322 585.

589 2364 653 2396 fuge
661 2363 756 2396 pabula
767 2363 825 2387 Iaeta
836 2372 844 2388 .-

209 2441 312 2471 neque
333 2430 435 2460 ausim
459 2428 604 2469 equidem
628 2438 740 2457 novare
764 2427 879 2467 aliquid
901 2428 934 2457 in

207 2482 373 2519 Lucretio;
395 2481 449 2512 sed
475 2479 654 2520 argumenti
680 2479 779 2519 magis
795 2479 933 2517 interest,

206 2539 243 2565 ut
257 2533 308 2564 hic
323 2533 418 2563 etiam
428 2532 550 2571 legatur
565 2530 604 2560 ad
619 2532 704 2560 hunc
718 2530 866 2560 modum:

238 2607 293 2631 Nec
305 2605 454 2631 vitulorum
464 2605 524 2629 aliae
535 2604 634 2636 species
645 2610 692 2636 per
703 2603 798 2635 pabula
811 2603 863 2628 lata
874 2610 881 2628 ε

208 2679 270 2710 quo
284 2669 385 2710 magis
406 2669 524 2698 mirum
547 2667 594 2706 fit,
617 2677 687 2698 eam
707 2667 797 2697 nullo
811 2667 873 2697 alio
887 2667 932 2697 vi·

207 2720 347 2751 tulorum
370 2720 501 2750 detineri
527 2730 617 2759 posse
643 2729 678 2749 ac
708 2719 851 2758 mulceri,
883 2720 932 2751 vel

206 2773 271 2802 lata
300 2781 413 2809 pascua
444 2771 681 2810 occupantium:
718 2770 860 2811 ideoque,
884 2772 932 2802 mi

206 2831 263 2862 par
286 2827 343 2859 est,
373 2822 633 2852 numerosiorum.
678 2822 790 2852 Plures
811 2822 932 2853 codices

208 2875 324 2904 habent
338 2874 401 2902 lata
421 2874 533 2912 pabula
558 2874 597 2904 ad
616 2873 707 2904 Ovid.
723 2884 818 2904 amor.
840 2874 884 2904 iii.
900 2878 929 2906 5.

208 2928 259 2956 28.
302 2924 346 2954 Et
371 2928 491 2953 certum
517 2929 562 2953 est
583 2924 735 2962 librarios,
759 2924 836 2955 adeo
860 2936 928 2965 per-

207 2975 351 3016 vulgatus
367 2979 412 3004 est
427 2973 494 3014 ejus
508 2984 596 3011 usuS,
619 2976 699 3005 hanc
714 2976 857 3015 phrasem
874 2977 928 3007 Se-

991 790 1077 810 necae
1092 781 1175 811 male
1197 781 1377 818 obtrusisse‚
1400 780 1441 811 ad
1455 786 1519 812 nat.
1539 786 1660 822 quaestt.
1677 781 1721 813 iii.

990 834 1110 863 ¹27.—“
1122 833 1191 873 jam
1207 843 1264 863 nec
1279 833 1422 873 gramina
1437 839 1492 864 aut
1502 835 1630 873 pabula,
1646 836 1719 865 [cesa

989 887 1012 902 “
1028 885 1124 925 aquis,
1150 885 1282 926 (solum)
1299 885 1468 916 sustinet:'’
1492 886 1539 916 uti
1564 897 1638 916 mox
1660 886 1719 916 ibi-

988 935 1073 973 dem,
1097 946 1162 975 cap.
1179 940 1229 966 28.
1254 940 1276 955 “
1295 937 1370 968 Non
1391 939 1465 967 laedz·
1480 937 1594 967 debent
1616 943 1717 972 terma

989 989 1012 1004 “
1028 987 1081 1017 sed
1110 988 1286 1018 abscondi.'‘
1334 987 1441 1028 Vulgo
1456 988 1581 1029 legitur,
1599 991 1717 1029 pabula

987 1041 1068 1069 loela.

1032 1091 1105 1120 Ver.
1130 1093 1202 1122 365.
1236 1093 1392 1122 animum:
1430 1092 1469 1122 G.
1498 1099 1539 1122 Π.
1570 1093 1717 1128 ΣῗἺιίῐος

989 1142 1082 1180 male,
1105 1142 1230 1181 opinor:
1257 1154 1332 1174 nam
1344 1143 1422 1174 velle
1438 1143 1570 1180 videtur,
1592 1143 1719 1174 eviden-

989 1193 1040 1223 tiae
1055 1194 1155 1234 gratia
1169 1201 1200 1224 et
1214 1195 1351 1234 pulchrae
1365 1194 1587 1234 proportionis,
1612 1194 1718 1225 versfis

988 1246 1100 1276 abhinc
1116 1246 1243 1276 secundi
1271 1257 1364 1285 supra
1379 1246 1552 1286 imaginem
1575 1246 1718 1276 iteratam

986 1295 1072 1325 dare:
1106 1302 1137 1326 et
1166 1297 1245 1327 forte
1275 1308 1315 1326 an
1345 1296 1498 1336 scriptura
1527 1296 1716 1337 antiquiore,

985 1347 1118 1376 breviter
1133 1347 1282 1385 exhibita,
1298 1352 1348 1377 αῖο
1364 1347 1492 1385 scilicet,
1509 1344 1663 1387 prognata
1678 1347 1718 1376 sit

985 1399 1051 1428 haec
1076 1398 1384 1429 varietas—curam.-
1418 1399 1457 1428 G.
1489 1405 1531 1428 Π.
1559 1403 1593 1430 Σ.
1618 1397 1714 1434 curri,-

985 1459 1049 1479 non
1064 1449 1210 1488 deterius,
1237 1450 1294 1480 nisi
1311 1450 1394 1490 quod
1409 1456 1531 1489 recepta
1548 1449 1637 1480 nobis
1652 1449 1714 1480 lec-

984 1500 1028 1530 tio
1043 1501 1188 1531 varietate
1207 1501 1349 1541 jucunda
1364 1507 1528 1531 structurae
1550 1510 1714 1531 commen-

985 1552 1057 1583 data
1074 1553 1183 1583 veniat.

1029 1604 1102 1634 Ver.
1113 1607 1185 1635 566.
1201 1606 1345 1644 requirit:
1375 1610 1415 1633 Π.
1425 1606 1589 1644 requirunt
1597 1620 1608 1640 ;
1619 1603 1715 1644 quod,

985 1654 1047 1685 alio
1072 1656 1181 1696 quovis
1206 1655 1312 1685 codice
1336 1654 1506 1691 firmatum,
1535 1654 1643 1684 statim
1659 1654 1714 1685 ad-

986 1707 1153 1737 misissem:
1191 1717 1264 1737 nam
1295 1707 1384 1736 nobis
1415 1706 1474 1736 ista
1503 1706 1596 1736 lectio
1625 1706 1714 1737 valde

985 1758 1084 1798 placet
1091 1772 1099 1797 ;
1124 1765 1159 1789 ut
1174 1759 1270 1789 etiam
1293 1759 1386 1789 effato
1401 1758 1540 1798 generali
1563 1758 1712 1799 quodam,

984 1822 1057 1842 cum
1074 1811 1157 1852 quali
1168 1811 1283 1842 scilicet
1295 1811 1462 1850 inceperat,
1487 1815 1552 1840 tota
1566 1809 1714 1850 periodus

984 1862 1155 1893 claudatur.

1025 1914 1099 1943 Ver.
1113 1916 1186 1944 567.
1209 1924 1296 1943 cum:
1325 1911 1516 1947 Macrobius,
1543 1912 1605 1943 Sat.
1628 1912 1668 1943 vi.
1684 1914 1714 1943 5.

983 1967 1027 2001 in‚-
1045 1964 1129 2005 quod
1144 1964 1266 1994 videtur
1281 1963 1414 2002 doctius,
1431 1963 1470 1993 ad
1485 1964 1634 1994 Graecum
1643 1973 1712 1993 mo-

982 2027 1060 2055 rem,
1084 2023 1119 2046 ut
1144 2016 1182 2046 sit
1197 2027 1266 2047 cum
1293 2027 1330 2045 ex
1346 2015 1613 2054 interpretatione:
1641 2015 1712 2045 vide

981 2077 1037 2097 nos
1059 2067 1134 2097 adi.
1150 2071 1221 2097 881.
1237 2070 1309 2098 994.
1358 2066 1450 2096 Idem
1476 2066 1595 2096 ibidem
1619 2067 1712 2096 habet

981 2119 1158 2159 cornzferas,
1192 2128 1248 2156 pro
1278 2119 1463 2156 cornigeras,
1498 2116 1532 2145 in
1562 2121 1711 2157 sequente

980 2180 1077 2200 versu.

1024 2220 1104 2251 Ibid.
1124 2221 1261 2250 tremulis
1287 2220 1426 2249 vocibus:
1456 2218 1561 2249 fractis
1587 2219 1708 2259 utique,

981 2278 1011 2302 et
1032 2271 1219 2307 imbellibus,
1243 2276 1279 2299 ut
1308 2269 1518 2299 recentissime
1547 2269 1582 2298 in
1605 2268 1709 2299 lucem

979 2324 1144 2354 editorum.
1190 2323 1321 2359 Statius,
1347 2321 1413 2352 silv.
1437 2331 1463 2351 v.
1488 2324 1517 2352 5.
1541 2324 1572 2351 7.
1595 2320 1634 2351 de
1656 2323 1706 2351 ἰη-

968 2376 1095 2418 santulo
1106 2389 1115 2405 .·

1008 2452 1220 2478 poscentemque
1232 2454 1313 2472 novas
1323 2446 1437 2471 tremulis
1449 2446 1588 2470 ululatibus
1599 2452 1685 2475 auras,

1009 2489 1109 2514 Inserui
1121 2488 1199 2512 vitae:

977 2561 996 2591 i.
1013 2571 1038 2591 e.
1063 2564 1084 2579 “
1102 2559 1241 2599 supplice
1261 2558 1349 2599 quasi
1370 2562 1493 2598 questu,
1518 2556 1581 2598 qua
1603 2555 1705 2595 potuit

979 2617 1000 2632 “
1016 2623 1100 2648 voce,
1131 2623 1150 2641 a
1179 2621 1230 2641 me
1256 2616 1416 2650 petentem
1444 2619 1533 2639 novae
1557 2608 1639 2644 vim,
1669 2607 1702 2637 in

979 2668 1000 2682 “
1016 2674 1111 2704 quam
1126 2663 1284 2703 ingressus
1299 2667 1375 2699 erat,
1391 2657 1560 2691 usuram:'’
1575 2667 1638 2697 quo
1653 2657 1701 2687 ni-

977 2716 1022 2746 hil
1033 2715 1204 2755 pulchrius,
1227 2720 1282 2744 aut
1307 2712 1464 2743 dexterius
1480 2707 1702 2749 excogitatum,

975 2769 1036 2799 dici
1051 2773 1183 2807 poterat3
1209 2765 1390 2797 Marklandi
1416 2770 1521 2793 tamen
1553 2760 1700 2790 emenda-

976 2822 1028 2857 tio,
1051 2821 1084 2850 in
1109 2825 1231 2849 textum
1255 2818 1350 2848 etiam
1376 2819 1507 2853 recepta,
1526 2814 1700 2852 pulsantem

974 2873 1098 2908 scilicet,
1125 2871 1211 2901 unde
1237 2879 1345 2900 omnes
1369 2867 1430 2897 loci
1452 2866 1592 2895 Veneres
1614 2874 1700 2904 pror-

972 2935 1026 2954 sus
1051 2926 1304 2960 corrumpuntur,
1330 2917 1430 2948 doctis
1453 2916 1606 2956 pluribus,
1632 2916 1699 2954 opi-

973 2985 1041 3011 nor,
1065 2983 1184 3012 semper
1199 2981 1232 3001 se
1245 2969 1392 3011 probavit.
1438 2968 1547 3009 Usque
1558 2967 1636 2999 adeo
1652 2966 1699 2997 lu-
