1894 3253
699 254 759 299 T.
804 251 1183 299 LUCRETII

340 388 561 444 Tympana
581 391 694 426 tenta
716 392 861 425 tonant
880 383 1025 439 palmis
1032 401 1045 434 ;
1077 392 1117 425 et
1137 382 1325 440 cymbala
1343 384 1498 426 circum

342 463 550 511 Concava,
572 460 873 515 raucisonoque
893 459 1106 501 minantur
1126 474 1283 500 cornua
1303 468 1442 509 cantu,

225 542 308 579 6-20
341 537 398 578 Et
420 535 606 592 Phrygio
627 534 809 576 stimulat
828 548 1004 574 numero
1024 549 1124 575 cava
1143 533 1245 574 tibia
1263 533 1455 574 menteis:

342 610 524 666 Telaque
543 616 817 664 praeportant,
839 607 1006 648 violenti
1027 608 1146 665 signa
1162 606 1331 657 furoris;

342 685 533 742 Ingratos
553 684 727 734 animos,
750 691 872 738 atque
893 683 1007 737 inpia
1026 690 1210 738 pectora,
1232 681 1342 738 volgi

198 842 253 873 Ad
285 842 391 873 Ovidii
420 843 488 874 fast.
511 843 550 873 iv.
575 847 648 874 212.
679 845 761 874 hanc
786 843 925 874 fabulam

198 895 371 925 tractantis:

244 955 308 978 AEra
316 955 376 980 deae
388 954 512 985 comites,
524 962 658 986 raucaque
668 958 754 987 terga,
766 957 886 978 movent.-

197 1003 295 1034 codex
311 1014 394 1034 unus
405 1004 470 1042 dat,
482 1011 603 1034 sonant.
637 1003 797 1040 Rescribe,
810 1009 926 1033 tonant.

199 1054 269 1085 Nec
284 1055 423 1086 Lucretii
441 1056 559 1086 Statius
581 1055 748 1085 immemor
762 1054 859 1084 etiam
874 1053 924 1082 in-

198 1107 321 1138 venitm·
336 1108 377 1138 ad
392 1107 507 1138 Achill.
525 1107 556 1138 ii.
576 1111 646 1138 153.

328 1180 425 1207 quater
435 1182 492 1201 aera
503 1175 598 1205 Rheae‚
607 1178 703 1206 quater
715 1174 779 1200 Evia
786 1174 893 1207 pulsant

228 1215 308 1247 Terga
318 1222 407 1240 manu.

203 1271 358 1310 Catullus,
374 1282 435 1302 ver.
452 1275 502 1301 82.
518 1271 660 1310 ejusdem
675 1271 839 1301 carminis:

230 1332 309 1361 Face,
319 1334 420 1355 cuncta
427 1330 562 1362 mugienti
573 1329 685 1355 fremitu
698 1330 757 1355 loca
768 1333 889 1354 monent.

199 1380 296 1410 Idem
310 1380 478 1421 ingenium
496 1379 663 1410 Claudiani
686 1379 819 1410 eandem
841 1379 928 1409 resti-

200 1433 358 1463 tutionem
373 1431 511 1462 similem
526 1431 591 1461 veri
607 1431 681 1461 facit
696 1431 735 1461 ad
748 1437 827 1470 rapt.
840 1431 929 1462 Pros.

200 1484 219 1514 i.
237 1488 309 1516 209.

200 1553 262 1575 Post
271 1557 353 1582 quam
362 1550 418 1575 visa
426 1551 517 1581 Ceres,
524 1550 662 1582 mugitum
672 1554 804 1582 tympana
813 1550 931 1580 frenant3

201 1590 365 1614 Conticuere
375 1590 464 1614 chori:
483 1590 602 1620 Corybas
613 1596 668 1614 non
681 1589 787 1621 impulit
800 1596 906 1614 ensem:

203 1631 262 1654 Non
274 1630 374 1660 buxus,
386 1637 440 1654 non
453 1636 508 1654 aera
519 1633 618 1654 tonant.

200 1689 323 1729 Vulgo,
352 1695 471 1720 sonant.
517 1688 613 1718 Hanc
635 1688 825 1719 medicinam
849 1689 930 1718 Mae-

201 1740 303 1770 cenati
318 1740 445 1778 faciam,
461 1741 496 1770 iu
514 1739 644 1770 Anthol.
660 1740 729 1770 Lat.
744 1740 764 1770 i.
778 1743 828 1771 55.
847 1740 929 1770 Bur-

201 1792 326 1823 manni:

232 1851 302 1877 Ades
314 1852 378 1882 huc,
389 1852 462 1882 ades,
473 1853 582 1884 Cybebe
595 1852 655 1882 dea,
665 1852 823 1885 montigena
833 1852 899 1882 dea;

232 1891 299 1923 Age,
310 1895 426 1924 tympano
437 1892 535 1916 tonanti
550 1895 632 1922 quate
644 1891 766 1916 flexibile
777 1895 869 1923 caput.

205 1943 256 1973 Ibi
286 1954 423 1984 quoque,
454 1946 576 1974 sonanti
584 1959 595 1979 ‚·
619 1943 673 1973 sed
698 1943 742 1973 sic
768 1942 934 1973 Lucretius

204 2001 321 2033 noster,
345 2002 377 2026 et
398 1996 501 2026 Varro
524 1995 557 2025 in
579 1996 728 2031 versibus,
751 1994 806 2035 qui
828 1994 933 2024 statim

206 2053 392 2087 sequuntur:

235 2115 300 2139 Tibi
309 2118 430 2147 tympana
441 2115 514 2139 haud
525 2115 598 2139 inani
607 2115 707 2144 sonitu,
719 2115 779 2145 dea,
794 2115 917 2140 tonimus:

237 2155 363 2180 sonitum
375 2155 436 2180 aeris
445 2154 590 2179 intonamus
601 2155 650 2179 tibi
661 2161 708 2179 nos
718 2155 845 2180 semiviri.

209 2212 283 2243 Alia
297 2212 387 2243 nobis
401 2219 568 2252 supersunt
582 2214 641 2243 hoc
655 2223 782 2253 genere,
792 2223 857 2243 non
874 2213 934 2243 mi-

205 2275 266 2294 nus
280 2263 471 2302 indubitata3
494 2264 550 2295 sed
573 2264 696 2294 onerari
711 2264 863 2295 lectorem
878 2275 935 2295 no-

206 2316 321 2347 lumus.

250 2367 331 2398 Ibid.
355 2369 493 2408 cymbala
509 2370 637 2399 circum.
674 2368 778 2404 Maro,
802 2378 873 2409 geo.
897 2368 938 2398 iv.

208 2423 259 2451 64.

206 2479 389 2511 Tinnitusque
399 2478 450 2509 cie,
463 2482 490 2504 et
503 2478 596 2503 Matris
611 2480 693 2510 quate
701 2478 816 2510 cymbala
828 2478 933 2503 circum.

250 2529 326 2559 Ver.
353 2531 424 2560 619.
447 2529 667 2568 raucisonoque
691 2529 868 2558 minantur:
896 2534 937 2559 Π.

207 2581 368 2610 raucisono
385 2581 557 2609 imitantur.

253 2630 333 2661 Ibid.
357 2633 519 2662 raucisono
534 2632 696 2662 minantur
707 2641 822 2662 cornua
833 2638 936 2663 cantu.

209 2682 291 2712 Haec
306 2683 402 2713 etiam
418 2683 616 2714 Mantuanus
627 2683 769 2722 arripuit,
780 2683 854 2714 AEn.
871 2684 933 2714 viii.

210 2738 231 2757 ι)

210 2756 239 2764 ..n

404 2801 480 2819 rauco
489 2798 662 2826 strepuerunt
673 2802 769 2820 cornua
780 2797 868 2819 cantu.

210 2842 255 2873 Et
268 2841 413 2872 similiter
428 2844 581 2881 Catullus,
596 2845 670 2876 lxiv.
687 2849 758 2876 264.
785 2845 875 2885 cujus
889 2843 935 2875 lo-

210 2904 266 2924 cus
290 2892 413 2934 integer
441 2895 481 2926 ad
507 2897 692 2928 Lucretium
713 2897 938 2929 illustrandum

210 2946 329 2978 utiliter
342 2947 448 2978 faciet:

1015 842 1171 875 Plangebant
1182 842 1226 866 alii
1236 841 1352 873 proceris
1361 844 1482 873 tympana
1495 839 1601 871 palmis,

1015 883 1071 907 Aut
1082 882 1161 907 tereti
1172 881 1277 906 tenueis
1291 881 1405 905 tinnitus
1420 887 1475 905 aere
1485 880 1592 904 ciebant
1603 886 1610 903 :

1015 921 1106 945 Multis
1116 922 1260 946 raucisonos
1269 921 1403 946 ecflabant
1415 929 1511 945 cornua
1521 921 1646 950 bombos,

1016 962 1184 992 Barbaraque
1195 961 1316 985 horribili
1326 961 1457 986 stridebat
1468 961 1530 985 tibia
1542 964 1629 984 cantu.

1014 1013 1087 1043 Ver.
1104 1016 1176 1043 620.
1199 1013 1355 1042 stimulat.-
1376 1011 1413 1042 P.
1432 1017 1472 1041 Π.
1488 1012 1702 1042 stimulant.—

973 1077 1046 1097 cava
1057 1079 1066 1095 :
1092 1065 1133 1094 V.
1153 1064 1200 1094 ed.
1216 1075 1306 1095 cana.

1016 1120 1091 1150 Ver.
1107 1122 1181 1150 621.
1198 1125 1402 1159 proeportant.
1440 1118 1588 1149 Catullus
1597 1127 1706 1148 vocem

973 1171 1128 1209 adhibuit,
1144 1176 1176 1200 et
1185 1170 1233 1200 bis
1247 1175 1429 1210 togatorum
1441 1169 1661 1200 disertissimus
1669 1169 1703 1198 in

974 1223 1110 1261 Arateis,
1126 1222 1165 1252 de
1182 1223 1341 1253 Centauro
1360 1222 1487 1252 biformi
1502 1221 1646 1262 loquens:

1199 1285 1304 1312 partem
1312 1285 1472 1314 praeportans
1483 1281 1538 1313 ipse
1545 1280 1661 1306 virilem.

974 1330 1016 1360 In
1033 1329 1140 1359 lexicis
1154 1329 1289 1359 alterum
1305 1330 1488 1369 exemplum
1505 1340 1619 1370 quaere.
1663 1329 1707 1359 Et

973 1381 1147 1420 pleniorem
1164 1381 1400 1411 distinctionem
1423 1395 1465 1421 τῳ
1481 1381 1609 1422 furoris
1633 1391 1706 1420 sup-

974 1433 1138 1472 posuimus
1144 1444 1153 1470 3
1177 1442 1277 1472 quum
1291 1442 1426 1472 sequens
1440 1431 1595 1462 distichon
1619 1442 1707 1472 aeque

975 1484 1118 1522 respiciat
1132 1483 1240 1513 omnia
1250 1483 1466 1521 praecedentia.

1019 1534 1094 1564 Ver.
1121 1538 1193 1565 622.
1228 1535 1388 1573 Ingratos:
1426 1540 1467 1564 Π.
1490 1536 1708 1574 Ingratosque;

976 1591 1007 1615 et
1022 1585 1132 1625 placet.
1688 1602 1691 1604 ’

1020 1637 1102 1668 Ibid.
1125 1640 1244 1668 animos
1267 1645 1357 1678 atque
1374 1644 1511 1678 pectora.
1559 1638 1611 1668 Ita
1632 1637 1706 1667 Vir-

975 1689 1081 1730 gilius,
1100 1690 1175 1719 AEn.
1192 1689 1211 1718 i.
1232 1693 1300 1720 153.

1023 1751 1076 1774 Iste
1087 1749 1156 1781 regit
1167 1750 1246 1774 dictis
1256 1749 1364 1780 animos,
1375 1753 1403 1774 et
1411 1753 1512 1782 pectora
1523 1749 1636 1774 mulcet.

1018 1799 1093 1829 Ver.
1110 1802 1184 1830 623.
1209 1798 1379 1829 Editorum
1390 1798 1634 1840 indiligentiam,
1646 1798 1708 1836 vel,

977 1851 1003 1880 si
1030 1851 1142 1889 mavis,
1166 1850 1391 1890 penetrabilem
1417 1851 1631 1892 sagacitatem,
1659 1850 1710 1881 cui

978 1909 1145 1942 patescunt
1175 1903 1294 1941 omnia,
1325 1902 1450 1933 silentio
1478 1902 1710 1933 transeuntium

979 1955 1111 1995 hujusce
1137 1954 1198 1985 loci
1226 1955 1503 1992 constructionem,
1529 1954 1711 1995 vulgaribus

977 2007 1114 2047 ingeniis
1139 2016 1204 2036 non
1227 2006 1333 2036 statim
1358 2005 1590 2045 explicabilem!
1616 2005 1709 2036 Ami-

978 2069 1033 2088 cus
1049 2058 1261 2096 Havercampi
1277 2057 1408 2098 quidam
1419 2057 1637 2087 difficultatem
1646 2057 1709 2095 pri-

978 2120 1063 2148 mus,
1078 2115 1114 2139 ut
1129 2115 1175 2139 est
1190 2108 1356 2148 conjicere,
1372 2108 1539 2147 persensit;
1561 2113 1592 2137 et
1601 2107 1709 2147 legen-

978 2160 1057 2190 dum
1088 2159 1263 2199 proposuit,
1292 2161 1432 2189 'numinis
1445 2172 1455 2188 .·
1492 2158 1577 2198 quod
1606 2158 1712 2197 potius

979 2216 1145 2241 structurae
1160 2210 1243 2246 satis,
1257 2220 1352 2250 quam
1363 2208 1582 2249 probabilitati,
1596 2209 1712 2239 fecerit.

980 2263 1049 2293 Nos
1063 2263 1122 2293 hoc
1138 2267 1227 2301 pacto
1254 2272 1322 2292 rem
1345 2261 1475 2292 nitidius
1497 2271 1711 2300 processuram

981 2325 1047 2345 esse
1062 2315 1240 2354 opinamur,
1256 2324 1332 2344 nam
1348 2314 1382 2343 in
1397 2313 1557 2343 codicibus
1571 2312 1652 2343 nihil
1665 2319 1712 2344 est

981 2366 1116 2406 praesidii
1131 2377 1236 2406 super:

1011 2428 1172 2451 conterrere
1184 2430 1264 2450 melus
1275 2426 1332 2458 quei
1343 2425 1445 2458 possint
1455 2425 1568 2451 numine
1579 2426 1651 2450 divae
1660 2433 1668 2449 z

980 2477 1000 2507 i.
1016 2487 1041 2507 e.
1064 2478 1120 2516 qui
1133 2484 1273 2515 terrores,
1290 2476 1439 2517 imaginis
1453 2476 1571 2506 scilicet
1585 2475 1709 2512 divinae,

981 2535 1218 2570 tympanorum,
1249 2535 1280 2559 et
1302 2529 1439 2560 aliorum
1461 2529 1618 2567 omnium,
1640 2536 1710 2568 quae

981 2581 1166 2621 praeiverint.
1227 2581 1325 2612 Suam
1363 2581 1552 2612 sententiam
1580 2580 1708 2610 lectores

980 2633 1091 2663 ferant.

1025 2684 1098 2714 Ver.
1128 2688 1201 2715 624.
1232 2695 1360 2724 magnas
1389 2684 1497 2714 urbeis.

984 2736 1060 2766 AEn.
1076 2735 1142 2765 xiii.
1163 2739 1231 2767 106.

1045 2798 1163 2822 Centum
1175 2797 1244 2822 urbis
1255 2797 1378 2821 habitant
1388 2802 1506 2827 magnas.-

981 2845 1071 2877 aliter
1085 2847 1232 2878 dixissem
1247 2857 1265 2876 e
1280 2844 1467 2885 compendio
1486 2842 1645 2883 scripturae
1661 2851 1709 2872 er-

980 2909 1085 2930 rorem
1099 2905 1211 2929 natum
1226 2909 1302 2935 esse,
1324 2908 1452 2938 magnas
1467 2906 1484 2927 e
1500 2901 1639 2935 magnast
1647 2910 1656 2930 ;
1677 2899 1707 2924 ei

982 2950 1168 2982 Lucretium
1183 2949 1317 2981 dedisse:

1542 2679 1705 2721 Virgilius,
