1894 3253
636 250 873 300 LIBER
917 249 1224 301 PRIMUS.

1622 259 1686 301 65

326 386 436 428 Cum
457 384 637 435 fremitu,
661 385 856 440 saevitque
877 383 1027 425 minaci
1048 397 1275 434 murmure,
1296 390 1460 439 pontus.

328 461 435 502 Sunt
456 461 581 517 igitur
602 460 713 500 venti
734 459 931 499 nimirum
952 473 1129 513 corpora
1148 473 1273 509 caeca,

326 535 435 584 Quae
460 550 589 584 mare,
612 548 706 589 quae
727 541 870 581 terras,
893 547 987 587 quae
1008 532 1185 587 denique
1205 532 1347 574 nubila
1366 532 1473 583 coeli,

203 614 288 650 280
321 609 520 658 Verrunt,
542 622 590 649 ac
611 607 746 648 subito
770 606 963 647 vexantia
983 606 1149 647 turbine
1168 614 1348 661 raptant.

179 770 261 796 Ελθων
273 769 296 795 δ’
309 771 418 801 εξαεπιννῆ
431 777 529 801 argu-05,
545 777 586 793 συν
597 771 708 792 >acham
720 771 811 802 πολλῇ,

180 818 255 854 Βοθςυ
273 818 294 844 τ’
313 819 542 847 ΕΞΕΣΤΡΕΨΕ,
561 827 608 843 και
620 814 853 843 ΕΞΕΤΑΝΥΣΣ’
874 825 909 841 tm

336 877 406 901 γαμῇ.

180 921 271 952 Hinc
290 921 398 960 probo,
423 925 459 950 ut
484 919 586 960 magis
608 918 779 955 efficacem,
807 922 838 947 et
853 916 911 956 ipsi

177 974 223 1004 rei
239 978 496 1009 consentaneam,
512 971 681 1001 lectionem
697 969 814 1000 codicis
828 968 912 999 deci-

179 1025 226 1056 mi
256 1024 352 1055 seculi
378 1026 411 1054 in
443 1024 569 1054 Musaeo
597 1022 792 1060 Britannico,
823 1022 914 1052 nobis

181 1076 286 1106 collati
302 1075 343 1106 ad
358 1074 488 1115 Virgilii
504 1074 558 1105 ecl.
576 1074 596 1104 i.
616 1077 663 1104 13.

242 1136 294 1159 Nos
306 1134 400 1166 patriae
413 1133 482 1163 finis,
494 1136 521 1158 et
534 1132 623 1157 dulcia
634 1133 756 1165 liquimus
765 1139 838 1157 arva.

223 1185 306 1216 Ibid.
330 1186 466 1225 magnis:
493 1191 532 1214 Π.
550 1195 693 1224 magnos;
720 1189 762 1222 et,
789 1193 846 1222 pro
860 1193 911 1213 su-

176 1249 311 1279 premos,
336 1242 372 1268 Σ.
400 1238 536 1276 supinos,
552 1246 664 1275 parum
687 1234 836 1272 absurde;
860 1233 913 1264 sed

178 1289 340 1330 vulgatam
355 1287 542 1327 scripturam
558 1287 685 1317 abunde
709 1293 816 1317 tuetur
838 1285 910 1316 irni-

179 1342 256 1372 tatio
271 1339 462 1380 Virgiliana‚
478 1349 548 1380 geo.
567 1339 608 1370 iv,
623 1342 696 1370 460.

206 1410 243 1434 At
255 1408 351 1433 chorus
363 1408 473 1439 aequalis
485 1407 627 1439 Dryadum
639 1407 758 1432 clamore
766 1410 895 1439 supremos

211 1448 352 1480 Inplerunt
363 1447 464 1472 montis.

179 1507 304 1546 Nempe
319 1517 444 1536 summa
459 1505 619 1536 montium
634 1504 813 1542 cacumina,
837 1513 911 1534 ven-

179 1565 286 1589 torum
301 1557 481 1588 verberibus
496 1557 699 1596 potissimum
714 1555 860 1595 exposita.

225 1611 300 1641 Ver.
318 1612 390 1641 276.
414 1615 508 1640 vexat.
536 1609 670 1646 Gellius,
687 1614 781 1638 noctt.
798 1609 865 1638 Att.
882 1607 914 1637 ii.

184 1668 212 1695 6.
246 1666 269 1681 “
290 1665 421 1694 Vexasse
450 1671 546 1702 grave
572 1662 704 1691 verbum
729 1666 913 1690 estz—nam

179 1719 202 1734 “
218 1715 273 1756 qui
288 1715 400 1752 fertur,
418 1720 448 1744 et
463 1719 616 1753 raptatur,
633 1718 727 1753 atque
742 1713 804 1742 huc
820 1718 914 1752 atque

180 1770 202 1786 ‘⁸
218 1766 294 1796 illuc
310 1765 505 1802 distrahitur,
529 1765 555 1793 is
576 1766 682 1795 verm-i
697 1763 820 1802 proprie
835 1763 913 1792 dici-

181 1823 202 1836 “
218 1817 303 1848 tur.”
345 1817 409 1846 Adi
423 1816 542 1852 locum,
559 1816 585 1844 si
601 1814 701 1853 plura,
718 1820 916 1855 venustatem

179 1877 273 1911 atque
303 1869 475 1900 efficaciam
498 1869 629 1908 hujusce
659 1867 802 1897 vocabuli
827 1866 914 1896 illus-

180 1923 308 1960 trantia,
325 1921 489 1952 desideres.
524 1921 613 1950 Hinc
632 1920 788 1959 impetum
804 1919 915 1949 vastio-

149 1990 153 1996 ·
182 1985 250 2006 rem
274 1974 434 2004 irascentis
456 1973 538 2002 tauri
562 1983 626 2002 non
651 1971 782 2002 aliunde
804 1971 917 2001 fortius

179 2027 348 2067 depingere
362 2025 526 2057 Juvenalis
541 2025 652 2064 potuit,
670 2031 724 2054 sat.
742 2024 794 2054 xii.
816 2027 863 2055 ll.

348 2093 394 2124 qui
404 2095 491 2116 vexat
503 2092 623 2116 nascenti
635 2092 730 2116 robora
741 2098 835 2116 cornu.

226 2142 307 2172 Ibid.
323 2147 409 2172 verat
421 2142 555 2182 flabris:
583 2147 618 2170 ut
644 2140 779 2171 Ovidius
803 2139 917 2171 itidem

179 2194 219 2225 de
233 2196 340 2231 ventis,
355 2199 429 2223 met.
445 2192 485 2223 xi.
502 2195 575 2223 435.

442 2252 506 2277 coeli
517 2258 624 2282 quoque
636 2251 726 2276 nubila
738 2254 842 2276 vexant
852 2259 861 2276 .-

185 2307 216 2332 et
233 2302 359 2335 Seneca,
377 2301 475 2330 Herc.
489 2300 551 2329 fur.
571 2303 663 2331 1090.

569 2357 672 2389 ingenti

313 2399 411 2421 Vexata
423 2400 495 2426 Noto,
507 2401 595 2421 servat
605 2397 698 2428 longos

312 2436 392 2460 Unda
403 2435 545 2460 tumultus.

233 2484 317 2517 Ibid.
340 2485 476 2525 petfurit
495 2490 617 2523 pontus.

188 2548 254 2574 cus,
269 2536 332 2566 viii.
347 2539 420 2566 582.

662 2482 808 2513 Valerius
823 2483 912 2514 Flac-

251 2598 348 2620 Noctes
359 2598 441 2625 atque
454 2593 508 2618 dies
519 2593 598 2617 vastis
613 2600 682 2617 mare
695 2593 820 2618 fluctibus
830 2593 901 2618 inter

251 2635 374 2667 Perfurit.

231 2686 306 2716 Ver.
325 2688 397 2715 277.
422 2684 538 2713 minaci
553 2693 717 2712 murmure.
751 2682 915 2723 Horatius,

188 2739 236 2770 od.
252 2738 283 2768 ii.
303 2740 328 2767 l.
348 2740 397 2766 17.

282 2798 342 2828 Jam
353 2801 426 2819 nunc
438 2793 531 2817 minaci
541 2799 670 2817 murmure
681 2799 813 2818 cornuum

281 2836 434 2868 perstringis
445 2842 530 2859 aures.

235 2885 316 2916 Ibid.
336 2891 458 2926 pontus.
498 2883 549 2913 Sic
565 2893 684 2920 omnes,
701 2887 855 2923 quotquot
869 2893 918 2913 re-

190 2936 365 2978 perimitur,
395 2945 494 2967 manu
524 2934 630 2974 scripti
653 2933 782 2965 codices.
827 2934 917 2966 Huic

954 767 1061 792 autem
1086 761 1214 793 lectioni
1236 761 1307 802 quis
1329 761 1484 793 cordatior
1507 763 1619 803 poterit
1633 774 1684 795 ac-

954 813 1131 854 quiescere?
1167 814 1323 844 Nonnulli
1361 814 1535 855 conjiciunt
1571 814 1685 853 etit-tus,

954 875 1010 904 pro
1025 871 1159 896 coortus:
1186 865 1271 905 quod
1287 865 1389 906 friget.
1436 866 1603 907 Preigerus
1618 878 1685 897 ma-

954 916 1015 947 luit
1047 919 1153 955 Corus,
1179 916 1227 946 vel
1260 917 1396 947 Caurus:
1428 923 1459 947 et
1487 918 1599 948 eadem
1628 929 1688 949 vox

956 967 1046 997 nobis
1057 967 1153 997 etiam
1162 967 1195 997 in
1206 973 1346 997 mentem
1355 974 1481 998 venerat
1487 981 1496 1006 ;
1513 969 1566 999 sed
1576 980 1688 1009 parum

956 1018 1069 1057 placet,
1093 1025 1124 1048 et
1151 1018 1252 1048 multo
1275 1019 1380 1049 minus
1406 1020 1499 1050 amici
1525 1020 1688 1061 cujusdam

956 1071 1019 1101 mei
1034 1070 1186 1100 divinatio
1200 1077 1316 1109 ventus,
1332 1078 1397 1101 tam
1409 1074 1448 1102 ob
1459 1073 1688 1111 repetitionem,

957 1133 1052 1163 quam
1081 1122 1166 1163 quod
1195 1133 1214 1152 a
1239 1129 1371 1162 receptae
1402 1124 1563 1164 scripturae
1592 1125 1689 1156 literis

957 1174 1094 1204 nimium
1119 1174 1260 1212 decedat,
1291 1185 1349 1205 nec
1371 1175 1519 1205 credibile
1544 1176 1583 1206 sit
1609 1178 1691 1208 hanc

956 1225 1127 1255 dictionem
1149 1232 1333 1264 corruptum
1354 1226 1469 1256 scribas
1491 1227 1590 1256 ituros
1616 1238 1691 1259 esse.

958 1276 1045 1312 Quid
1060 1282 1168 1307 autem
1190 1276 1374 1307 faciendum
1397 1276 1463 1308 est?
1489 1278 1633 1308 Fortasse
1656 1292 1690 1309 το

949 1334 1075 1368 pontus,
1099 1329 1118 1358 i.
1134 1338 1160 1358 e.
1184 1323 1289 1367 quitus,
1321 1334 1428 1358 ortum
1454 1334 1500 1358 est
1522 1339 1561 1359 ex
1585 1331 1689 1369 polus,

955 1379 1104 1420 genuinae
1119 1379 1263 1409 lectionis
1279 1379 1447 1420 marginali
1459 1379 1573 1420 glossa,
1589 1390 1691 1421 quum

957 1431 1078 1462 dederit
1092 1431 1276 1461 Lucretius:

1369 1491 1408 1516 ita
1419 1491 1532 1524 perfurit
1543 1492 1599 1517 acri

988 1533 1060 1557 Cum
1071 1532 1194 1563 fremitu,
1205 1533 1339 1564 saevitque
1347 1532 1448 1557 minaci
1456 1540 1598 1559 murmure
1608 1533 1692 1566 Olym-

1078 1575 1137 1604 pus.

960 1621 1076 1652 Noster
1090 1632 1194 1662 supra,
1209 1632 1270 1652 ver.
1289 1626 1339 1654 69.

1372 1686 1422 1705 nec
1434 1680 1568 1704 minitanti

1020 1722 1156 1744 Murmure
1167 1720 1313 1751 conpressit
1324 1719 1423 1743 coelum.

960 1768 1124 1809 Virgilius,
1143 1769 1221 1798 AEn.
1235 1768 1275 1798 iv.
1294 1771 1367 1798 160.

1021 1829 1136 1856 Interea,
1147 1833 1248 1858 magno
1260 1826 1366 1851 misceri
1376 1833 1507 1850 murmure
1518 1826 1608 1851 coelum

1021 1867 1126 1898 Incipit.

963 1917 1024 1947 Sed
1044 1917 1077 1947 in
1100 1927 1134 1947 re
1155 1916 1363 1947 incertissima
1384 1917 1520 1947 sufficiat
1538 1918 1692 1948 hactenus

960 1969 1140 1999 elaborasse.

1005 2020 1078 2050 Ver.
1094 2023 1168 2051 5278.
1192 2022 1305 2060 igitur:
1336 2025 1372 2052 Σ.
1389 2026 1418 2051 et
1433 2022 1514 2051 enim
1521 2034 1533 2056 ;
1560 2020 1616 2051 sed
1630 2022 1693 2060 igi-

960 2079 1011 2104 tur
1026 2072 1060 2101 in
1075 2070 1230 2111 margine.

1003 2124 1080 2153 Ver.
1099 2126 1171 2154 279.
1194 2124 1310 2153 nubila.
1349 2125 1463 2163 Apage
1478 2122 1520 2152 sis
1534 2124 1615 2153 hanc
1630 2123 1691 2153 im-

959 2174 1105 2207 becillam
1134 2173 1319 2211 dictionem,
1351 2185 1421 2214 quae
1452 2174 1570 2204 librarii
1600 2185 1692 2204 aures

959 2229 1220 2266 circumsonabat,
1238 2234 1268 2258 et
1278 2228 1512 2269 exquisitiorem
1524 2227 1693 2258 lectionem

959 2282 1122 2311 obruebat:
1151 2291 1226 2310 nam
1242 2280 1353 2311 misere
1376 2280 1501 2311 caderet
1522 2280 1634 2317 oratio,
1663 2280 1691 2310 si

958 2339 1028 2372 post
1043 2334 1143 2362 maria
1161 2338 1192 2361 et
1206 2339 1306 2362 terras
1316 2331 1350 2361 in
1360 2331 1526 2362 cumulum
1537 2331 1692 2361 violentiae

960 2385 1113 2425 posuisset
1129 2391 1233 2414 noster
1257 2388 1279 2402 “
1295 2385 1401 2414 nubila
1419 2383 1522 2421 coeli‚”
1549 2394 1620 2423 quae
1643 2383 1692 2414 vel

958 2436 1122 2471 levissimis
1137 2436 1220 2465 auris
1234 2446 1289 2474 per
1304 2437 1376 2465 a'era
1390 2435 1502 2465 saltem
1516 2441 1692 2467 verruntur.

961 2489 1126 2522 Rescribas
1137 2488 1234 2525 ocius,
1252 2498 1303 2517 mc
1318 2497 1478 2526 sponsore:

961 2559 1030 2589 Quae
1040 2563 1124 2585 mare,
1133 2562 1195 2587 quae
1203 2560 1296 2585 terras,
1304 2562 1366 2586 quae
1374 2555 1490 2586 denique
1497 2554 1608 2579 culmina
1618 2555 1692 2587 coeli,

961 2599 1122 2621 Verrunt—:

963 2655 984 2684 i.
1003 2665 1028 2684 e.
1055 2653 1229 2693 Olympum
1254 2652 1367 2691 ipsum.
1416 2650 1526 2681 Cicero
1548 2651 1582 2681 in
1608 2652 1690 2683 Ara-

960 2706 1030 2736 teis:

1095 2779 1121 2796 se
1132 2771 1232 2803 pariter
1241 2777 1305 2794 cum
1317 2769 1370 2794 sole
1385 2769 1412 2793 in
1420 2768 1532 2794 culmina
1541 2768 1597 2794 coeli

992 2812 1112 2837 Extulit:

962 2877 993 2901 et
1010 2868 1174 2905 Manilius,
1191 2868 1210 2899 i.
1229 2871 1300 2899 115.

1278 2935 1407 2962 stellantis
1418 2934 1529 2961 culmina
1539 2932 1603 2958 coeli.
