1894 3253
178 322 269 349 xxx
502 306 936 350 TESTIMONIA
967 307 1306 350 VETERUM

177 433 337 468 laudibus
353 434 520 476 Lucretii,
540 440 579 467 ut
597 432 764 478 elegantis
781 433 909 477 poetae,
934 431 1118 467 detrahere
1134 432 1299 476 voluisse,
1316 432 1378 467 sed
1395 433 1588 470 orationem
1605 437 1680 483 ejus

176 497 393 532 subtiliorem
418 509 505 539 esse,
529 503 635 542 atque
653 508 873 537 τεχνικωτεςην,
898 503 938 530 ut
955 503 1195 542 argumentum
1213 509 1353 543 quoque
1377 497 1479 532 nimis
1505 505 1681 534 austerum

176 568 213 595 et
229 560 331 603 exile,
356 572 457 606 quam
475 571 552 606 quae
569 560 733 604 ubertati,
757 559 1035 605 magnificentiae,
1062 566 1097 594 et
1116 560 1322 603 amoenitati,
1348 561 1518 596 sermonis
1536 562 1683 596 oratorii

178 623 459 658 consummandis
484 622 630 669 pulchre
649 623 718 658 sint
742 622 1017 658 accommodata.
1067 622 1231 657 Meminit
1247 622 1373 658 iterum
1400 625 1558 660 Lucretii
1576 625 1682 671 scrip·

176 694 233 722 tor
245 687 305 722 ille
319 686 627 729 fructuosissimus,
641 686 726 721 ibid.
740 686 788 720 iii.
810 693 838 720 1.
851 685 920 720 viii.
939 693 970 720 6.
987 685 1046 721 xii.
1068 692 1120 720 11.

487 808 542 856 C.
593 806 995 856 CORNELIUS
1043 804 1367 866 TACITUS,

509 949 722 1010 Dialogo
747 950 803 995 de
827 948 1110 1005 oratoribus,
1131 954 1234 995 sect.
1263 956 1340 995 23.

231 1088 452 1130 Neminem
473 1089 715 1140 nominabo,
737 1103 867 1145 genus
888 1087 1106 1128 hominum
1128 1087 1309 1145 signasse
1330 1095 1567 1138 contentus3
1610 1090 1681 1144 qui

174 1161 381 1204 Lucilium
401 1178 479 1217 pro
503 1162 702 1213 Horatio,
726 1171 766 1203 et
790 1162 1064 1204 LUCRETIUM
1087 1177 1166 1216 pro
1188 1162 1380 1219 Virgilio,
1398 1162 1554 1219 legunt.

527 1295 578 1341 P.
630 1294 958 1343 PAPINIUS
1007 1293 1324 1353 STATIUS,

667 1437 935 1497 Sylvarum,
960 1436 1008 1482 ii.
1036 1441 1080 1485 7.
1119 1441 1197 1486 76.

553 1575 685 1617 Cedet
710 1576 836 1617 qusa
852 1575 966 1617 rudis
987 1575 1132 1617 ferocis
1156 1575 1301 1625 Ennii,

550 1649 605 1690 Et
626 1650 739 1692 docti
759 1650 874 1692 furor
894 1649 1047 1691 arduus
1070 1649 1386 1691 LUCRETII.

220 1783 353 1820 Statius
376 1791 491 1821 autem
505 1786 725 1832 potissimum
742 1782 885 1829 respicit
901 1783 1058 1818 Lucretii
1072 1783 1129 1817 lib.
1153 1789 1181 1816 1.
1197 1793 1286 1816 verr.
1308 1788 1384 1817 137.
1405 1788 1480 1816 146.
1500 1788 1577 1817 922.
1625 1782 1684 1826 Et,

173 1860 218 1882 ne
234 1848 270 1882 in
293 1849 462 1894 sequioris
479 1850 593 1885 aetatis
618 1848 817 1894 scriptores,
841 1846 902 1892 qui
919 1846 1124 1880 Lucretium
1149 1845 1309 1880 laudibus
1327 1845 1541 1887 extulerunt,
1565 1857 1685 1891 evage—

173 1922 250 1944 mur
272 1910 387 1953 latius‚
413 1912 524 1946 otium
550 1912 649 1946 nobis
669 1910 753 1945 fecit
777 1911 948 1945 immensa
963 1910 1099 1944 Barthii
1117 1910 1292 1945 doctrina:
1329 1911 1427 1956 cujus
1445 1916 1530 1945 nota
1551 1909 1685 1946 scilicet

173 1973 219 2008 ad
240 1974 376 2020 Papinii
392 1973 509 2010 locum
526 1973 627 2020 plura
645 1973 733 2008 scire
750 1971 970 2017 cupientibus
988 1972 1205 2006 consulenda
1221 1979 1286 2006 est.

471 2094 532 2151 Q.
583 2091 894 2142 SERENUS
942 2091 1021 2139 SA
1031 2090 1371 2151 MONICUS‚

621 2236 702 2283 De
724 2232 968 2290 medicimi,
992 2248 1089 2281 ver.
1117 2239 1227 2279 614.

320 2375 417 2418 Hoc
437 2376 589 2432 poterit
609 2384 778 2433 quartus
798 2373 941 2432 magni
961 2381 1191 2415 monstrare
1213 2370 1527 2416 LUCRETII.
