1894 3253
636 254 870 307 LIBER
913 254 1223 307 PRIMUS.

1598 266 1688 308 133

334 388 390 431 Et
409 390 587 447 graviter
606 391 769 448 magnei
791 405 944 448 magno
965 390 1149 432 cecidere
1168 389 1225 430 ibi
1246 404 1358 431 casu:

335 463 538 515 Primum,
562 466 670 522 quod
694 475 844 515 motus,
867 473 1061 519 exempto
1082 465 1202 506 rebus
1223 465 1352 515 inani,

334 539 370 580 C
373 541 617 589 onstituunt‚
641 549 680 581 et
701 555 764 581 res
783 539 938 580 molleis
958 554 1152 594 rarasque
1171 539 1422 594 relinquunt,

218 613 299 653 745
332 614 458 664 Aera,
482 614 621 663 solem,
644 615 798 670 ignem,
821 621 964 661 terras,
987 611 1194 661 animalia,
1216 611 1372 669 fruges;

331 687 420 728 Nec
445 696 582 728 tamen
603 687 830 728 admiscent
849 687 893 726 in
915 700 1059 726 eorum
1079 700 1228 740 corpus
1247 687 1386 728 inane:

325 761 506 811 Deinde,
528 762 639 817 quod
661 761 832 801 omnino
852 760 979 801 finem
1000 774 1086 800 non
1107 774 1192 800 esse
1213 760 1397 801 secandis

327 836 581 892 Corporibus
602 835 771 886 faciunt,
793 850 926 891 neque
946 849 1116 890 pausam
1138 842 1244 875 stare
1264 834 1438 892 fragori:

222 1011 297 1041 Ver.
314 1013 384 1042 746.
408 1013 576 1041 admiscent
594 1013 626 1041 ιή
643 1021 761 1050 corpus.
804 1009 907 1040 Simili

179 1062 334 1102 regimine
352 1062 515 1103 Virgilius,
533 1064 607 1093 ,Ἕω
624 1063 675 1093 xii.
690 1066 765 1094 714.

376 1143 438 1166 Fors
449 1145 476 1166 et
489 1142 577 1166 Virtus
588 1142 724 1166 miscentur
734 1142 759 1166 in
769 1148 860 1166 unum.

181 1211 360 1248 Creechius,
376 1211 428 1250 qui
445 1210 524 1240 nihil
539 1209 578 1240 de
593 1221 675 1249 penu
692 1210 816 1249 proprio
831 1210 905 1240 boni

177 1263 318 1302 protulit,
345 1262 542 1293 inscitissime
567 1262 737 1302 legendum
753 1261 906 1301 “proponit

177 1326 307 1355 corpore.

220 1367 301 1397 Ibid.
325 1368 426 1396 inane.
474 1365 546 1404 Ipse
562 1364 784 1404 Empedocles:

213 1461 276 1488 Ουδε
287 1472 310 1487 τι
322 1471 354 1487 τυ
366 1471 457 1489 ποινή-ος
471 1470 546 1487 nereo»
557 1466 630 1491 πελει,
643 1461 684 1487 υδε
701 1470 826 1496 περιρ-σον.

677 1524 905 1554 Bmumus.

174 1622 295 1652 Versus
313 1620 370 1650 iste
385 1619 500 1660 legitur
516 1619 600 1658 apud
624 1618 708 1649 Plut.
736 1618 813 1657 plac.
829 1618 904 1657 phil.

177 1673 197 1703 i.
216 1676 263 1703 18.
307 1672 351 1702 Et
376 1671 584 1712 quadraginta
605 1681 710 1700 versus
731 1677 904 1711 sequentes,

175 1725 235 1754 hoc
251 1723 383 1761 incluso,
400 1733 464 1752 non
479 1722 628 1762 leguntur
643 1721 676 1751 in
694 1722 743 1752 M.
761 1722 876 1752 codice.

216 1776 292 1805 Ver.
309 1777 382 1805 747.
407 1776 530 1804 Deinde
554 1775 651 1812 quod:
678 1773 775 1804 Vind.
800 1780 840 1804 Π.
869 1777 903 1804 Σ.

177 1830 321 1867 Denique
335 1834 379 1861 ee‚·
404 1827 445 1855 V.
461 1826 508 1855 ed.
532 1828 674 1863 Denique
689 1832 718 1855 et
732 1828 822 1865 quod.

220 1881 294 1909 Ver.
313 1878 542 1917 748.facz’unt.·
569 1877 663 1907 Vind.
680 1877 720 1907 V.
740 1877 787 1907 ed.
810 1877 846 1908 L.
865 1878 904 1908 Ο.

176 1938 214 1962 Δ.
234 1930 431 1971 1'1.fucient:
458 1929 834 1970 2.faciunt.—pawsam:
862 1936 905 1961 Π.

180 1988 214 2014 Σ.
232 1993 342 2021 pausa.

223 2033 303 2064 Ibid.
322 2044 462 2072 pausam.
503 2032 543 2062 In
565 2033 730 2072 propatulo
751 2039 825 2064 sunt
843 2035 902 2064 hu-

173 2085 261 2126 jusce
284 2084 428 2114 dictionis
450 2083 601 2122 exempla.
648 2084 708 2114 Sed
731 2095 771 2114 an
788 2085 904 2115 Accius

176 2135 260 2175 apud
291 2135 433 2165 Nonium
457 2135 497 2165 ad
523 2135 663 2166 Lucretii
687 2146 832 2167 normam
859 2137 903 2168 sic

175 2186 378 2226 corrigendus
390 2185 452 2217 est?

207 2278 258 2302 Sed
267 2279 322 2308 jam
335 2278 545 2309 Amphilochum
557 2279 610 2304 huc
621 2279 720 2305 vadere
730 2287 827 2312 cem03
844 2285 872 2306 et

207 2325 288 2348 Nobis
299 2328 348 2348 seat
358 2325 429 2349 bona
437 2328 520 2357 pausa
531 2326 667 2358 loquendi.

176 2403 296 2443 Vulgo,
320 2406 424 2440 datur,
448 2412 555 2435 contra
579 2406 664 2447 leges
694 2409 850 2447 carminis,
876 2410 902 2439 si

175 2456 270 2485 modo
286 2456 324 2485 sit
339 2457 570 2494 anapaesticum.
616 2459 745 2490 Addam
764 2461 900 2490 Arnobi-

176 2517 244 2544 um,
270 2507 321 2536 lib.
338 2518 364 2537 V.
389 2517 483 2546 quem
507 2509 682 2540 Lambinus
705 2511 903 2541 admovit:—

177 2562 200 2577 “
215 2569 289 2588 cum
303 2560 342 2588 ab
357 2560 445 2590 Jovis
466 2559 564 2598 ipsius
586 2561 760 2591 maledictis
782 2562 903 2592 nullam

175 2613 198 2630 “
209 2622 343 2650 pausam
356 2612 464 2650 facere
487 2612 535 2641 vel
551 2613 655 2652 exigui
671 2614 818 2653 temporis
833 2617 902 2656 qui-

176 2664 200 2679 “
217 2661 360 2692 veritis?''
413 2663 456 2692 Et
485 2673 523 2692 ex
546 2664 677 2694 Anthol.
700 2666 769 2696 Lat.
792 2667 901 2698 Burm.

175 2712 258 2753 epig.
285 2717 354 2743 250.
371 2713 422 2743 lib.
438 2714 476 2744 iv,

187 2803 249 2834 Jam
261 2803 338 2827 datus
350 2807 388 2828 est
400 2803 459 2828 finis
470 2805 546 2834 vitae,
555 2805 611 2836 jam
621 2808 703 2837 paum
715 2806 860 2837 malorum,

190 2842 280 2873 Vobis,
290 2850 354 2874 quas
366 2843 446 2870 habet
459 2845 522 2875 hoc,
540 2850 651 2878 gnatam
665 2850 847 2878 matremque,
863 2854 902 2873 se-

297 2883 432 2914 pulcrum.

996 1008 1076 1038 Ibid.
1088 1008 1234 1048 fragori:
1260 1008 1283 1038 i.
1306 1019 1331 1038 e.
1355 1008 1499 1040 fracturis
1525 1017 1556 1041 et
1581 1012 1680 1045 ruinis

953 1070 1132 1098 corporum:
1160 1066 1196 1089 ut
1211 1059 1249 1089 vi.
1269 1063 1338 1091 155.

969 1143 1099 1174 Denique,
1110 1151 1183 1175 saepe
1194 1144 1247 1176 geli
1257 1145 1358 1169 multus
1363 1145 1468 1178 fragor,
1480 1152 1562 1179 atque
1572 1149 1650 1174 ruina

968 1183 1120 1213 Grandinis,
1133 1185 1159 1208 in
1171 1186 1276 1216 magnis
1286 1186 1405 1210 sonitum
1418 1188 1464 1211 dat
1477 1189 1590 1213 nubibus
1601 1190 1670 1215 alte:

949 1257 968 1287 i.
984 1268 1009 1287 e.
1036 1258 1214 1298 gelatorum
1229 1260 1425 1301 fragminum
1441 1264 1576 1302 eruptio:
1603 1267 1682 1297 adeo

950 1314 985 1338 ut
999 1310 1118 1349 fragor
1144 1321 1200 1349 pro
1223 1315 1340 1352 crepitu
1358 1324 1421 1343 non
1439 1315 1479 1344 sit
1494 1316 1553 1346 nisi
1569 1328 1681 1349 secun-

950 1359 1036 1390 daria
1059 1362 1192 1401 hujusce
1215 1364 1358 1394 vocabuli
1382 1365 1583 1405 significati03
1607 1369 1683 1400 inde

951 1411 1054 1448 ducta,
1071 1413 1154 1453 quod
1170 1421 1260 1453 rupta
1278 1426 1407 1455 conpora
1417 1417 1535 1448 soleant
1547 1431 1682 1460 crepare.

953 1463 1105 1503 Isidorus,
1123 1466 1222 1506 origg.
1240 1467 1304 1497 xiii.
1326 1472 1373 1498 11.
1403 1474 1422 1486 “
1439 1472 1562 1511 Fragor
1573 1473 1681 1504 afrae-

951 1517 973 1531 “
990 1520 1094 1545 tarum
1110 1527 1216 1547 rerum
1232 1519 1416 1550 nominatus
1432 1528 1478 1551 est
1491 1525 1680 1555 sonitu—:‘'

949 1577 1043 1607 quem
1059 1567 1166 1598 locum
1188 1570 1311 1611 corrige
1336 1582 1373 1601 ex
1403 1573 1509 1604 Servio
1532 1575 1571 1605 ad
1587 1575 1679 1617 Virg.

948 1629 1015 1658 geo.
1034 1619 1055 1650 i'.
1072 1623 1147 1651 357.

991 1671 1065 1702 Ver.
1092 1674 1163 1704 749.
1182 1684 1343 1712 prorsum:
1380 1681 1420 1706 Π.
1438 1682 1681 1716 prorsus.—mz'-

948 1734 1093 1754 numum:
1123 1724 1161 1755 V.
1188 1725 1237 1755 ed.
1265 1729 1430 1763 'nimiruum
1460 1735 1504 1759 Ω.
1527 1732 1676 1762 nimium:

949 1773 988 1803 de
1018 1785 1153 1814 quorum
1190 1777 1412 1808 vocabulorum
1449 1782 1681 1818 permutatione

949 1826 1093 1855 consulas
1110 1827 1404 1858 Drakenborchium
1431 1830 1471 1860 ad
1494 1831 1561 1862 Liv.
1578 1833 1681 1864 xxxiv,

953 1879 999 1907 15.
1016 1881 1045 1907 6.
1069 1884 1098 1907 et
1115 1888 1172 1907 nos
1183 1889 1285 1917 supra,
1303 1890 1365 1910 ver.
1379 1884 1676 1923 616.—quidquam:

950 1927 989 1958 V.
1006 1929 1052 1959 ed.
1071 1930 1109 1960 O.
1126 1933 1239 1970 quz'vz't;
1266 1937 1306 1961 Π.
1328 1937 1363 1963 Σ.
1389 1934 1517 1972 quidvis.

991 1979 1067 2010 Ver.
1097 1983 1167 2012 750.
1201 1984 1374 2013 videamus:
1408 1984 1445 2013 B.
1469 1986 1572 2016 videas
1579 1988 1677 2018 a—z‘d.

950 2038 990 2061 Π.
1006 2034 1056 2062 ad.

992 2082 1073 2113 Ibid.
1095 2090 1258 2115 extremum
1275 2097 1431 2117 cacumen.
1468 2088 1574 2125 illm-o,
1601 2090 1677 2121 AEn.

947 2133 986 2164 vi.
1006 2138 1078 2165 678.

1142 2213 1239 2239 dehinc
1250 2221 1349 2239 summa
1361 2216 1494 2241 cacumina
1506 2217 1644 2249 linquunt.

991 2269 1063 2301 Ver.
1081 2273 1153 2302 752.
1177 2283 1230 2301 ex:
1258 2278 1303 2302 Ω.
1319 2275 1499 2312 et.——quod.·
1527 2273 1563 2303 B.
1583 2273 1621 2304 O.
1641 2278 1676 2305 Δ.

948 2328 992 2352 Ω.
1015 2334 1093 2362 quae.
1125 2323 1264 2358 Quidam
1279 2324 1412 2359 codices,
1428 2336 1506 2364 qzcoe.
1538 2324 1675 2362 Optime.

946 2373 1038 2403 Alias
1052 2374 1223 2414 legendum
1243 2385 1320 2413 esse,
1343 2376 1439 2405 habet.
1486 2379 1505 2393 “
1523 2376 1676 2406 Extrema

947 2428 968 2443 “
984 2426 1147 2455 cacumina
1162 2436 1329 2465 corporum
1341 2437 1462 2464 eorum,
1474 2437 1543 2467 quae
1554 2426 1676 2467 integra

947 2480 969 2495 “
985 2477 1087 2507 visum
1111 2478 1252 2518 fugiunt,
1275 2484 1349 2508 sunt
1364 2478 1471 2515 atomi,
1496 2484 1526 2507 et
1542 2478 1676 2509 minima

948 2532 970 2547 “
986 2529 1128 2559 natura.”
1174 2530 1402 2560 BENTLtms.

950 2580 1009 2609 Sed
1024 2579 1090 2610 viro
1113 2591 1237 2611 summo
1259 2580 1359 2610 nolim
1384 2579 1530 2620 equidem
1554 2582 1674 2611 obtem-

946 2642 1064 2671 perare,
1075 2644 1115 2662 ne
1124 2633 1261 2663 dilucide
1270 2632 1398 2673 quidem
1410 2632 1675 2664 constructionem

946 2684 1079 2723 propriae
1094 2685 1245 2722 lectionis,
1267 2685 1312 2714 ita
1326 2690 1362 2714 ut
1376 2684 1476 2714 verbis
1487 2685 1586 2723 po'eltae
1601 2695 1676 2715 con-

948 2736 1040 2771 cinat,
1065 2736 1244 2775 exponenti.
1291 2736 1342 2766 Ita
1363 2736 1466 2775 capias
1487 2742 1675 2768 structuram

945 2788 1095 2817 orationis
1118 2793 1149 2818 et
1171 2787 1306 2817 auctoris
1327 2794 1479 2818 mentem:
1507 2791 1530 2806 “
1547 2789 1605 2818 Est
1621 2799 1674 2818 ex-

947 2843 1124 2870 “tremum
1150 2839 1285 2870 crassius
1310 2850 1461 2871 cacumen
1484 2840 1675 2879 corporibus,

948 2893 971 2908 “
986 2890 1071 2931 quod
1086 2901 1144 2921 nos
1159 2891 1264 2922 videre
1278 2891 1418 2932 quimus:
1438 2891 1523 2922 unde
1538 2901 1674 2932 pronum
